{"id":"gen9vgc2026regi-2567720685","format":"[Gen 9] VGC 2026 Reg I","players":["O Cho Taku","casper427"],"log":"|j|\u2606O Cho Taku\n|j|\u2606casper427\n|t:|1774509890\n|gametype|doubles\n|player|p1|O Cho Taku|gambler|1296\n|player|p2|casper427|169|1308\n|gen|9\n|tier|[Gen 9] VGC 2026 Reg I\n|rated|\n|rule|Species Clause: Limit one of each Pok\u00e9mon\n|rule|Item Clause: Limit 1 of each item\n|clearpoke\n|poke|p1|Ho-Oh, L50|\n|poke|p1|Miraidon, L50|\n|poke|p1|Iron Hands, L50|\n|poke|p1|Farigiraf, L50, M|\n|poke|p1|Iron Bundle, L50|\n|poke|p1|Ditto, L50|\n|poke|p2|Calyrex-Ice, L50|\n|poke|p2|Ting-Lu, L50|\n|poke|p2|Urshifu-*, L50, F|\n|poke|p2|Miraidon, L50|\n|poke|p2|Incineroar, L50, F|\n|poke|p2|Volcarona, L50, F|\n|teampreview|4\n|\n|t:|1774509916\n|teamsize|p1|4\n|teamsize|p2|4\n|start\n|switch|p1a: Miraidon|Miraidon, L50|100/100\n|switch|p1b: Iron Bundle|Iron Bundle, L50|100/100\n|switch|p2a: Miraidon|Miraidon, L50, shiny|100/100\n|switch|p2b: Volcarona|Volcarona, L50, F, shiny|100/100\n|-fieldstart|move: Electric Terrain|[from] ability: Hadron Engine|[of] p2a: Miraidon\n|-activate|p1b: Iron Bundle|ability: Quark Drive\n|-start|p1b: Iron Bundle|quarkdrivespe\n|-activate|p1a: Miraidon|ability: Hadron Engine\n|turn|1\n|\n|t:|1774509932\n|switch|p2a: Ting-Lu|Ting-Lu, L50|100/100\n|-ability|p2a: Ting-Lu|Vessel of Ruin\n|-enditem|p2a: Ting-Lu|Electric Seed\n|-boost|p2a: Ting-Lu|def|1|[from] item: Electric Seed\n|move|p1b: Iron Bundle|Icy Wind|p2b: Volcarona|[spread] p2a,p2b\n|-supereffective|p2a: Ting-Lu\n|-resisted|p2b: Volcarona\n|-damage|p2a: Ting-Lu|80/100\n|-damage|p2b: Volcarona|93/100\n|-unboost|p2a: Ting-Lu|spe|1\n|-unboost|p2b: Volcarona|spe|1\n|move|p1a: Miraidon|Electro Drift|p2b: Volcarona\n|-damage|p2b: Volcarona|7/100\n|-damage|p1a: Miraidon|84/100|[from] item: Rocky Helmet|[of] p2b: Volcarona\n|-status|p1a: Miraidon|brn|[from] ability: Flame Body|[of] p2b: Volcarona\n|-damage|p1a: Miraidon|74/100 brn|[from] item: Life Orb\n|move|p2b: Volcarona|Struggle Bug|p1a: Miraidon|[spread] p1a,p1b\n|-damage|p1a: Miraidon|65/100 brn\n|-damage|p1b: Iron Bundle|72/100\n|-unboost|p1a: Miraidon|spa|1\n|-unboost|p1b: Iron Bundle|spa|1\n|\n|-damage|p1a: Miraidon|59/100 brn|[from] brn\n|upkeep\n|turn|2\n|\n|t:|1774509966\n|move|p1b: Iron Bundle|Freeze-Dry|p2a: Ting-Lu\n|-supereffective|p2a: Ting-Lu\n|-damage|p2a: Ting-Lu|54/100\n|move|p1a: Miraidon|Volt Switch|p2b: Volcarona\n|-damage|p2b: Volcarona|0 fnt\n|faint|p2b: Volcarona\n|-damage|p1a: Miraidon|49/100 brn|[from] item: Life Orb\n|\n|t:|1774509975\n|switch|p1a: Ho-Oh|Ho-Oh, L50|100/100|[from] Volt Switch\n|move|p2a: Ting-Lu|Sand Tomb|p1b: Iron Bundle|[miss]\n|-miss|p2a: Ting-Lu|p1b: Iron Bundle\n|\n|upkeep\n|\n|t:|1774509983\n|switch|p2b: Miraidon|Miraidon, L50, shiny|100/100\n|-activate|p2b: Miraidon|ability: Hadron Engine\n|turn|3\n|\n|t:|1774509999\n|switch|p1a: Ditto|Ditto, L50, shiny|100/100\n|-transform|p1a: Ditto|p2b: Miraidon|[from] ability: Imposter\n|-activate|p1a: Ditto|ability: Hadron Engine\n|-terastallize|p2b: Miraidon|Electric\n|move|p1b: Iron Bundle|Encore|p2a: Ting-Lu\n|-start|p2a: Ting-Lu|Encore\n|move|p2b: Miraidon|Volt Switch|p1a: Ditto\n|-resisted|p1a: Ditto\n|-damage|p1a: Ditto|82/100\n|\n|t:|1774510003\n|switch|p2b: Calyrex|Calyrex-Ice, L50|100/100|[from] Volt Switch\n|-ability|p2b: Calyrex|As One\n|-ability|p2b: Calyrex|Unnerve\n|move|p2a: Ting-Lu|Sand Tomb|p1b: Iron Bundle\n|-damage|p1b: Iron Bundle|56/100\n|-activate|p1b: Iron Bundle|move: Sand Tomb|[of] p2a: Ting-Lu\n|\n|-damage|p1b: Iron Bundle|44/100|[from] move: Sand Tomb|[partiallytrapped]\n|upkeep\n|turn|4\n|\n|t:|1774510035\n|move|p1b: Iron Bundle|Freeze-Dry|p2a: Ting-Lu\n|-supereffective|p2a: Ting-Lu\n|-damage|p2a: Ting-Lu|28/100\n|move|p1a: Ditto|Volt Switch|p2b: Calyrex\n|-damage|p2b: Calyrex|74/100\n|\n|t:|1774510043\n|switch|p1a: Ho-Oh|Ho-Oh, L50|100/100|[from] Volt Switch\n|move|p2b: Calyrex|Leech Seed|p1b: Iron Bundle\n|-start|p1b: Iron Bundle|move: Leech Seed\n|move|p2a: Ting-Lu|Sand Tomb|p1a: Ho-Oh\n|-immune|p1a: Ho-Oh\n|\n|-heal|p2b: Calyrex|80/100|[from] item: Leftovers\n|-damage|p1b: Iron Bundle|32/100|[from] Leech Seed|[of] p2b: Calyrex\n|-heal|p2b: Calyrex|87/100|[silent]\n|-damage|p1b: Iron Bundle|20/100|[from] move: Sand Tomb|[partiallytrapped]\n|upkeep\n|turn|5\n|\n|t:|1774510075\n|move|p1b: Iron Bundle|Freeze-Dry|p2a: Ting-Lu\n|-supereffective|p2a: Ting-Lu\n|-damage|p2a: Ting-Lu|0 fnt\n|faint|p2a: Ting-Lu\n|move|p1a: Ho-Oh|Sacred Fire|p2b: Calyrex\n|-supereffective|p2b: Calyrex\n|-crit|p2b: Calyrex\n|-damage|p2b: Calyrex|3/100\n|move|p2b: Calyrex|Leech Seed|p1a: Ho-Oh\n|-start|p1a: Ho-Oh|move: Leech Seed\n|\n|-heal|p2b: Calyrex|9/100|[from] item: Leftovers\n|-damage|p1b: Iron Bundle|7/100|[from] Leech Seed|[of] p2b: Calyrex\n|-heal|p2b: Calyrex|17/100|[silent]\n|-damage|p1a: Ho-Oh|88/100|[from] Leech Seed|[of] p2b: Calyrex\n|-heal|p2b: Calyrex|29/100|[silent]\n|-end|p1b: Iron Bundle|Sand Tomb|[partiallytrapped]|[silent]\n|-fieldend|move: Electric Terrain\n|-end|p1b: Iron Bundle|Quark Drive\n|upkeep\n|\n|t:|1774510085\n|switch|p2a: Miraidon|Miraidon, L50, shiny, tera:Electric|100/100\n|-fieldstart|move: Electric Terrain|[from] ability: Hadron Engine|[of] p2a: Miraidon\n|-activate|p1b: Iron Bundle|ability: Quark Drive\n|-start|p1b: Iron Bundle|quarkdrivespe\n|turn|6\n|\n|t:|1774510123\n|move|p1a: Ho-Oh|Protect|p1a: Ho-Oh\n|-singleturn|p1a: Ho-Oh|Protect\n|move|p1b: Iron Bundle|Encore|p2b: Calyrex\n|-start|p2b: Calyrex|Encore\n|move|p2a: Miraidon|Draco Meteor|p1a: Ho-Oh\n|-activate|p1a: Ho-Oh|move: Protect\n|move|p2b: Calyrex|Leech Seed|p1a: Ho-Oh\n|-activate|p1a: Ho-Oh|move: Protect\n|\n|-heal|p2b: Calyrex|35/100|[from] item: Leftovers\n|-damage|p1b: Iron Bundle|0 fnt|[from] Leech Seed|[of] p2b: Calyrex\n|-heal|p2b: Calyrex|40/100|[silent]\n|faint|p1b: Iron Bundle\n|-end|p1b: Iron Bundle|Quark Drive|[silent]\n|-damage|p1a: Ho-Oh|76/100|[from] Leech Seed|[of] p2b: Calyrex\n|-heal|p2b: Calyrex|52/100|[silent]\n|upkeep\n|\n|t:|1774510140\n|switch|p1b: Ditto|Ditto, L50, shiny|82/100\n|-transform|p1b: Ditto|p2a: Miraidon|[from] ability: Imposter\n|-activate|p1b: Ditto|ability: Hadron Engine\n|turn|7\n|c|\u2606casper427|Huh\n|c|\u2606casper427|How did i click leech seed\n|c|\u2606casper427|And how am i encored\n|c|\u2606casper427|I clicked protect\n|\n|t:|1774510166\n|-terastallize|p1a: Ho-Oh|Grass\n|move|p2a: Miraidon|Draco Meteor|p1b: Ditto\n|-supereffective|p1b: Ditto\n|-damage|p1b: Ditto|0 fnt\n|-unboost|p2a: Miraidon|spa|2\n|faint|p1b: Ditto\n|move|p1a: Ho-Oh|Tailwind|p1a: Ho-Oh\n|-sidestart|p1: O Cho Taku|move: Tailwind\n|move|p2b: Calyrex|Leech Seed|p1a: Ho-Oh\n|-immune|p1a: Ho-Oh\n|\n|-heal|p2b: Calyrex|58/100|[from] item: Leftovers\n|-damage|p1a: Ho-Oh|63/100|[from] Leech Seed|[of] p2b: Calyrex\n|-heal|p2b: Calyrex|71/100|[silent]\n|upkeep\n|c|\u2606O Cho Taku|Iron Bundle used Encore!\n|\n|t:|1774510180\n|switch|p1b: Miraidon|Miraidon, L50|49/100 brn\n|-activate|p1b: Miraidon|ability: Hadron Engine\n|turn|8\n|c|\u2606casper427|How though\n|c|\u2606casper427|Does encore go through protect\n|c|\u2606casper427|Thats pretty broken\n|\n|t:|1774510207\n|move|p1b: Miraidon|Electro Drift|p2b: Calyrex\n|-damage|p2b: Calyrex|3/100\n|-damage|p1b: Miraidon|39/100 brn|[from] item: Life Orb\n|move|p2a: Miraidon|Draco Meteor|p1b: Miraidon\n|-supereffective|p1b: Miraidon\n|-damage|p1b: Miraidon|0 fnt\n|-unboost|p2a: Miraidon|spa|2\n|faint|p1b: Miraidon\n|move|p1a: Ho-Oh|Sacred Fire|p2a: Miraidon\n|-damage|p2a: Miraidon|51/100\n|-status|p2a: Miraidon|brn\n|move|p2b: Calyrex|Leech Seed|p1a: Ho-Oh\n|-immune|p1a: Ho-Oh\n|\n|-heal|p2b: Calyrex|9/100|[from] item: Leftovers\n|-damage|p1a: Ho-Oh|51/100|[from] Leech Seed|[of] p2b: Calyrex\n|-heal|p2b: Calyrex|21/100|[silent]\n|-damage|p2a: Miraidon|45/100 brn|[from] brn\n|-end|p2b: Calyrex|Encore\n|upkeep\n|turn|9\n|\n|t:|1774510223\n|move|p2b: Calyrex|Protect|p2b: Calyrex\n|-singleturn|p2b: Calyrex|Protect\n|move|p2a: Miraidon|Draco Meteor|p1a: Ho-Oh\n|-damage|p1a: Ho-Oh|32/100\n|-unboost|p2a: Miraidon|spa|2\n|move|p1a: Ho-Oh|Sacred Fire|p2b: Calyrex\n|-activate|p2b: Calyrex|move: Protect\n|\n|-heal|p2b: Calyrex|27/100|[from] item: Leftovers\n|-damage|p1a: Ho-Oh|19/100|[from] Leech Seed|[of] p2b: Calyrex\n|-heal|p2b: Calyrex|40/100|[silent]\n|-damage|p2a: Miraidon|39/100 brn|[from] brn\n|upkeep\n|turn|10\n|\n|t:|1774510236\n|move|p2a: Miraidon|Draco Meteor|p1a: Ho-Oh\n|-crit|p1a: Ho-Oh\n|-damage|p1a: Ho-Oh|0 fnt\n|faint|p1a: Ho-Oh\n|\n|win|casper427\n|raw|O Cho Taku's rating: 1296 &rarr; <strong>1272</strong><br />(-24 for losing)\n|raw|casper427's rating: 1308 &rarr; <strong>1327</strong><br />(+19 for winning)\n|l|\u2606O Cho Taku\n|player|p1|\n|c|\u2606casper427|ggs\n|l|\u2606casper427\n|player|p2|\n","uploadtime":1774510507,"views":11,"formatid":"gen9vgc2026regi","rating":1272,"private":0,"password":null}