{"id":"gen9vgc2026regi-2586759052","format":"[Gen 9] VGC 2026 Reg I","players":["Ritmonardo","castiel123"],"log":"|j|\u2606Ritmonardo\n|j|\u2606castiel123\n|t:|1776457648\n|gametype|doubles\n|player|p1|Ritmonardo|102|1338\n|player|p2|castiel123|102|1306\n|gen|9\n|tier|[Gen 9] VGC 2026 Reg I\n|rated|\n|rule|Species Clause: Limit one of each Pok\u00e9mon\n|rule|Item Clause: Limit 1 of each item\n|clearpoke\n|poke|p1|Calyrex-Shadow, L50|\n|poke|p1|Weezing-Galar, L50, M|\n|poke|p1|Whimsicott, L50, F|\n|poke|p1|Urshifu-*, L50, F|\n|poke|p1|Incineroar, L50, F|\n|poke|p1|Flutter Mane, L50|\n|poke|p2|Zamazenta-*, L50|\n|poke|p2|Annihilape, L50, M|\n|poke|p2|Whimsicott, L50, M|\n|poke|p2|Flutter Mane, L50|\n|poke|p2|Amoonguss, L50, F|\n|poke|p2|Terapagos, L50, M|\n|teampreview|4\n|inactive|Battle timer is ON: inactive players will automatically lose when time's up. (requested by castiel123)\n|\n|t:|1776457753\n|teamsize|p1|4\n|teamsize|p2|4\n|start\n|switch|p1a: Whimsicott|Whimsicott, L50, F|100/100\n|switch|p1b: Calyrex|Calyrex-Shadow, L50|100/100\n|switch|p2a: Annihilape|Annihilape, L50, M|100/100\n|switch|p2b: Flutter Mane|Flutter Mane, L50|100/100\n|-ability|p1b: Calyrex|As One\n|-ability|p1b: Calyrex|Unnerve\n|-enditem|p2b: Flutter Mane|Booster Energy\n|-activate|p2b: Flutter Mane|ability: Protosynthesis|[fromitem]\n|-start|p2b: Flutter Mane|protosynthesisspe\n|turn|1\n|\n|t:|1776457777\n|-end|p2b: Flutter Mane|Protosynthesis|[silent]\n|switch|p2b: Terapagos|Terapagos, L50, M|100/100\n|-activate|p2b: Terapagos|ability: Tera Shift\n|detailschange|p2b: Terapagos|Terapagos-Terastal, L50, M\n|-heal|p2b: Terapagos|100/100|[silent]\n|-terastallize|p2a: Annihilape|Grass\n|-terastallize|p1b: Calyrex|Fighting\n|move|p1a: Whimsicott|Tailwind|p1a: Whimsicott\n|-sidestart|p1: Ritmonardo|move: Tailwind\n|move|p1b: Calyrex|Astral Barrage|p2a: Annihilape|[spread] p2a\n|-immune|p2b: Terapagos\n|-damage|p2a: Annihilape|34/100\n|-damage|p1b: Calyrex|91/100|[from] item: Life Orb\n|move|p2a: Annihilape|Rage Fist|p1b: Calyrex\n|-damage|p1b: Calyrex|47/100\n|\n|upkeep\n|turn|2\n|inactive|castiel123 has 30 seconds left.\n|\n|t:|1776457804\n|switch|p2a: Zamazenta|Zamazenta-Crowned, L50|100/100\n|-ability|p2a: Zamazenta|Dauntless Shield|boost\n|-boost|p2a: Zamazenta|def|1\n|move|p1b: Calyrex|Protect|p1b: Calyrex\n|-singleturn|p1b: Calyrex|Protect\n|move|p1a: Whimsicott|Moonblast|p2a: Zamazenta\n|-damage|p2a: Zamazenta|79/100\n|move|p2b: Terapagos|Tera Starstorm|p1b: Calyrex\n|-activate|p1b: Calyrex|move: Protect\n|\n|upkeep\n|turn|3\n|\n|t:|1776457820\n|move|p1b: Calyrex|Tera Blast|p2a: Zamazenta|[anim] Tera Blast Fighting\n|-supereffective|p2a: Zamazenta\n|-damage|p2a: Zamazenta|1/100\n|-damage|p1b: Calyrex|37/100|[from] item: Life Orb\n|move|p1a: Whimsicott|Moonblast|p2b: Terapagos\n|-activate|p2b: Terapagos|ability: Tera Shell\n|-resisted|p2b: Terapagos\n|-damage|p2b: Terapagos|87/100\n|move|p2a: Zamazenta|Behemoth Bash|p1a: Whimsicott\n|-supereffective|p1a: Whimsicott\n|-damage|p1a: Whimsicott|0 fnt\n|faint|p1a: Whimsicott\n|move|p2b: Terapagos|Tera Starstorm|p1b: Calyrex\n|-damage|p1b: Calyrex|0 fnt\n|faint|p1b: Calyrex\n|\n|-heal|p2b: Terapagos|93/100|[from] item: Leftovers\n|upkeep\n|\n|t:|1776457826\n|switch|p1b: Urshifu|Urshifu-Rapid-Strike, L50, F|100/100\n|switch|p1a: Flutter Mane|Flutter Mane, L50|100/100\n|-enditem|p1a: Flutter Mane|Booster Energy\n|-activate|p1a: Flutter Mane|ability: Protosynthesis|[fromitem]\n|-start|p1a: Flutter Mane|protosynthesisspe\n|turn|4\n|\n|t:|1776457850\n|switch|p2b: Flutter Mane|Flutter Mane, L50|100/100\n|move|p1a: Flutter Mane|Dazzling Gleam|p2b: Flutter Mane|[spread] p2a,p2b\n|-damage|p2a: Zamazenta|0 fnt\n|-damage|p2b: Flutter Mane|70/100\n|faint|p2a: Zamazenta\n|move|p1b: Urshifu|Close Combat|p2b: Flutter Mane\n|-immune|p2b: Flutter Mane\n|\n|-sideend|p1: Ritmonardo|move: Tailwind\n|upkeep\n|\n|t:|1776457860\n|switch|p2a: Annihilape|Annihilape, L50, M, tera:Grass|34/100\n|turn|5\n|\n|t:|1776457868\n|move|p1a: Flutter Mane|Shadow Ball|p2b: Flutter Mane\n|-supereffective|p2b: Flutter Mane\n|-damage|p2b: Flutter Mane|0 fnt\n|faint|p2b: Flutter Mane\n|-end|p2b: Flutter Mane|Protosynthesis|[silent]\n|move|p1b: Urshifu|Close Combat|p2a: Annihilape\n|-damage|p2a: Annihilape|0 fnt\n|-unboost|p1b: Urshifu|def|1\n|-unboost|p1b: Urshifu|spd|1\n|faint|p2a: Annihilape\n|\n|upkeep\n|\n|t:|1776457871\n|switch|p2b: Terapagos|Terapagos-Terastal, L50, M|93/100\n|turn|6\n|-message|castiel123 forfeited.\n|\n|win|Ritmonardo\n|raw|Ritmonardo's rating: 1338 &rarr; <strong>1356</strong><br />(+18 for winning)\n|raw|castiel123's rating: 1306 &rarr; <strong>1288</strong><br />(-18 for losing)\n|l|\u2606castiel123\n|player|p2|\n|l|\u2606Ritmonardo\n|player|p1|\n","uploadtime":1776458085,"views":10,"formatid":"gen9vgc2026regi","rating":1288,"private":0,"password":null}