{"id":"gen9vgc2026regi-2589832773","format":"[Gen 9] VGC 2026 Reg I","players":["BTS best","jj11j1"],"log":"|j|\u2606BTS best\n|j|\u2606jj11j1\n|t:|1776765103\n|gametype|doubles\n|player|p1|BTS best|firebreather|1202\n|player|p2|jj11j1|1|1410\n|gen|9\n|tier|[Gen 9] VGC 2026 Reg I\n|rated|\n|rule|Species Clause: Limit one of each Pok\u00e9mon\n|rule|Item Clause: Limit 1 of each item\n|clearpoke\n|poke|p1|Calyrex-Ice, L50|\n|poke|p1|Miraidon, L50|\n|poke|p1|Urshifu-*, L50, M|\n|poke|p1|Whimsicott, L50, F|\n|poke|p1|Iron Hands, L50|\n|poke|p1|Flutter Mane, L50|\n|poke|p2|Ho-Oh, L50|\n|poke|p2|Calyrex-Ice, L50|\n|poke|p2|Overqwil, L50, M|\n|poke|p2|Ting-Lu, L50|\n|poke|p2|Rillaboom, L50, M|\n|poke|p2|Ogerpon-Wellspring, L50, F|\n|teampreview|4\n|inactive|Battle timer is ON: inactive players will automatically lose when time's up. (requested by BTS best)\n|inactive|BTS best has 60 seconds left.\n|\n|t:|1776765149\n|teamsize|p1|4\n|teamsize|p2|4\n|start\n|switch|p1a: Whimsicott|Whimsicott, L50, F|100/100\n|switch|p1b: Calyrex|Calyrex-Ice, L50|100/100\n|switch|p2a: Ting-Lu|Ting-Lu, L50|100/100\n|switch|p2b: Calyrex|Calyrex-Ice, L50|100/100\n|-ability|p1b: Calyrex|As One\n|-ability|p1b: Calyrex|Unnerve\n|-ability|p2b: Calyrex|As One\n|-ability|p2b: Calyrex|Unnerve\n|-ability|p2a: Ting-Lu|Vessel of Ruin\n|turn|1\n|inactive|BTS best has 30 seconds left.\n|inactive|jj11j1 has 30 seconds left.\n|inactive|jj11j1 has 20 seconds left.\n|inactive|BTS best has 20 seconds left.\n|inactive|BTS best has 15 seconds left.\n|\n|t:|1776765195\n|move|p1a: Whimsicott|Moonblast|p2b: Calyrex\n|-damage|p2b: Calyrex|87/100\n|move|p1b: Calyrex|Glacial Lance|p2a: Ting-Lu|[spread] p2a,p2b\n|-supereffective|p2a: Ting-Lu\n|-resisted|p2b: Calyrex\n|-damage|p2a: Ting-Lu|3/100\n|-damage|p2b: Calyrex|64/100\n|move|p2a: Ting-Lu|Throat Chop|p1b: Calyrex\n|-supereffective|p1b: Calyrex\n|-damage|p1b: Calyrex|15/100\n|-start|p1b: Calyrex|Throat Chop|[silent]\n|move|p2b: Calyrex|Leech Seed|p1b: Calyrex\n|-start|p1b: Calyrex|move: Leech Seed\n|\n|-heal|p2b: Calyrex|70/100|[from] item: Leftovers\n|-damage|p1b: Calyrex|3/100|[from] Leech Seed|[of] p2b: Calyrex\n|-heal|p2b: Calyrex|80/100|[silent]\n|upkeep\n|turn|2\n|inactive|BTS best has 30 seconds left.\n|inactive|jj11j1 has 30 seconds left.\n|inactive|BTS best has 20 seconds left.\n|inactive|BTS best has 15 seconds left.\n|inactive|BTS best has 10 seconds left.\n|\n|t:|1776765240\n|move|p1a: Whimsicott|Encore|p2b: Calyrex\n|-start|p2b: Calyrex|Encore\n|move|p1b: Calyrex|Glacial Lance|p2b: Calyrex|[spread] p2a,p2b\n|-supereffective|p2a: Ting-Lu\n|-resisted|p2b: Calyrex\n|-damage|p2a: Ting-Lu|0 fnt\n|-damage|p2b: Calyrex|57/100\n|faint|p2a: Ting-Lu\n|-ability|p1b: Calyrex|Chilling Neigh|boost\n|-boost|p1b: Calyrex|atk|1\n|move|p2b: Calyrex|Leech Seed|p1a: Whimsicott\n|-immune|p1a: Whimsicott\n|\n|-heal|p2b: Calyrex|63/100|[from] item: Leftovers\n|-damage|p1b: Calyrex|0 fnt|[from] Leech Seed|[of] p2b: Calyrex\n|-heal|p2b: Calyrex|65/100|[silent]\n|faint|p1b: Calyrex\n|upkeep\n|\n|t:|1776765258\n|switch|p1b: Urshifu|Urshifu-Rapid-Strike, L50, M|100/100\n|switch|p2a: Rillaboom|Rillaboom, L50, M|100/100\n|-fieldstart|move: Grassy Terrain|[from] ability: Grassy Surge|[of] p2a: Rillaboom\n|turn|3\n|inactive|jj11j1 has 30 seconds left.\n|\n|t:|1776765291\n|switch|p1b: Miraidon|Miraidon, L50|100/100\n|-fieldstart|move: Electric Terrain|[from] ability: Hadron Engine|[of] p1b: Miraidon\n|move|p2a: Rillaboom|Fake Out|p1b: Miraidon\n|-damage|p1b: Miraidon|87/100\n|move|p1a: Whimsicott|Moonblast|p2a: Rillaboom\n|-damage|p2a: Rillaboom|83/100\n|move|p2b: Calyrex|Leech Seed|p1b: Miraidon|[miss]\n|-miss|p2b: Calyrex|p1b: Miraidon\n|\n|-heal|p2b: Calyrex|71/100|[from] item: Leftovers\n|upkeep\n|turn|4\n|\n|t:|1776765314\n|switch|p2a: Ho-Oh|Ho-Oh, L50|100/100\n|move|p1a: Whimsicott|Tailwind|p1a: Whimsicott\n|-sidestart|p1: BTS best|move: Tailwind\n|move|p1b: Miraidon|Overheat|p2a: Ho-Oh\n|-resisted|p2a: Ho-Oh\n|-damage|p2a: Ho-Oh|73/100\n|-unboost|p1b: Miraidon|spa|2\n|move|p2b: Calyrex|Leech Seed|p1b: Miraidon\n|-start|p1b: Miraidon|move: Leech Seed\n|\n|-heal|p2b: Calyrex|76/100|[from] item: Leftovers\n|-damage|p1b: Miraidon|75/100|[from] Leech Seed|[of] p2b: Calyrex\n|-heal|p2b: Calyrex|86/100|[silent]\n|-end|p2b: Calyrex|Encore\n|upkeep\n|turn|5\n|inactive|BTS best has 30 seconds left.\n|inactive|jj11j1 has 30 seconds left.\n|\n|t:|1776765347\n|switch|p1b: Urshifu|Urshifu-Rapid-Strike, L50, M|100/100\n|switch|p2b: Rillaboom|Rillaboom, L50, M|83/100\n|-fieldstart|move: Grassy Terrain|[from] ability: Grassy Surge|[of] p2b: Rillaboom\n|move|p1a: Whimsicott|Encore||[still]\n|-fail|p1a: Whimsicott\n|move|p2a: Ho-Oh|Sacred Fire|p1a: Whimsicott\n|-supereffective|p1a: Whimsicott\n|-damage|p1a: Whimsicott|25/100\n|\n|-heal|p1a: Whimsicott|31/100|[from] Grassy Terrain\n|-heal|p2b: Rillaboom|88/100|[from] Grassy Terrain\n|upkeep\n|turn|6\n|inactive|BTS best has 30 seconds left.\n|inactive|BTS best has 20 seconds left.\n|inactive|BTS best has 15 seconds left.\n|\n|t:|1776765389\n|switch|p2a: Calyrex|Calyrex-Ice, L50|86/100\n|-ability|p2a: Calyrex|As One\n|-ability|p2a: Calyrex|Unnerve\n|move|p2b: Rillaboom|Fake Out|p1b: Urshifu\n|-crit|p1b: Urshifu\n|-damage|p1b: Urshifu|79/100\n|cant|p1b: Urshifu|flinch\n|move|p1a: Whimsicott|Endeavor|p2b: Rillaboom\n|-damage|p2b: Rillaboom|25/100\n|\n|-heal|p1b: Urshifu|84/100|[from] Grassy Terrain\n|-heal|p1a: Whimsicott|37/100|[from] Grassy Terrain\n|-heal|p2b: Rillaboom|31/100|[from] Grassy Terrain\n|-heal|p2a: Calyrex|92/100|[from] Grassy Terrain\n|-heal|p2a: Calyrex|98/100|[from] item: Leftovers\n|upkeep\n|turn|7\n|inactive|BTS best has 30 seconds left.\n|inactive|jj11j1 has 30 seconds left.\n|inactive|BTS best has 20 seconds left.\n|inactive|jj11j1 has 20 seconds left.\n|\n|t:|1776765427\n|move|p1a: Whimsicott|Encore|p2b: Rillaboom\n|-start|p2b: Rillaboom|Encore\n|move|p1b: Urshifu|Close Combat|p2a: Calyrex\n|-damage|p2a: Calyrex|63/100\n|-unboost|p1b: Urshifu|def|1\n|-unboost|p1b: Urshifu|spd|1\n|move|p2b: Rillaboom|Fake Out||[still]\n|-hint|Fake Out only works on your first turn out.\n|-fail|p2b: Rillaboom\n|move|p2a: Calyrex|Leech Seed|p1b: Urshifu\n|-start|p1b: Urshifu|move: Leech Seed\n|\n|-heal|p1b: Urshifu|90/100|[from] Grassy Terrain\n|-heal|p1a: Whimsicott|43/100|[from] Grassy Terrain\n|-heal|p2b: Rillaboom|37/100|[from] Grassy Terrain\n|-heal|p2a: Calyrex|69/100|[from] Grassy Terrain\n|-heal|p2a: Calyrex|75/100|[from] item: Leftovers\n|-damage|p1b: Urshifu|78/100|[from] Leech Seed|[of] p2a: Calyrex\n|-heal|p2a: Calyrex|85/100|[silent]\n|-sideend|p1: BTS best|move: Tailwind\n|upkeep\n|turn|8\n|inactive|BTS best has 30 seconds left.\n|inactive|jj11j1 has 30 seconds left.\n|\n|t:|1776765455\n|switch|p2b: Ho-Oh|Ho-Oh, L50|100/100\n|-terastallize|p1b: Urshifu|Fighting\n|move|p1a: Whimsicott|Encore|p2a: Calyrex\n|-start|p2a: Calyrex|Encore\n|move|p1b: Urshifu|Close Combat|p2b: Ho-Oh\n|-resisted|p2b: Ho-Oh\n|-damage|p2b: Ho-Oh|73/100\n|-unboost|p1b: Urshifu|def|1\n|-unboost|p1b: Urshifu|spd|1\n|-damage|p1b: Urshifu|62/100|[from] item: Rocky Helmet|[of] p2b: Ho-Oh\n|move|p2a: Calyrex|Leech Seed||[still]\n|-fail|p2a: Calyrex\n|\n|-heal|p1b: Urshifu|67/100|[from] Grassy Terrain\n|-heal|p1a: Whimsicott|49/100|[from] Grassy Terrain\n|-heal|p2a: Calyrex|91/100|[from] Grassy Terrain\n|-heal|p2a: Calyrex|97/100|[from] item: Leftovers\n|-damage|p1b: Urshifu|55/100|[from] Leech Seed|[of] p2a: Calyrex\n|-heal|p2a: Calyrex|100/100|[silent]\n|upkeep\n|turn|9\n|inactive|BTS best has 30 seconds left.\n|inactive|jj11j1 has 30 seconds left.\n|\n|t:|1776765485\n|switch|p1b: Miraidon|Miraidon, L50|75/100\n|-fieldstart|move: Electric Terrain|[from] ability: Hadron Engine|[of] p1b: Miraidon\n|switch|p2a: Rillaboom|Rillaboom, L50, M|37/100\n|-fieldstart|move: Grassy Terrain|[from] ability: Grassy Surge|[of] p2a: Rillaboom\n|-terastallize|p2b: Ho-Oh|Fairy\n|move|p1a: Whimsicott|Endeavor|p2a: Rillaboom\n|-immune|p2a: Rillaboom\n|move|p2b: Ho-Oh|Sacred Fire|p1a: Whimsicott\n|-supereffective|p1a: Whimsicott\n|-damage|p1a: Whimsicott|0 fnt\n|faint|p1a: Whimsicott\n|\n|-heal|p1b: Miraidon|81/100|[from] Grassy Terrain\n|-heal|p2b: Ho-Oh|79/100|[from] Grassy Terrain\n|-heal|p2a: Rillaboom|43/100|[from] Grassy Terrain\n|upkeep\n|\n|t:|1776765506\n|switch|p1a: Urshifu|Urshifu-Rapid-Strike, L50, M, tera:Fighting|55/100\n|turn|10\n|\n|t:|1776765525\n|move|p2a: Rillaboom|Fake Out|p1b: Miraidon\n|-damage|p1b: Miraidon|68/100\n|move|p1a: Urshifu|Surging Strikes|p2b: Ho-Oh\n|-crit|p2b: Ho-Oh\n|-damage|p2b: Ho-Oh|66/100\n|-damage|p1a: Urshifu|39/100|[from] item: Rocky Helmet|[of] p2b: Ho-Oh\n|-crit|p2b: Ho-Oh\n|-damage|p2b: Ho-Oh|52/100\n|-damage|p1a: Urshifu|22/100|[from] item: Rocky Helmet|[of] p2b: Ho-Oh\n|-crit|p2b: Ho-Oh\n|-damage|p2b: Ho-Oh|38/100\n|-damage|p1a: Urshifu|6/100|[from] item: Rocky Helmet|[of] p2b: Ho-Oh\n|-hitcount|p2b: Ho-Oh|3\n|cant|p1b: Miraidon|flinch\n|move|p2b: Ho-Oh|Sacred Fire|p1b: Miraidon\n|-resisted|p1b: Miraidon\n|-damage|p1b: Miraidon|47/100\n|-status|p1b: Miraidon|brn\n|\n|-heal|p1a: Urshifu|11/100|[from] Grassy Terrain\n|-heal|p1b: Miraidon|52/100 brn|[from] Grassy Terrain\n|-heal|p2b: Ho-Oh|44/100|[from] Grassy Terrain\n|-heal|p2a: Rillaboom|48/100|[from] Grassy Terrain\n|-damage|p1b: Miraidon|47/100 brn|[from] brn\n|upkeep\n|turn|11\n|inactive|BTS best has 30 seconds left.\n|inactive|jj11j1 has 30 seconds left.\n|\n|t:|1776765560\n|move|p1a: Urshifu|Surging Strikes|p2b: Ho-Oh\n|-crit|p2b: Ho-Oh\n|-damage|p2b: Ho-Oh|31/100\n|-damage|p1a: Urshifu|0 fnt|[from] item: Rocky Helmet|[of] p2b: Ho-Oh\n|faint|p1a: Urshifu\n|-hitcount|p2b: Ho-Oh|1\n|move|p1b: Miraidon|Overheat|p2a: Rillaboom\n|-supereffective|p2a: Rillaboom\n|-damage|p2a: Rillaboom|0 fnt\n|-unboost|p1b: Miraidon|spa|2\n|faint|p2a: Rillaboom\n|move|p2b: Ho-Oh|Sacred Fire|p1b: Miraidon\n|-resisted|p1b: Miraidon\n|-damage|p1b: Miraidon|23/100 brn\n|\n|-heal|p1b: Miraidon|28/100 brn|[from] Grassy Terrain\n|-heal|p2b: Ho-Oh|37/100|[from] Grassy Terrain\n|-damage|p1b: Miraidon|23/100 brn|[from] brn\n|upkeep\n|\n|t:|1776765578\n|switch|p2a: Calyrex|Calyrex-Ice, L50|100/100\n|-ability|p2a: Calyrex|As One\n|-ability|p2a: Calyrex|Unnerve\n|turn|12\n|\n|t:|1776765586\n|move|p1b: Miraidon|Overheat|p2a: Calyrex\n|-supereffective|p2a: Calyrex\n|-damage|p2a: Calyrex|57/100\n|-unboost|p1b: Miraidon|spa|2\n|move|p2b: Ho-Oh|Sacred Fire|p1b: Miraidon\n|-resisted|p1b: Miraidon\n|-damage|p1b: Miraidon|0 fnt\n|faint|p1b: Miraidon\n|\n|win|jj11j1\n|raw|BTS best's rating: 1202 &rarr; <strong>1190</strong><br />(-12 for losing)\n|raw|jj11j1's rating: 1410 &rarr; <strong>1419</strong><br />(+9 for winning)\n|l|\u2606jj11j1\n|player|p2|\n|l|\u2606BTS best\n|player|p1|\n","uploadtime":1776765838,"views":9,"formatid":"gen9vgc2026regi","rating":1190,"private":0,"password":null}