{"id":"gen9vgc2026regi-2521704026","format":"[Gen 9] VGC 2026 Reg I","players":["tong344","marcxhenry"],"log":"|j|\u2606tong344\n|j|\u2606marcxhenry\n|t:|1768811278\n|gametype|doubles\n|player|p1|tong344|n|1346\n|player|p2|marcxhenry|hilbert-wonderlauncher|1372\n|gen|9\n|tier|[Gen 9] VGC 2026 Reg I\n|rated|\n|rule|Species Clause: Limit one of each Pok\u00e9mon\n|rule|Item Clause: Limit 1 of each item\n|clearpoke\n|poke|p1|Kyogre, L50|\n|poke|p1|Whimsicott, L50, F|\n|poke|p1|Incineroar, L50, F|\n|poke|p1|Landorus, L50, M|\n|poke|p1|Calyrex-Ice, L50|\n|poke|p1|Indeedee-F, L50, F|\n|poke|p2|Calyrex-Shadow, L50|\n|poke|p2|Urshifu-*, L50, M|\n|poke|p2|Roaring Moon, L50|\n|poke|p2|Kyogre, L50|\n|poke|p2|Tsareena, L50, F|\n|poke|p2|Kingambit, L50, M|\n|teampreview|4\n|\n|t:|1768811331\n|teamsize|p1|4\n|teamsize|p2|4\n|start\n|switch|p1a: Indeedee|Indeedee-F, L50, F|100/100\n|switch|p1b: Calyrex|Calyrex-Ice, L50|100/100\n|switch|p2a: Ludwig|Calyrex-Shadow, L50|100/100\n|switch|p2b: Eva|Tsareena, L50, F, shiny|100/100\n|-ability|p2a: Ludwig|As One\n|-ability|p2a: Ludwig|Unnerve\n|-ability|p1b: Calyrex|As One\n|-ability|p1b: Calyrex|Unnerve\n|-fieldstart|move: Psychic Terrain|[from] ability: Psychic Surge|[of] p1a: Indeedee\n|turn|1\n|\n|t:|1768811360\n|switch|p2a: Hermann|Kingambit, L50, M, shiny|100/100\n|-terastallize|p2b: Eva|Water\n|-terastallize|p1b: Calyrex|Fairy\n|move|p2b: Eva|Power Whip|p1b: Calyrex|[miss]\n|-miss|p2b: Eva|p1b: Calyrex\n|move|p1b: Calyrex|Leech Seed|p2b: Eva\n|-start|p2b: Eva|move: Leech Seed\n|move|p1a: Indeedee|Trick Room|p1a: Indeedee\n|-fieldstart|move: Trick Room|[of] p1a: Indeedee\n|\n|-damage|p2b: Eva|88/100|[from] Leech Seed|[of] p1b: Calyrex\n|upkeep\n|turn|2\n|\n|t:|1768811386\n|move|p1a: Indeedee|Follow Me|p1a: Indeedee\n|-singleturn|p1a: Indeedee|move: Follow Me\n|move|p1b: Calyrex|Leech Seed|p2a: Hermann\n|-start|p2a: Hermann|move: Leech Seed\n|move|p2a: Hermann|Kowtow Cleave|p1a: Indeedee\n|-supereffective|p1a: Indeedee\n|-damage|p1a: Indeedee|0 fnt\n|faint|p1a: Indeedee\n|move|p2b: Eva|Taunt|p1b: Calyrex\n|-start|p1b: Calyrex|move: Taunt\n|\n|-damage|p2a: Hermann|88/100|[from] Leech Seed|[of] p1b: Calyrex\n|-damage|p2b: Eva|76/100|[from] Leech Seed|[of] p1b: Calyrex\n|upkeep\n|\n|t:|1768811401\n|switch|p1a: Whimsicott|Whimsicott, L50, F, shiny|100/100\n|turn|3\n|\n|t:|1768811412\n|move|p1a: Whimsicott|Helping Hand|p1b: Calyrex\n|-singleturn|p1b: Calyrex|Helping Hand|[of] p1a: Whimsicott\n|move|p1b: Calyrex|Glacial Lance|p2a: Hermann|[spread] p2a,p2b\n|-resisted|p2a: Hermann\n|-resisted|p2b: Eva\n|-damage|p2a: Hermann|54/100\n|-damage|p2b: Eva|21/100\n|move|p2a: Hermann|Iron Head|p1b: Calyrex\n|-supereffective|p1b: Calyrex\n|-damage|p1b: Calyrex|40/100\n|move|p2b: Eva|Triple Axel|p1a: Whimsicott\n|-supereffective|p1a: Whimsicott\n|-damage|p1a: Whimsicott|77/100\n|-supereffective|p1a: Whimsicott\n|-damage|p1a: Whimsicott|31/100\n|-supereffective|p1a: Whimsicott\n|-damage|p1a: Whimsicott|0 fnt\n|faint|p1a: Whimsicott\n|-hitcount|p1: Whimsicott|3\n|\n|-heal|p1b: Calyrex|45/100|[from] item: Leftovers\n|-damage|p2a: Hermann|42/100|[from] Leech Seed|[of] p1b: Calyrex\n|-heal|p1b: Calyrex|58/100|[silent]\n|-damage|p2b: Eva|9/100|[from] Leech Seed|[of] p1b: Calyrex\n|-heal|p1b: Calyrex|67/100|[silent]\n|upkeep\n|\n|t:|1768811435\n|switch|p1a: Kyogre|Kyogre, L50, shiny|100/100\n|-weather|RainDance|[from] ability: Drizzle|[of] p1a: Kyogre\n|turn|4\n|\n|t:|1768811442\n|move|p2b: Eva|Protect|p2b: Eva\n|-singleturn|p2b: Eva|Protect\n|move|p1b: Calyrex|Glacial Lance|p2a: Hermann|[spread] p2a\n|-activate|p2b: Eva|move: Protect\n|-resisted|p2a: Hermann\n|-damage|p2a: Hermann|18/100\n|move|p2a: Hermann|Iron Head|p1b: Calyrex\n|-supereffective|p1b: Calyrex\n|-damage|p1b: Calyrex|12/100\n|move|p1a: Kyogre|Water Spout|p2b: Eva|[spread] p2a\n|-activate|p2b: Eva|move: Protect\n|-damage|p2a: Hermann|0 fnt\n|faint|p2a: Hermann\n|\n|-weather|RainDance|[upkeep]\n|-heal|p1b: Calyrex|17/100|[from] item: Leftovers\n|-damage|p2b: Eva|0 fnt|[from] Leech Seed|[of] p1b: Calyrex\n|-heal|p1b: Calyrex|24/100|[silent]\n|faint|p2b: Eva\n|upkeep\n|\n|t:|1768811460\n|switch|p2a: Tripitz|Kyogre, L50, shiny|100/100\n|switch|p2b: Ludwig|Calyrex-Shadow, L50|100/100\n|-ability|p2b: Ludwig|As One\n|-ability|p2b: Ludwig|Unnerve\n|turn|5\n|\n|t:|1768811471\n|move|p2a: Tripitz|Protect|p2a: Tripitz\n|-singleturn|p2a: Tripitz|Protect\n|move|p2b: Ludwig|Protect|p2b: Ludwig\n|-singleturn|p2b: Ludwig|Protect\n|move|p1b: Calyrex|Glacial Lance|p2a: Tripitz|[spread] \n|-activate|p2a: Tripitz|move: Protect\n|-activate|p2b: Ludwig|move: Protect\n|move|p1a: Kyogre|Water Spout|p2a: Tripitz|[spread] \n|-activate|p2a: Tripitz|move: Protect\n|-activate|p2b: Ludwig|move: Protect\n|\n|-weather|RainDance|[upkeep]\n|-heal|p1b: Calyrex|29/100|[from] item: Leftovers\n|-end|p1b: Calyrex|move: Taunt\n|-fieldend|move: Trick Room\n|-fieldend|move: Psychic Terrain\n|upkeep\n|turn|6\n|\n|t:|1768811495\n|move|p2b: Ludwig|Astral Barrage|p1a: Kyogre|[spread] p1a,p1b\n|-damage|p1a: Kyogre|57/100\n|-damage|p1b: Calyrex|0 fnt\n|faint|p1b: Calyrex\n|-ability|p2b: Ludwig|Grim Neigh|boost\n|-boost|p2b: Ludwig|spa|1\n|move|p1a: Kyogre|Water Spout|p2a: Tripitz|[spread] p2a,p2b\n|-resisted|p2a: Tripitz\n|-damage|p2a: Tripitz|70/100\n|-damage|p2b: Ludwig|18/100\n|move|p2a: Tripitz|Water Spout|p1a: Kyogre\n|-resisted|p1a: Kyogre\n|-damage|p1a: Kyogre|12/100\n|\n|-weather|RainDance|[upkeep]\n|upkeep\n|turn|7\n|-message|tong344 forfeited.\n|\n|win|marcxhenry\n|raw|tong344's rating: 1346 &rarr; <strong>1327</strong><br />(-19 for losing)\n|raw|marcxhenry's rating: 1372 &rarr; <strong>1391</strong><br />(+19 for winning)\n|l|\u2606tong344\n|player|p1|\n|l|\u2606marcxhenry\n|player|p2|\n","uploadtime":1768811730,"views":12,"formatid":"gen9vgc2026regi","rating":1327,"private":0,"password":null}