{"id":"gen9vgc2026regi-2532211904","format":"[Gen 9] VGC 2026 Reg I","players":["alexit93","ethnol1816"],"log":"|j|\u2606alexit93\n|j|\u2606ethnol1816\n|t:|1770150342\n|gametype|doubles\n|player|p1|alexit93|lucas-gen4pt|1330\n|player|p2|ethnol1816|boarder|1374\n|gen|9\n|tier|[Gen 9] VGC 2026 Reg I\n|rated|\n|rule|Species Clause: Limit one of each Pok\u00e9mon\n|rule|Item Clause: Limit 1 of each item\n|clearpoke\n|poke|p1|Zamazenta-*, L50|\n|poke|p1|Riolu, L50, F|\n|poke|p1|Calyrex-Ice, L50|\n|poke|p1|Rillaboom, L50, M|\n|poke|p1|Incineroar, L50, M|\n|poke|p1|Urshifu-*, L50, M|\n|poke|p2|Miraidon, L50|\n|poke|p2|Calyrex-Ice, L50|\n|poke|p2|Urshifu-*, L50, M|\n|poke|p2|Smeargle, L50, F|\n|poke|p2|Ogerpon-Cornerstone, L50, F|\n|poke|p2|Gholdengo, L50|\n|teampreview|4\n|inactive|Battle timer is ON: inactive players will automatically lose when time's up. (requested by ethnol1816)\n|\n|t:|1770150370\n|teamsize|p1|4\n|teamsize|p2|4\n|start\n|switch|p1a: Calyrex|Calyrex-Ice, L50|100/100\n|switch|p1b: Riolu|Riolu, L50, F|100/100\n|switch|p2a: Sircicle|Calyrex-Ice, L50|100/100\n|switch|p2b: baguetter|Smeargle, L50, F, shiny|100/100\n|-ability|p2a: Sircicle|As One\n|-ability|p2a: Sircicle|Unnerve\n|-ability|p1a: Calyrex|As One\n|-ability|p1a: Calyrex|Unnerve\n|turn|1\n|\n|t:|1770150385\n|-terastallize|p2a: Sircicle|Water\n|move|p1b: Riolu|Quick Guard|p1b: Riolu\n|-singleturn|p1b: Riolu|Quick Guard\n|move|p2b: baguetter|Spore|p1b: Riolu\n|-status|p1b: Riolu|slp|[from] move: Spore\n|move|p2a: Sircicle|Glacial Lance|p1a: Calyrex|[spread] p1a,p1b\n|-resisted|p1a: Calyrex\n|-damage|p1a: Calyrex|83/100\n|-damage|p1b: Riolu|24/100 slp\n|move|p1a: Calyrex|Glacial Lance|p2a: Sircicle|[spread] p2a,p2b\n|-resisted|p2a: Sircicle\n|-damage|p2a: Sircicle|81/100\n|-enditem|p2b: baguetter|Focus Sash\n|-damage|p2b: baguetter|1/100\n|\n|-ability|p2b: baguetter|Moody|boost\n|-boost|p2b: baguetter|spe|2\n|-unboost|p2b: baguetter|atk|1\n|upkeep\n|turn|2\n|\n|t:|1770150394\n|switch|p1b: Incineroar|Incineroar, L50, M|100/100\n|-ability|p1b: Incineroar|Intimidate|boost\n|-fail|p2a: Sircicle|unboost|[from] item: Clear Amulet|[of] p2a: Sircicle\n|-unboost|p2b: baguetter|atk|1\n|move|p1a: Calyrex|Protect|p1a: Calyrex\n|-singleturn|p1a: Calyrex|Protect\n|move|p2b: baguetter|Spore|p1a: Calyrex\n|-activate|p1a: Calyrex|move: Protect\n|move|p2a: Sircicle|Glacial Lance|p1a: Calyrex|[spread] p1b\n|-activate|p1a: Calyrex|move: Protect\n|-resisted|p1b: Incineroar\n|-damage|p1b: Incineroar|78/100\n|\n|-ability|p2b: baguetter|Moody|boost\n|-boost|p2b: baguetter|spe|2\n|-unboost|p2b: baguetter|spd|1\n|upkeep\n|turn|3\n|\n|t:|1770150405\n|switch|p2b: Gholdengo|Gholdengo, L50|100/100\n|move|p1b: Incineroar|Fake Out|p2b: Gholdengo\n|-immune|p2b: Gholdengo\n|move|p2a: Sircicle|High Horsepower|p1a: Calyrex\n|-damage|p1a: Calyrex|58/100\n|move|p1a: Calyrex|Trick Room|p1a: Calyrex\n|-fieldstart|move: Trick Room|[of] p1a: Calyrex\n|\n|upkeep\n|turn|4\n|\n|t:|1770150421\n|-terastallize|p1a: Calyrex|Ground\n|move|p2b: Gholdengo|Protect|p2b: Gholdengo\n|-singleturn|p2b: Gholdengo|Protect\n|move|p1a: Calyrex|High Horsepower|p2b: Gholdengo\n|-activate|p2b: Gholdengo|move: Protect\n|move|p2a: Sircicle|High Horsepower|p1b: Incineroar\n|-supereffective|p1b: Incineroar\n|-damage|p1b: Incineroar|9/100\n|-damage|p2a: Sircicle|65/100|[from] item: Rocky Helmet|[of] p1b: Incineroar\n|move|p1b: Incineroar|Will-O-Wisp|p2a: Sircicle\n|-status|p2a: Sircicle|brn\n|\n|-damage|p2a: Sircicle|59/100 brn|[from] brn\n|upkeep\n|turn|5\n|\n|t:|1770150437\n|switch|p1b: Zamazenta|Zamazenta-Crowned, L50, shiny|100/100\n|-ability|p1b: Zamazenta|Dauntless Shield|boost\n|-boost|p1b: Zamazenta|def|1\n|switch|p2b: baguetter|Smeargle, L50, F, shiny|1/100\n|move|p1a: Calyrex|High Horsepower|p2b: baguetter\n|-damage|p2b: baguetter|0 fnt\n|faint|p2b: baguetter\n|-ability|p1a: Calyrex|Chilling Neigh|boost\n|-boost|p1a: Calyrex|atk|1\n|move|p2a: Sircicle|Trick Room|p2a: Sircicle\n|-fieldend|move: Trick Room\n|\n|-damage|p2a: Sircicle|53/100 brn|[from] brn\n|upkeep\n|\n|t:|1770150450\n|switch|p2b: Gholdengo|Gholdengo, L50|100/100\n|turn|6\n|\n|t:|1770150458\n|move|p2b: Gholdengo|Protect|p2b: Gholdengo\n|-singleturn|p2b: Gholdengo|Protect\n|move|p1a: Calyrex|Protect|p1a: Calyrex\n|-singleturn|p1a: Calyrex|Protect\n|move|p1b: Zamazenta|Body Press|p2a: Sircicle\n|-damage|p2a: Sircicle|4/100 brn\n|move|p2a: Sircicle|Glacial Lance|p1b: Zamazenta|[spread] p1b\n|-activate|p1a: Calyrex|move: Protect\n|-resisted|p1b: Zamazenta\n|-damage|p1b: Zamazenta|95/100\n|\n|-damage|p2a: Sircicle|0 fnt|[from] brn\n|faint|p2a: Sircicle\n|upkeep\n|\n|t:|1770150463\n|switch|p2a: kerplunk|Urshifu, L50, M|100/100\n|turn|7\n|\n|t:|1770150471\n|move|p1b: Zamazenta|Body Press|p2a: kerplunk\n|-supereffective|p2a: kerplunk\n|-damage|p2a: kerplunk|0 fnt\n|faint|p2a: kerplunk\n|move|p2b: Gholdengo|Nasty Plot|p2b: Gholdengo\n|-boost|p2b: Gholdengo|spa|2\n|move|p1a: Calyrex|High Horsepower|p2b: Gholdengo\n|-supereffective|p2b: Gholdengo\n|-damage|p2b: Gholdengo|0 fnt\n|faint|p2b: Gholdengo\n|\n|win|alexit93\n|raw|alexit93's rating: 1330 &rarr; <strong>1353</strong><br />(+23 for winning)\n|raw|ethnol1816's rating: 1374 &rarr; <strong>1351</strong><br />(-23 for losing)\n|l|\u2606ethnol1816\n|player|p2|\n|l|\u2606alexit93\n|player|p1|\n","uploadtime":1770150471,"views":18,"formatid":"gen9vgc2026regi","rating":1351,"private":0,"password":null}