{"id":"gen9vgc2026regi-2545467819","format":"[Gen 9] VGC 2026 Reg I","players":["ryo8989","kazu1003"],"log":"|j|\u2606ryo8989\n|j|\u2606kazu1003\n|t:|1771853449\n|gametype|doubles\n|player|p1|ryo8989|erika|1426\n|player|p2|kazu1003|ethan|1430\n|gen|9\n|tier|[Gen 9] VGC 2026 Reg I\n|rated|\n|rule|Species Clause: Limit one of each Pok\u00e9mon\n|rule|Item Clause: Limit 1 of each item\n|clearpoke\n|poke|p1|Calyrex-Shadow, L50|\n|poke|p1|Zamazenta-*, L50|\n|poke|p1|Raging Bolt, L50|\n|poke|p1|Tornadus, L50, M|\n|poke|p1|Urshifu-*, L50, M|\n|poke|p1|Indeedee-F, L50, F|\n|poke|p2|Miraidon, L50|\n|poke|p2|Calyrex-Ice, L50|\n|poke|p2|Incineroar, L50, M|\n|poke|p2|Urshifu-*, L50, M|\n|poke|p2|Whimsicott, L50, F|\n|poke|p2|Volcarona, L50, F|\n|teampreview|4\n|inactive|Battle timer is ON: inactive players will automatically lose when time's up. (requested by kazu1003)\n|inactive|kazu1003 has 60 seconds left.\n|\n|t:|1771853485\n|teamsize|p1|4\n|teamsize|p2|4\n|start\n|switch|p1a: Calyrex|Calyrex-Shadow, L50|100/100\n|switch|p1b: Indeedee|Indeedee-F, L50, F|100/100\n|switch|p2a: Urshifu|Urshifu, L50, M|100/100\n|switch|p2b: Whimsicott|Whimsicott, L50, F|100/100\n|-ability|p1a: Calyrex|As One\n|-ability|p1a: Calyrex|Unnerve\n|-fieldstart|move: Psychic Terrain|[from] ability: Psychic Surge|[of] p1b: Indeedee\n|turn|1\n|inactive|ryo8989 has 30 seconds left.\n|\n|t:|1771853520\n|switch|p1b: Zamazenta|Zamazenta-Crowned, L50, shiny|100/100\n|-ability|p1b: Zamazenta|Dauntless Shield|boost\n|-boost|p1b: Zamazenta|def|1\n|move|p2b: Whimsicott|Tailwind|p2b: Whimsicott\n|-sidestart|p2: kazu1003|move: Tailwind\n|move|p2a: Urshifu|Wicked Blow|p1a: Calyrex\n|-supereffective|p1a: Calyrex\n|-crit|p1a: Calyrex\n|-enditem|p1a: Calyrex|Focus Sash\n|-damage|p1a: Calyrex|1/100\n|move|p1a: Calyrex|Astral Barrage|p2b: Whimsicott|[spread] p2a,p2b\n|-resisted|p2a: Urshifu\n|-damage|p2a: Urshifu|56/100\n|-damage|p2b: Whimsicott|47/100\n|\n|upkeep\n|turn|2\n|\n|t:|1771853544\n|switch|p2b: Volcarona|Volcarona, L50, F, shiny|100/100\n|-terastallize|p2a: Urshifu|Ghost\n|move|p2a: Urshifu|Wicked Blow|p1a: Calyrex\n|-supereffective|p1a: Calyrex\n|-crit|p1a: Calyrex\n|-damage|p1a: Calyrex|0 fnt\n|faint|p1a: Calyrex\n|move|p1b: Zamazenta|Heavy Slam|p2b: Volcarona\n|-resisted|p2b: Volcarona\n|-damage|p2b: Volcarona|73/100\n|\n|upkeep\n|\n|t:|1771853556\n|switch|p1a: Indeedee|Indeedee-F, L50, F|100/100\n|turn|3\n|\n|t:|1771853569\n|-terastallize|p1a: Indeedee|Water\n|move|p2a: Urshifu|Wicked Blow|p1a: Indeedee\n|-crit|p1a: Indeedee\n|-damage|p1a: Indeedee|36/100\n|move|p2b: Volcarona|Flamethrower|p1b: Zamazenta\n|-supereffective|p1b: Zamazenta\n|-damage|p1b: Zamazenta|45/100\n|move|p1b: Zamazenta|Heavy Slam|p2a: Urshifu\n|-damage|p2a: Urshifu|10/100\n|move|p1a: Indeedee|Trick Room|p1a: Indeedee\n|-fieldstart|move: Trick Room|[of] p1a: Indeedee\n|\n|upkeep\n|turn|4\n|\n|t:|1771853588\n|move|p2b: Volcarona|Protect|p2b: Volcarona\n|-singleturn|p2b: Volcarona|Protect\n|move|p2a: Urshifu|Detect|p2a: Urshifu\n|-singleturn|p2a: Urshifu|Protect\n|move|p1a: Indeedee|Follow Me|p1a: Indeedee\n|-singleturn|p1a: Indeedee|move: Follow Me\n|move|p1b: Zamazenta|Heavy Slam|p2a: Urshifu\n|-activate|p2a: Urshifu|move: Protect\n|\n|-sideend|p2: kazu1003|move: Tailwind\n|upkeep\n|turn|5\n|\n|t:|1771853610\n|move|p1b: Zamazenta|Protect|p1b: Zamazenta\n|-singleturn|p1b: Zamazenta|Protect\n|move|p1a: Indeedee|Psychic|p2a: Urshifu\n|-damage|p2a: Urshifu|0 fnt\n|faint|p2a: Urshifu\n|move|p2b: Volcarona|Flamethrower|p1b: Zamazenta\n|-activate|p1b: Zamazenta|move: Protect\n|\n|-fieldend|move: Psychic Terrain\n|upkeep\n|\n|t:|1771853619\n|switch|p2a: Miraidon|Miraidon, L50, shiny|100/100\n|-fieldstart|move: Electric Terrain|[from] ability: Hadron Engine|[of] p2a: Miraidon\n|-enditem|p2b: Volcarona|Electric Seed\n|-boost|p2b: Volcarona|def|1|[from] item: Electric Seed\n|turn|6\n|\n|t:|1771853631\n|move|p2a: Miraidon|Protect|p2a: Miraidon\n|-singleturn|p2a: Miraidon|Protect\n|move|p1a: Indeedee|Follow Me|p1a: Indeedee\n|-singleturn|p1a: Indeedee|move: Follow Me\n|move|p2b: Volcarona|Struggle Bug|p1b: Zamazenta|[spread] p1a,p1b\n|-resisted|p1b: Zamazenta\n|-damage|p1a: Indeedee|19/100\n|-damage|p1b: Zamazenta|42/100\n|-unboost|p1a: Indeedee|spa|1\n|-unboost|p1b: Zamazenta|spa|1\n|move|p1b: Zamazenta|Body Press|p2a: Miraidon\n|-activate|p2a: Miraidon|move: Protect\n|\n|upkeep\n|turn|7\n|inactive|kazu1003 has 30 seconds left.\n|inactive|kazu1003 has 20 seconds left.\n|inactive|kazu1003 has 15 seconds left.\n|inactive|kazu1003 has 10 seconds left.\n|inactive|kazu1003 has 5 seconds left.\n|\n|t:|1771853684\n|switch|p2a: Whimsicott|Whimsicott, L50, F|47/100\n|move|p1a: Indeedee|Helping Hand|p1b: Zamazenta\n|-singleturn|p1b: Zamazenta|Helping Hand|[of] p1a: Indeedee\n|move|p2b: Volcarona|Flamethrower|p1b: Zamazenta\n|-supereffective|p1b: Zamazenta\n|-damage|p1b: Zamazenta|0 fnt\n|faint|p1b: Zamazenta\n|\n|-fieldend|move: Trick Room\n|upkeep\n|\n|t:|1771853695\n|switch|p1b: Urshifu|Urshifu-Rapid-Strike, L50, M|100/100\n|turn|8\n|inactive|kazu1003 has 30 seconds left.\n|inactive|kazu1003 has 20 seconds left.\n|\n|t:|1771853732\n|switch|p2b: Miraidon|Miraidon, L50, shiny|100/100\n|-activate|p2b: Miraidon|ability: Hadron Engine\n|move|p2a: Whimsicott|Moonblast|p1a: Indeedee\n|-damage|p1a: Indeedee|0 fnt\n|faint|p1a: Indeedee\n|move|p1b: Urshifu|Surging Strikes|p2b: Miraidon\n|-resisted|p2b: Miraidon\n|-crit|p2b: Miraidon\n|-damage|p2b: Miraidon|85/100\n|-resisted|p2b: Miraidon\n|-crit|p2b: Miraidon\n|-damage|p2b: Miraidon|68/100\n|-resisted|p2b: Miraidon\n|-crit|p2b: Miraidon\n|-damage|p2b: Miraidon|52/100\n|-hitcount|p2b: Miraidon|3\n|\n|upkeep\n|turn|9\n|-message|ryo8989 forfeited.\n|\n|win|kazu1003\n|raw|ryo8989's rating: 1426 &rarr; <strong>1406</strong><br />(-20 for losing)\n|raw|kazu1003's rating: 1430 &rarr; <strong>1450</strong><br />(+20 for winning)\n|l|\u2606ryo8989\n|player|p1|\n|l|\u2606kazu1003\n|player|p2|\n","uploadtime":1771853769,"views":14,"formatid":"gen9vgc2026regi","rating":1406,"private":0,"password":null}