{"id":"gen9vgc2026regi-2588967681","format":"[Gen 9] VGC 2026 Reg I","players":["avarussurava","24kpure"],"log":"|j|\u2606avarussurava\n|j|\u260624kpure\n|t:|1776690274\n|gametype|doubles\n|player|p1|avarussurava|170|1522\n|player|p2|24kpure|2|1541\n|gen|9\n|tier|[Gen 9] VGC 2026 Reg I\n|rated|\n|rule|Species Clause: Limit one of each Pok\u00e9mon\n|rule|Item Clause: Limit 1 of each item\n|clearpoke\n|poke|p1|Tyranitar, L50, F|\n|poke|p1|Kyogre, L50|\n|poke|p1|Zamazenta-*, L50|\n|poke|p1|Gastrodon, L50, F|\n|poke|p1|Sinistcha, L50|\n|poke|p1|Ceruledge, L50, F|\n|poke|p2|Muk-Alola, L50, F|\n|poke|p2|Smeargle, L50, M|\n|poke|p2|Rillaboom, L50, M|\n|poke|p2|Flamigo, L50, F|\n|poke|p2|Koraidon, L50|\n|poke|p2|Incineroar, L50, F|\n|teampreview|4\n|inactive|Battle timer is ON: inactive players will automatically lose when time's up. (requested by 24kpure)\n|\n|t:|1776690299\n|teamsize|p1|4\n|teamsize|p2|4\n|start\n|switch|p1a: Zamazenta|Zamazenta-Crowned, L50|100/100\n|switch|p1b: Ceruledge|Ceruledge, L50, F|100/100\n|switch|p2a: Muk|Muk-Alola, L50, F|100/100\n|switch|p2b: Smeargle|Smeargle, L50, M|100/100\n|-ability|p1a: Zamazenta|Dauntless Shield|boost\n|-boost|p1a: Zamazenta|def|1\n|turn|1\n|\n|t:|1776690310\n|move|p2b: Smeargle|Fake Out|p1a: Zamazenta\n|-resisted|p1a: Zamazenta\n|-damage|p1a: Zamazenta|99/100\n|cant|p1a: Zamazenta|flinch\n|move|p1b: Ceruledge|Bitter Blade|p2b: Smeargle\n|-enditem|p2b: Smeargle|Focus Sash\n|-damage|p2b: Smeargle|1/100\n|move|p2a: Muk|Minimize|p2a: Muk\n|-boost|p2a: Muk|evasion|2\n|\n|-ability|p2b: Smeargle|Moody|boost\n|-boost|p2b: Smeargle|atk|2\n|-unboost|p2b: Smeargle|spe|1\n|upkeep\n|turn|2\n|\n|t:|1776690328\n|move|p2b: Smeargle|Follow Me|p2b: Smeargle\n|-singleturn|p2b: Smeargle|move: Follow Me\n|move|p1a: Zamazenta|Body Press|p2b: Smeargle\n|-supereffective|p2b: Smeargle\n|-damage|p2b: Smeargle|0 fnt\n|faint|p2b: Smeargle\n|-ability|p2a: Muk|Moody|Power of Alchemy|[from] ability: Power of Alchemy|[of] p2b: Smeargle\n|move|p1b: Ceruledge|Bitter Blade|p2a: Muk\n|-damage|p2a: Muk|62/100\n|move|p2a: Muk|Minimize|p2a: Muk\n|-boost|p2a: Muk|evasion|2\n|\n|-heal|p2a: Muk|68/100|[from] item: Leftovers\n|-ability|p2a: Muk|Moody|boost\n|-boost|p2a: Muk|atk|2\n|-unboost|p2a: Muk|def|1\n|upkeep\n|\n|t:|1776690337\n|switch|p2b: Koraidon|Koraidon, L50|100/100\n|-weather|SunnyDay|[from] ability: Orichalcum Pulse|[of] p2b: Koraidon\n|-activate|p2b: Koraidon|Orichalcum Pulse|[source]\n|turn|3\n|\n|t:|1776690348\n|-terastallize|p1a: Zamazenta|Ground\n|move|p2b: Koraidon|Collision Course|p1a: Zamazenta\n|-damage|p1a: Zamazenta|72/100\n|move|p1a: Zamazenta|Iron Defense|p1a: Zamazenta\n|-boost|p1a: Zamazenta|def|2\n|move|p1b: Ceruledge|Bulk Up|p1b: Ceruledge\n|-boost|p1b: Ceruledge|atk|1\n|-boost|p1b: Ceruledge|def|1\n|move|p2a: Muk|Knock Off|p1b: Ceruledge\n|-supereffective|p1b: Ceruledge\n|-damage|p1b: Ceruledge|0 fnt\n|-enditem|p1b: Ceruledge|Safety Goggles|[from] move: Knock Off|[of] p2a: Muk\n|faint|p1b: Ceruledge\n|\n|-weather|SunnyDay|[upkeep]\n|-heal|p2a: Muk|75/100|[from] item: Leftovers\n|-ability|p2a: Muk|Moody|boost\n|-boost|p2a: Muk|def|2\n|-unboost|p2a: Muk|spe|1\n|upkeep\n|\n|t:|1776690366\n|switch|p1b: Sinistcha|Sinistcha, L50|100/100\n|-heal|p1a: Zamazenta|97/100|[from] ability: Hospitality|[of] p1b: Sinistcha\n|turn|4\n|\n|t:|1776690385\n|switch|p1b: Gastrodon|Gastrodon, L50, F|100/100\n|move|p2b: Koraidon|Collision Course|p1a: Zamazenta\n|-damage|p1a: Zamazenta|79/100\n|move|p1a: Zamazenta|Body Press|p2b: Koraidon\n|-damage|p2b: Koraidon|0 fnt\n|faint|p2b: Koraidon\n|move|p2a: Muk|Toxic|p1a: Zamazenta\n|-status|p1a: Zamazenta|tox\n|\n|-weather|SunnyDay|[upkeep]\n|-heal|p2a: Muk|81/100|[from] item: Leftovers\n|-damage|p1a: Zamazenta|73/100 tox|[from] psn\n|-ability|p2a: Muk|Moody|boost\n|-boost|p2a: Muk|def|2\n|-unboost|p2a: Muk|spe|1\n|upkeep\n|\n|t:|1776690393\n|switch|p2b: Flamigo|Flamigo, L50, F|100/100\n|-copyboost|p2b: Flamigo|p2a: Muk|[from] ability: Costar\n|turn|5\n|\n|t:|1776690407\n|move|p2b: Flamigo|Protect|p2b: Flamigo\n|-singleturn|p2b: Flamigo|Protect\n|move|p2a: Muk|Protect|p2a: Muk\n|-singleturn|p2a: Muk|Protect\n|move|p1a: Zamazenta|Body Press|p2b: Flamigo\n|-activate|p2b: Flamigo|move: Protect\n|move|p1b: Gastrodon|Clear Smog|p2b: Flamigo\n|-activate|p2b: Flamigo|move: Protect\n|\n|-weather|SunnyDay|[upkeep]\n|-heal|p2a: Muk|87/100|[from] item: Leftovers\n|-damage|p1a: Zamazenta|61/100 tox|[from] psn\n|-ability|p2a: Muk|Moody|boost\n|-boost|p2a: Muk|spd|2\n|-unboost|p2a: Muk|atk|1\n|upkeep\n|turn|6\n|inactive|24kpure has 30 seconds left.\n|inactive|24kpure has 20 seconds left.\n|inactive|avarussurava has 30 seconds left.\n|\n|t:|1776690451\n|move|p1a: Zamazenta|Body Press|p2a: Muk|[miss]\n|-miss|p1a: Zamazenta|p2a: Muk\n|move|p2b: Flamigo|Brave Bird|p1b: Gastrodon\n|-damage|p1b: Gastrodon|0 fnt\n|faint|p1b: Gastrodon\n|-damage|p2b: Flamigo|55/100|[from] Recoil\n|move|p2a: Muk|Knock Off|p1a: Zamazenta\n|-damage|p1a: Zamazenta|52/100 tox\n|\n|-weather|SunnyDay|[upkeep]\n|-heal|p2a: Muk|93/100|[from] item: Leftovers\n|-damage|p1a: Zamazenta|34/100 tox|[from] psn\n|-ability|p2a: Muk|Moody|boost\n|-boost|p2a: Muk|atk|2\n|-unboost|p2a: Muk|def|1\n|upkeep\n|-message|avarussurava forfeited.\n|\n|win|24kpure\n|raw|avarussurava's rating: 1522 &rarr; <strong>1503</strong><br />(-19 for losing)\n|raw|24kpure's rating: 1541 &rarr; <strong>1560</strong><br />(+19 for winning)\n|l|\u2606avarussurava\n|player|p1|\n|c|\u260624kpure|too slow\n|l|\u260624kpure\n|player|p2|\n","uploadtime":1776690665,"views":13,"formatid":"gen9vgc2026regi","rating":1503,"private":0,"password":null}