{"id":"gen9vgc2026regi-2584623508","format":"[Gen 9] VGC 2026 Reg I","players":["mosca9876","lalo's pollos"],"log":"|j|\u2606mosca9876\n|j|\u2606lalo's pollos\n|t:|1776272784\n|gametype|doubles\n|player|p1|mosca9876|2|1363\n|player|p2|lalo's pollos|1|1586\n|gen|9\n|tier|[Gen 9] VGC 2026 Reg I\n|rated|\n|rule|Species Clause: Limit one of each Pok\u00e9mon\n|rule|Item Clause: Limit 1 of each item\n|clearpoke\n|poke|p1|Koraidon, L50|\n|poke|p1|Lunala, L50|\n|poke|p1|Brute Bonnet, L50|\n|poke|p1|Chi-Yu, L50|\n|poke|p1|Ursaluna, L50, F|\n|poke|p1|Flutter Mane, L50|\n|poke|p2|Miraidon, L50|\n|poke|p2|Landorus, L50, M|\n|poke|p2|Incineroar, L50, M|\n|poke|p2|Iron Bundle, L50|\n|poke|p2|Farigiraf, L50, M|\n|poke|p2|Calyrex-Ice, L50|\n|teampreview|4\n|\n|t:|1776272818\n|teamsize|p1|4\n|teamsize|p2|4\n|start\n|switch|p1a: Koraidon|Koraidon, L50|100/100\n|switch|p1b: Flutter Mane|Flutter Mane, L50|100/100\n|switch|p2a: Co-Star|Miraidon, L50|100/100\n|switch|p2b: the Star|Iron Bundle, L50|100/100\n|-fieldstart|move: Electric Terrain|[from] ability: Hadron Engine|[of] p2a: Co-Star\n|-activate|p2b: the Star|ability: Quark Drive\n|-start|p2b: the Star|quarkdrivespe\n|-weather|SunnyDay|[from] ability: Orichalcum Pulse|[of] p1a: Koraidon\n|-activate|p1b: Flutter Mane|ability: Protosynthesis\n|-start|p1b: Flutter Mane|protosynthesisspe\n|-activate|p1a: Koraidon|Orichalcum Pulse|[source]\n|turn|1\n|\n|t:|1776272828\n|move|p1a: Koraidon|Protect|p1a: Koraidon\n|-singleturn|p1a: Koraidon|Protect\n|move|p2b: the Star|Icy Wind|p1b: Flutter Mane|[spread] \n|-activate|p1a: Koraidon|move: Protect\n|-miss|p2b: the Star|p1b: Flutter Mane\n|move|p1b: Flutter Mane|Icy Wind|p2a: Co-Star|[spread] p2a,p2b\n|-supereffective|p2a: Co-Star\n|-resisted|p2b: the Star\n|-damage|p2a: Co-Star|72/100\n|-damage|p2b: the Star|93/100\n|-unboost|p2a: Co-Star|spe|1\n|-unboost|p2b: the Star|spe|1\n|move|p2a: Co-Star|Electro Drift|p1b: Flutter Mane\n|-enditem|p1b: Flutter Mane|Focus Sash\n|-damage|p1b: Flutter Mane|1/100\n|\n|-weather|SunnyDay|[upkeep]\n|upkeep\n|turn|2\n|c|\u2606lalo's pollos|alright\n|\n|t:|1776272854\n|-terastallize|p1a: Koraidon|Fire\n|move|p1b: Flutter Mane|Dazzling Gleam|p2a: Co-Star|[spread] p2a,p2b\n|-supereffective|p2a: Co-Star\n|-damage|p2a: Co-Star|14/100\n|-damage|p2b: the Star|26/100\n|move|p1a: Koraidon|Flame Charge|p2b: the Star\n|-damage|p2b: the Star|0 fnt\n|-boost|p1a: Koraidon|spe|1\n|faint|p2b: the Star\n|-end|p2b: the Star|Quark Drive|[silent]\n|-damage|p1a: Koraidon|91/100|[from] item: Life Orb\n|move|p2a: Co-Star|Electro Drift|p1a: Koraidon\n|-damage|p1a: Koraidon|0 fnt\n|faint|p1a: Koraidon\n|\n|-weather|SunnyDay|[upkeep]\n|upkeep\n|\n|t:|1776272869\n|switch|p2b: Calyrex|Calyrex-Ice, L50|100/100\n|switch|p1a: Chi-Yu|Chi-Yu, L50|100/100\n|-ability|p2b: Calyrex|As One\n|-ability|p2b: Calyrex|Unnerve\n|-ability|p1a: Chi-Yu|Beads of Ruin\n|turn|3\n|\n|t:|1776272884\n|-terastallize|p2b: Calyrex|Water\n|move|p1b: Flutter Mane|Dazzling Gleam|p2b: Calyrex|[spread] p2a,p2b\n|-supereffective|p2a: Co-Star\n|-damage|p2a: Co-Star|0 fnt\n|-damage|p2b: Calyrex|70/100\n|faint|p2a: Co-Star\n|move|p1a: Chi-Yu|Heat Wave|p2b: Calyrex\n|-resisted|p2b: Calyrex\n|-damage|p2b: Calyrex|35/100\n|move|p2b: Calyrex|Trick Room|p2b: Calyrex\n|-fieldstart|move: Trick Room|[of] p2b: Calyrex\n|\n|-weather|SunnyDay|[upkeep]\n|upkeep\n|\n|t:|1776272889\n|switch|p2a: Landorus|Landorus, L50, M|100/100\n|turn|4\n|\n|t:|1776272907\n|move|p1b: Flutter Mane|Protect|p1b: Flutter Mane\n|-singleturn|p1b: Flutter Mane|Protect\n|move|p2b: Calyrex|Glacial Lance|p1b: Flutter Mane|[spread] p1a\n|-activate|p1b: Flutter Mane|move: Protect\n|-resisted|p1a: Chi-Yu\n|-damage|p1a: Chi-Yu|47/100\n|move|p2a: Landorus|Earth Power|p1a: Chi-Yu\n|-supereffective|p1a: Chi-Yu\n|-damage|p1a: Chi-Yu|0 fnt\n|faint|p1a: Chi-Yu\n|\n|-weather|SunnyDay|[upkeep]\n|upkeep\n|\n|t:|1776272912\n|switch|p1a: Lunala|Lunala, L50|100/100\n|turn|5\n|\n|t:|1776272931\n|move|p1a: Lunala|Wide Guard|p1a: Lunala\n|-singleturn|p1a: Lunala|Wide Guard\n|move|p2b: Calyrex|High Horsepower|p1b: Flutter Mane\n|-damage|p1b: Flutter Mane|0 fnt\n|faint|p1b: Flutter Mane\n|-end|p1b: Flutter Mane|Protosynthesis|[silent]\n|-ability|p2b: Calyrex|Chilling Neigh|boost\n|-boost|p2b: Calyrex|atk|1\n|move|p2a: Landorus|Earth Power|p1a: Lunala\n|-damage|p1a: Lunala|77/100\n|\n|-weather|none\n|-fieldend|move: Electric Terrain\n|upkeep\n|turn|6\n|\n|t:|1776272943\n|move|p2b: Calyrex|Glacial Lance|p1a: Lunala\n|-damage|p1a: Lunala|2/100\n|move|p1a: Lunala|Meteor Beam||[still]\n|-prepare|p1a: Lunala|Meteor Beam\n|-boost|p1a: Lunala|spa|1\n|-enditem|p1a: Lunala|Power Herb\n|-anim|p1a: Lunala|Meteor Beam|p2a: Landorus\n|-damage|p2a: Landorus|35/100\n|move|p2a: Landorus|Earth Power|p1a: Lunala\n|-damage|p1a: Lunala|0 fnt\n|faint|p1a: Lunala\n|\n|win|lalo's pollos\n|raw|mosca9876's rating: 1363 &rarr; <strong>1354</strong><br />(-9 for losing)\n|raw|lalo&apos;s pollos's rating: 1586 &rarr; <strong>1595</strong><br />(+9 for winning)\n|l|\u2606mosca9876\n|player|p1|\n","uploadtime":1776272954,"views":13,"formatid":"gen9vgc2026regi","rating":1354,"private":0,"password":null}