{"id":"gen9vgc2026regi-2558265156","format":"[Gen 9] VGC 2026 Reg I","players":["PATRIOTS_VG","Night10_0"],"log":"|j|\u2606PATRIOTS_VG\n|j|\u2606Night10_0\n|t:|1773418836\n|gametype|doubles\n|player|p1|PATRIOTS_VG|drayden|1074\n|player|p2|Night10_0|veteranf|1152\n|gen|9\n|tier|[Gen 9] VGC 2026 Reg I\n|rated|\n|rule|Species Clause: Limit one of each Pok\u00e9mon\n|rule|Item Clause: Limit 1 of each item\n|clearpoke\n|poke|p1|Tornadus, L50, M|\n|poke|p1|Calyrex-Shadow, L50|\n|poke|p1|Terapagos, L50, M|\n|poke|p1|Amoonguss, L50, F|\n|poke|p1|Iron Hands, L50|\n|poke|p1|Urshifu-*, L50, M|\n|poke|p2|Gardevoir, L50, F|\n|poke|p2|Gallade, L50, M|\n|poke|p2|Maushold-Four, L50|\n|poke|p2|Hatterene, L50, F|\n|poke|p2|Indeedee-F, L50, F|\n|poke|p2|Amoonguss, L50, F|\n|teampreview|4\n|inactive|Battle timer is ON: inactive players will automatically lose when time's up. (requested by Night10_0)\n|c|\u2606Night10_0|Glhf\n|inactive|PATRIOTS_VG has 60 seconds left.\n|\n|t:|1773418874\n|teamsize|p1|4\n|teamsize|p2|4\n|start\n|switch|p1a: Calyrex|Calyrex-Shadow, L50|100/100\n|switch|p1b: Terapagos|Terapagos, L50, M|100/100\n|switch|p2a: Gallade|Gallade, L50, M, shiny|100/100\n|switch|p2b: Maushold|Maushold-Four, L50|100/100\n|-activate|p1b: Terapagos|ability: Tera Shift\n|detailschange|p1b: Terapagos|Terapagos-Terastal, L50, M\n|-heal|p1b: Terapagos|100/100|[silent]\n|-ability|p1a: Calyrex|As One\n|-ability|p1a: Calyrex|Unnerve\n|turn|1\n|\n|t:|1773418892\n|-terastallize|p2a: Gallade|Steel\n|move|p1a: Calyrex|Psychic|p2a: Gallade\n|-resisted|p2a: Gallade\n|-damage|p2a: Gallade|77/100\n|move|p2b: Maushold|Beat Up|p2a: Gallade\n|-damage|p2a: Gallade|71/100\n|-ability|p2a: Gallade|Justified|boost\n|-boost|p2a: Gallade|atk|1\n|-damage|p2a: Gallade|66/100\n|-ability|p2a: Gallade|Justified|boost\n|-boost|p2a: Gallade|atk|1\n|-damage|p2a: Gallade|62/100\n|-ability|p2a: Gallade|Justified|boost\n|-boost|p2a: Gallade|atk|1\n|-damage|p2a: Gallade|57/100\n|-ability|p2a: Gallade|Justified|boost\n|-boost|p2a: Gallade|atk|1\n|-hitcount|p2a: Gallade|4\n|move|p2a: Gallade|Leaf Blade|p1a: Calyrex\n|-enditem|p1a: Calyrex|Focus Sash\n|-damage|p1a: Calyrex|1/100\n|move|p1b: Terapagos|Tera Starstorm|p2a: Gallade\n|-resisted|p2a: Gallade\n|-damage|p2a: Gallade|33/100\n|\n|upkeep\n|turn|2\n|\n|t:|1773418916\n|move|p1a: Calyrex|Astral Barrage|p2b: Maushold|[spread] p2a\n|-immune|p2b: Maushold\n|-damage|p2a: Gallade|0 fnt\n|faint|p2a: Gallade\n|-ability|p1a: Calyrex|Grim Neigh|boost\n|-boost|p1a: Calyrex|spa|1\n|move|p2b: Maushold|Population Bomb|p1b: Terapagos\n|-activate|p1b: Terapagos|ability: Tera Shell\n|-resisted|p1b: Terapagos\n|-damage|p1b: Terapagos|97/100\n|-resisted|p1b: Terapagos\n|-damage|p1b: Terapagos|94/100\n|-resisted|p1b: Terapagos\n|-damage|p1b: Terapagos|91/100\n|-hitcount|p1b: Terapagos|3\n|move|p1b: Terapagos|Tera Starstorm|p2b: Maushold\n|-damage|p2b: Maushold|22/100\n|\n|-heal|p1b: Terapagos|97/100|[from] item: Leftovers\n|upkeep\n|\n|t:|1773418923\n|switch|p2a: Amoonguss|Amoonguss, L50, F, shiny|100/100\n|turn|3\n|\n|t:|1773418935\n|move|p1a: Calyrex|Astral Barrage|p2b: Maushold|[spread] p2a\n|-immune|p2b: Maushold\n|-crit|p2a: Amoonguss\n|-damage|p2a: Amoonguss|28/100\n|move|p2b: Maushold|Thunder Wave|p1b: Terapagos\n|-status|p1b: Terapagos|par\n|move|p1b: Terapagos|Tera Starstorm|p2a: Amoonguss\n|-damage|p2a: Amoonguss|0 fnt\n|faint|p2a: Amoonguss\n|\n|-heal|p1b: Terapagos|100/100 par|[from] item: Leftovers\n|upkeep\n|\n|t:|1773418946\n|switch|p2a: Gardevoir|Gardevoir, L50, F|100/100\n|turn|4\n|\n|t:|1773418952\n|move|p2a: Gardevoir|Protect|p2a: Gardevoir\n|-singleturn|p2a: Gardevoir|Protect\n|move|p1a: Calyrex|Psychic|p2b: Maushold\n|-damage|p2b: Maushold|0 fnt\n|faint|p2b: Maushold\n|-ability|p1a: Calyrex|Grim Neigh|boost\n|-boost|p1a: Calyrex|spa|1\n|move|p1b: Terapagos|Tera Starstorm|p2a: Gardevoir\n|-activate|p2a: Gardevoir|move: Protect\n|\n|upkeep\n|turn|5\n|-message|Night10_0 forfeited.\n|\n|win|PATRIOTS_VG\n|raw|PATRIOTS_VG's rating: 1074 &rarr; <strong>1109</strong><br />(+35 for winning)\n|raw|Night10_0's rating: 1152 &rarr; <strong>1121</strong><br />(-31 for losing)\n|l|\u2606Night10_0\n|player|p2|\n|l|\u2606PATRIOTS_VG\n|player|p1|\n","uploadtime":1773419122,"views":18,"formatid":"gen9vgc2026regi","rating":1109,"private":0,"password":null}