{"id":"gen9vgc2026regi-2529161954","format":"[Gen 9] VGC 2026 Reg I","players":["VJ2511","no89"],"log":"|j|\u2606VJ2511\n|j|\u2606no89\n|t:|1769745998\n|gametype|doubles\n|player|p1|VJ2511|red-masters3|1446\n|player|p2|no89|pokemonbreeder-gen4|1434\n|gen|9\n|tier|[Gen 9] VGC 2026 Reg I\n|rated|\n|rule|Species Clause: Limit one of each Pok\u00e9mon\n|rule|Item Clause: Limit 1 of each item\n|clearpoke\n|poke|p1|Calyrex-Shadow, L50|\n|poke|p1|Zamazenta-*, L50|\n|poke|p1|Chien-Pao, L50|\n|poke|p1|Dragonite, L50, M|\n|poke|p1|Raging Bolt, L50|\n|poke|p1|Amoonguss, L50, F|\n|poke|p2|Ho-Oh, L50|\n|poke|p2|Zamazenta-*, L50|\n|poke|p2|Rillaboom, L50, M|\n|poke|p2|Ogerpon-Cornerstone, L50, F|\n|poke|p2|Flutter Mane, L50|\n|poke|p2|Chi-Yu, L50|\n|teampreview|4\n|inactive|Battle timer is ON: inactive players will automatically lose when time's up. (requested by VJ2511)\n|inactive|VJ2511 has 60 seconds left.\n|\n|t:|1769746032\n|teamsize|p1|4\n|teamsize|p2|4\n|start\n|switch|p1a: Zamazenta|Zamazenta-Crowned, L50|100/100\n|switch|p1b: Raging Bolt|Raging Bolt, L50|100/100\n|switch|p2a: Ogerpon|Ogerpon-Cornerstone, L50, F|100/100\n|switch|p2b: Chi-Yu|Chi-Yu, L50|100/100\n|-ability|p2b: Chi-Yu|Beads of Ruin\n|-ability|p1a: Zamazenta|Dauntless Shield|boost\n|-boost|p1a: Zamazenta|def|1\n|-enditem|p1b: Raging Bolt|Booster Energy\n|-activate|p1b: Raging Bolt|ability: Protosynthesis|[fromitem]\n|-start|p1b: Raging Bolt|protosynthesisspa\n|turn|1\n|\n|t:|1769746047\n|-terastallize|p1a: Zamazenta|Dragon\n|move|p2a: Ogerpon|Spiky Shield|p2a: Ogerpon\n|-singleturn|p2a: Ogerpon|move: Protect\n|move|p2b: Chi-Yu|Protect|p2b: Chi-Yu\n|-singleturn|p2b: Chi-Yu|Protect\n|move|p1b: Raging Bolt|Protect|p1b: Raging Bolt\n|-singleturn|p1b: Raging Bolt|Protect\n|move|p1a: Zamazenta|Body Press|p2a: Ogerpon\n|-activate|p2a: Ogerpon|move: Protect\n|-damage|p1a: Zamazenta|88/100|[from] Spiky Shield|[of] p2a: Ogerpon\n|\n|upkeep\n|turn|2\n|\n|t:|1769746055\n|move|p2a: Ogerpon|Follow Me|p2a: Ogerpon\n|-singleturn|p2a: Ogerpon|move: Follow Me\n|move|p1b: Raging Bolt|Thunderclap||[still]\n|-fail|p1b: Raging Bolt\n|move|p2b: Chi-Yu|Snarl|p1b: Raging Bolt|[spread] p1a,p1b\n|-damage|p1a: Zamazenta|70/100\n|-damage|p1b: Raging Bolt|75/100\n|-unboost|p1a: Zamazenta|spa|1\n|-unboost|p1b: Raging Bolt|spa|1\n|move|p1a: Zamazenta|Body Press|p2a: Ogerpon\n|-supereffective|p2a: Ogerpon\n|-ability|p2a: Ogerpon|Sturdy\n|-damage|p2a: Ogerpon|1/100\n|\n|upkeep\n|turn|3\n|\n|t:|1769746071\n|move|p1b: Raging Bolt|Protect|p1b: Raging Bolt\n|-singleturn|p1b: Raging Bolt|Protect\n|move|p2a: Ogerpon|Follow Me|p2a: Ogerpon\n|-singleturn|p2a: Ogerpon|move: Follow Me\n|move|p2b: Chi-Yu|Snarl|p1b: Raging Bolt|[spread] p1a\n|-activate|p1b: Raging Bolt|move: Protect\n|-damage|p1a: Zamazenta|52/100\n|-unboost|p1a: Zamazenta|spa|1\n|move|p1a: Zamazenta|Body Press|p2a: Ogerpon\n|-supereffective|p2a: Ogerpon\n|-damage|p2a: Ogerpon|0 fnt\n|faint|p2a: Ogerpon\n|\n|upkeep\n|\n|t:|1769746074\n|switch|p2a: Flutter Mane|Flutter Mane, L50|100/100\n|-enditem|p2a: Flutter Mane|Booster Energy\n|-activate|p2a: Flutter Mane|ability: Protosynthesis|[fromitem]\n|-start|p2a: Flutter Mane|protosynthesisspe\n|turn|4\n|\n|t:|1769746081\n|move|p1b: Raging Bolt|Thunderclap|p2a: Flutter Mane\n|-damage|p2a: Flutter Mane|51/100\n|move|p2a: Flutter Mane|Moonblast|p1a: Zamazenta\n|-supereffective|p1a: Zamazenta\n|-damage|p1a: Zamazenta|0 fnt\n|faint|p1a: Zamazenta\n|move|p2b: Chi-Yu|Snarl|p1b: Raging Bolt\n|-damage|p1b: Raging Bolt|42/100\n|-unboost|p1b: Raging Bolt|spa|1\n|\n|upkeep\n|\n|t:|1769746085\n|switch|p1a: Calyrex|Calyrex-Shadow, L50|100/100\n|-ability|p1a: Calyrex|As One\n|-ability|p1a: Calyrex|Unnerve\n|turn|5\n|\n|t:|1769746096\n|move|p1a: Calyrex|Protect|p1a: Calyrex\n|-singleturn|p1a: Calyrex|Protect\n|move|p2a: Flutter Mane|Icy Wind|p1a: Calyrex|[spread] p1b\n|-activate|p1a: Calyrex|move: Protect\n|-supereffective|p1b: Raging Bolt\n|-damage|p1b: Raging Bolt|4/100\n|-unboost|p1b: Raging Bolt|spe|1\n|move|p2b: Chi-Yu|Snarl|p1b: Raging Bolt|[spread] p1b\n|-activate|p1a: Calyrex|move: Protect\n|-damage|p1b: Raging Bolt|0 fnt\n|faint|p1b: Raging Bolt\n|-end|p1b: Raging Bolt|Protosynthesis|[silent]\n|\n|upkeep\n|\n|t:|1769746100\n|switch|p1b: Dragonite|Dragonite, L50, M, shiny|100/100\n|turn|6\n|\n|t:|1769746114\n|move|p2a: Flutter Mane|Protect|p2a: Flutter Mane\n|-singleturn|p2a: Flutter Mane|Protect\n|move|p2b: Chi-Yu|Protect|p2b: Chi-Yu\n|-singleturn|p2b: Chi-Yu|Protect\n|move|p1b: Dragonite|Extreme Speed|p2b: Chi-Yu\n|-activate|p2b: Chi-Yu|move: Protect\n|move|p1a: Calyrex|Astral Barrage|p2b: Chi-Yu|[spread] \n|-activate|p2a: Flutter Mane|move: Protect\n|-activate|p2b: Chi-Yu|move: Protect\n|\n|upkeep\n|turn|7\n|\n|t:|1769746119\n|move|p1b: Dragonite|Extreme Speed|p2b: Chi-Yu\n|-crit|p2b: Chi-Yu\n|-damage|p2b: Chi-Yu|0 fnt\n|faint|p2b: Chi-Yu\n|move|p2a: Flutter Mane|Icy Wind|p1b: Dragonite|[spread] p1a,p1b\n|-supereffective|p1b: Dragonite\n|-damage|p1a: Calyrex|86/100\n|-damage|p1b: Dragonite|52/100\n|-unboost|p1a: Calyrex|spe|1\n|-unboost|p1b: Dragonite|spe|1\n|move|p1a: Calyrex|Astral Barrage|p2a: Flutter Mane\n|-supereffective|p2a: Flutter Mane\n|-damage|p2a: Flutter Mane|0 fnt\n|faint|p2a: Flutter Mane\n|-end|p2a: Flutter Mane|Protosynthesis|[silent]\n|-ability|p1a: Calyrex|Grim Neigh|boost\n|-boost|p1a: Calyrex|spa|1\n|\n|upkeep\n|\n|t:|1769746134\n|switch|p2b: Ho-Oh|Ho-Oh, L50|100/100\n|turn|8\n|\n|t:|1769746141\n|move|p1a: Calyrex|Protect|p1a: Calyrex\n|-singleturn|p1a: Calyrex|Protect\n|move|p2b: Ho-Oh|Protect|p2b: Ho-Oh\n|-singleturn|p2b: Ho-Oh|Protect\n|move|p1b: Dragonite|Extreme Speed|p2b: Ho-Oh\n|-activate|p2b: Ho-Oh|move: Protect\n|\n|upkeep\n|turn|9\n|\n|t:|1769746146\n|move|p1b: Dragonite|Extreme Speed|p2b: Ho-Oh\n|-damage|p2b: Ho-Oh|65/100\n|move|p1a: Calyrex|Astral Barrage|p2b: Ho-Oh\n|-damage|p2b: Ho-Oh|1/100\n|move|p2b: Ho-Oh|Brave Bird|p1a: Calyrex\n|-damage|p1a: Calyrex|12/100\n|-damage|p2b: Ho-Oh|0 fnt|[from] Recoil\n|faint|p2b: Ho-Oh\n|\n|win|VJ2511\n|raw|VJ2511's rating: 1446 &rarr; <strong>1465</strong><br />(+19 for winning)\n|raw|no89's rating: 1434 &rarr; <strong>1415</strong><br />(-19 for losing)\n|l|\u2606VJ2511\n|player|p1|\n","uploadtime":1769746317,"views":17,"formatid":"gen9vgc2026regi","rating":1415,"private":0,"password":null}