{"id":"gen9vgc2026regi-2546015790","format":"[Gen 9] VGC 2026 Reg I","players":["lalo's pollos","Momoka qwq"],"log":"|j|\u2606lalo's pollos\n|j|\u2606Momoka qwq\n|t:|1771914367\n|gametype|doubles\n|player|p1|lalo's pollos|2|1447\n|player|p2|Momoka qwq|cynthia-gen4|1353\n|gen|9\n|tier|[Gen 9] VGC 2026 Reg I\n|rated|\n|rule|Species Clause: Limit one of each Pok\u00e9mon\n|rule|Item Clause: Limit 1 of each item\n|clearpoke\n|poke|p1|Miraidon, L50|\n|poke|p1|Landorus, L50, M|\n|poke|p1|Incineroar, L50, M|\n|poke|p1|Iron Bundle, L50|\n|poke|p1|Farigiraf, L50, F|\n|poke|p1|Calyrex-Ice, L50|\n|poke|p2|Kyogre, L50|\n|poke|p2|Zacian-*, L50|\n|poke|p2|Tornadus, L50, M|\n|poke|p2|Urshifu-*, L50, M|\n|poke|p2|Chien-Pao, L50|\n|poke|p2|Amoonguss, L50, M|\n|teampreview|4\n|\n|t:|1771914416\n|teamsize|p1|4\n|teamsize|p2|4\n|start\n|switch|p1a: Co-Star|Miraidon, L50|100/100\n|switch|p1b: the Star|Iron Bundle, L50|100/100\n|switch|p2a: Tornadus|Tornadus, L50, M|100/100\n|switch|p2b: Kyogre|Kyogre, L50|100/100\n|-fieldstart|move: Electric Terrain|[from] ability: Hadron Engine|[of] p1a: Co-Star\n|-activate|p1b: the Star|ability: Quark Drive\n|-start|p1b: the Star|quarkdrivespe\n|-weather|RainDance|[from] ability: Drizzle|[of] p2b: Kyogre\n|turn|1\n|\n|t:|1771914460\n|-terastallize|p2b: Kyogre|Grass\n|move|p2a: Tornadus|Tailwind|p2a: Tornadus\n|-sidestart|p2: Momoka qwq|move: Tailwind\n|move|p1b: the Star|Icy Wind|p2b: Kyogre|[spread] p2a,p2b\n|-supereffective|p2a: Tornadus\n|-supereffective|p2b: Kyogre\n|-damage|p2a: Tornadus|42/100\n|-damage|p2b: Kyogre|81/100\n|-unboost|p2b: Kyogre|spe|1\n|move|p1a: Co-Star|Volt Switch|p2b: Kyogre\n|-resisted|p2b: Kyogre\n|-damage|p2b: Kyogre|58/100\n|\n|t:|1771914478\n|switch|p1a: Landorus|Landorus, L50, M|100/100|[from] Volt Switch\n|move|p2b: Kyogre|Thunder|p1b: the Star\n|-supereffective|p1b: the Star\n|-enditem|p1b: the Star|Focus Sash\n|-damage|p1b: the Star|1/100\n|-status|p1b: the Star|par\n|\n|-weather|RainDance|[upkeep]\n|upkeep\n|turn|2\n|\n|t:|1771914496\n|-terastallize|p1a: Landorus|Water\n|move|p2a: Tornadus|Bleakwind Storm|p1b: the Star|[spread] p1a,p1b\n|-damage|p1a: Landorus|52/100\n|-damage|p1b: the Star|0 fnt\n|-unboost|p1a: Landorus|spe|1\n|faint|p1b: the Star\n|-end|p1b: the Star|Quark Drive|[silent]\n|move|p2b: Kyogre|Ice Beam|p1a: Landorus\n|-resisted|p1a: Landorus\n|-damage|p1a: Landorus|30/100\n|move|p1a: Landorus|Sludge Bomb|p2b: Kyogre\n|-supereffective|p2b: Kyogre\n|-damage|p2b: Kyogre|8/100\n|\n|-weather|RainDance|[upkeep]\n|upkeep\n|\n|t:|1771914504\n|switch|p1b: Co-Star|Miraidon, L50|100/100\n|-activate|p1b: Co-Star|ability: Hadron Engine\n|turn|3\n|\n|t:|1771914525\n|switch|p1a: Incineroar|Incineroar, L50, M|100/100\n|-ability|p1a: Incineroar|Intimidate|boost\n|-unboost|p2a: Tornadus|atk|1\n|-unboost|p2b: Kyogre|atk|1\n|move|p2a: Tornadus|Bleakwind Storm|p1a: Incineroar|[spread] p1a,p1b\n|-resisted|p1b: Co-Star\n|-damage|p1a: Incineroar|77/100\n|-damage|p1b: Co-Star|85/100\n|-unboost|p1b: Co-Star|spe|1\n|move|p2b: Kyogre|Ice Beam|p1b: Co-Star\n|-supereffective|p1b: Co-Star\n|-damage|p1b: Co-Star|14/100\n|move|p1b: Co-Star|Volt Switch|p2b: Kyogre\n|-resisted|p2b: Kyogre\n|-damage|p2b: Kyogre|0 fnt\n|faint|p2b: Kyogre\n|\n|t:|1771914529\n|switch|p1b: Landorus|Landorus, L50, M, tera:Water|30/100|[from] Volt Switch\n|\n|-weather|RainDance|[upkeep]\n|upkeep\n|\n|t:|1771914554\n|switch|p2b: Chien-Pao|Chien-Pao, L50, shiny|100/100\n|-ability|p2b: Chien-Pao|Sword of Ruin\n|turn|4\n|\n|t:|1771914563\n|move|p2b: Chien-Pao|Protect|p2b: Chien-Pao\n|-singleturn|p2b: Chien-Pao|Protect\n|move|p1b: Landorus|Protect|p1b: Landorus\n|-singleturn|p1b: Landorus|Protect\n|move|p2a: Tornadus|Bleakwind Storm|p1a: Incineroar|[spread] p1a\n|-activate|p1b: Landorus|move: Protect\n|-damage|p1a: Incineroar|52/100\n|move|p1a: Incineroar|U-turn|p2b: Chien-Pao\n|-activate|p2b: Chien-Pao|move: Protect\n|\n|-weather|RainDance|[upkeep]\n|-sideend|p2: Momoka qwq|move: Tailwind\n|upkeep\n|turn|5\n|-message|lalo's pollos forfeited.\n|\n|win|Momoka qwq\n|raw|lalo&apos;s pollos's rating: 1447 &rarr; <strong>1422</strong><br />(-25 for losing)\n|raw|Momoka qwq's rating: 1353 &rarr; <strong>1378</strong><br />(+25 for winning)\n|l|\u2606lalo's pollos\n|player|p1|\n|l|\u2606Momoka qwq\n|player|p2|\n","uploadtime":1771914834,"views":15,"formatid":"gen9vgc2026regi","rating":1378,"private":0,"password":null}