{"id":"gen9vgc2026regi-2525357058","format":"[Gen 9] VGC 2026 Reg I","players":["jpto5","sailfish is bad"],"log":"|j|\u2606jpto5\n|j|\u2606sailfish is bad\n|t:|1769272358\n|gametype|doubles\n|player|p1|jpto5|1|1094\n|player|p2|sailfish is bad|102|1114\n|gen|9\n|tier|[Gen 9] VGC 2026 Reg I\n|rated|\n|rule|Species Clause: Limit one of each Pok\u00e9mon\n|rule|Item Clause: Limit 1 of each item\n|clearpoke\n|poke|p1|Tornadus, L50, M|\n|poke|p1|Kyogre, L50|\n|poke|p1|Zacian-*, L50|\n|poke|p1|Basculegion, L50, M|\n|poke|p1|Kilowattrel, L50, F|\n|poke|p1|Overqwil, L50, M|\n|poke|p2|Groudon, L50|\n|poke|p2|Jumpluff, L50, F|\n|poke|p2|Calyrex-Ice, L50|\n|poke|p2|Reuniclus, L50, F|\n|poke|p2|Iron Hands, L50|\n|poke|p2|Tornadus, L50, M|\n|teampreview|4\n|inactive|Battle timer is ON: inactive players will automatically lose when time's up. (requested by jpto5)\n|\n|t:|1769272388\n|teamsize|p1|4\n|teamsize|p2|4\n|start\n|switch|p1a: Tornadus|Tornadus, L50, M|100/100\n|switch|p1b: Kyogre|Kyogre, L50|100/100\n|switch|p2a: Calyrex|Calyrex-Ice, L50|100/100\n|switch|p2b: Reuniclus|Reuniclus, L50, F|100/100\n|-ability|p2a: Calyrex|As One\n|-ability|p2a: Calyrex|Unnerve\n|-weather|RainDance|[from] ability: Drizzle|[of] p1b: Kyogre\n|turn|1\n|\n|t:|1769272401\n|move|p2a: Calyrex|Protect|p2a: Calyrex\n|-singleturn|p2a: Calyrex|Protect\n|move|p1a: Tornadus|Taunt|p2b: Reuniclus\n|-start|p2b: Reuniclus|move: Taunt\n|move|p1b: Kyogre|Water Spout|p2a: Calyrex|[spread] p2b\n|-activate|p2a: Calyrex|move: Protect\n|-damage|p2b: Reuniclus|27/100\n|cant|p2b: Reuniclus|move: Taunt|Trick Room\n|\n|-weather|RainDance|[upkeep]\n|-heal|p2b: Reuniclus|33/100|[from] item: Leftovers\n|upkeep\n|turn|2\n|\n|t:|1769272420\n|move|p1a: Tornadus|Taunt|p2a: Calyrex\n|-start|p2a: Calyrex|move: Taunt\n|move|p1b: Kyogre|Water Spout|p2b: Reuniclus|[spread] p2a,p2b\n|-damage|p2a: Calyrex|27/100\n|-damage|p2b: Reuniclus|0 fnt\n|faint|p2b: Reuniclus\n|cant|p2a: Calyrex|move: Taunt|Trick Room\n|\n|-weather|RainDance|[upkeep]\n|upkeep\n|\n|t:|1769272429\n|switch|p2b: Groudon|Groudon, L50|100/100\n|-weather|SunnyDay|[from] ability: Drought|[of] p2b: Groudon\n|turn|3\n|\n|t:|1769272436\n|switch|p2a: Tornadus|Tornadus, L50, M|100/100\n|move|p1a: Tornadus|Rain Dance|p1a: Tornadus\n|-weather|RainDance\n|move|p1b: Kyogre|Water Spout|p2b: Groudon|[spread] p2a,p2b\n|-supereffective|p2b: Groudon\n|-damage|p2a: Tornadus|2/100\n|-damage|p2b: Groudon|0 fnt\n|faint|p2b: Groudon\n|\n|-weather|RainDance|[upkeep]\n|upkeep\n|\n|t:|1769272443\n|switch|p2b: Calyrex|Calyrex-Ice, L50|27/100\n|-ability|p2b: Calyrex|As One\n|-ability|p2b: Calyrex|Unnerve\n|turn|4\n|\n|t:|1769272453\n|move|p1a: Tornadus|Tailwind|p1a: Tornadus\n|-sidestart|p1: jpto5|move: Tailwind\n|move|p2a: Tornadus|Sunny Day|p2a: Tornadus\n|-weather|SunnyDay\n|move|p1b: Kyogre|Water Spout|p2b: Calyrex|[spread] p2a,p2b\n|-damage|p2a: Tornadus|0 fnt\n|-damage|p2b: Calyrex|3/100\n|faint|p2a: Tornadus\n|move|p2b: Calyrex|Glacial Lance|p1a: Tornadus|[spread] p1a,p1b\n|-supereffective|p1a: Tornadus\n|-resisted|p1b: Kyogre\n|-enditem|p1a: Tornadus|Focus Sash\n|-damage|p1a: Tornadus|1/100\n|-damage|p1b: Kyogre|75/100\n|\n|-weather|SunnyDay|[upkeep]\n|upkeep\n|turn|5\n|-message|sailfish is bad forfeited.\n|\n|win|jpto5\n|raw|jpto5's rating: 1094 &rarr; <strong>1121</strong><br />(+27 for winning)\n|raw|sailfish is bad's rating: 1114 &rarr; <strong>1088</strong><br />(-26 for losing)\n|l|\u2606sailfish is bad\n|player|p2|\n|l|\u2606jpto5\n|player|p1|\n","uploadtime":1769272633,"views":11,"formatid":"gen9vgc2026regi","rating":1088,"private":0,"password":null}