{"id":"gen9vgc2026regi-2552716673","format":"[Gen 9] VGC 2026 Reg I","players":["Maphoo","ServantOfTheLORD"],"log":"|j|\u2606Maphoo\n|j|\u2606ServantOfTheLORD\n|t:|1772746298\n|gametype|doubles\n|player|p1|Maphoo|170|1481\n|player|p2|ServantOfTheLORD|n|1447\n|gen|9\n|tier|[Gen 9] VGC 2026 Reg I\n|rated|\n|rule|Species Clause: Limit one of each Pok\u00e9mon\n|rule|Item Clause: Limit 1 of each item\n|clearpoke\n|poke|p1|Lunala, L50|\n|poke|p1|Indeedee-F, L50, F|\n|poke|p1|Roaring Moon, L50|\n|poke|p1|Kyogre, L50|\n|poke|p1|Urshifu-*, L50, M|\n|poke|p1|Landorus-Therian, L50, M|\n|poke|p2|Luxray, L50, M|\n|poke|p2|Koraidon, L50|\n|poke|p2|Flutter Mane, L50|\n|poke|p2|Groudon, L50|\n|poke|p2|Venusaur, L50, M|\n|poke|p2|Torkoal, L50, M|\n|teampreview|4\n|inactive|Battle timer is ON: inactive players will automatically lose when time's up. (requested by ServantOfTheLORD)\n|\n|t:|1772746327\n|teamsize|p1|4\n|teamsize|p2|4\n|start\n|switch|p1a: Lunala|Lunala, L50, shiny|100/100\n|switch|p1b: Roaring Moon|Roaring Moon, L50|100/100\n|switch|p2a: Groudon|Groudon, L50|100/100\n|switch|p2b: Luxray|Luxray, L50, M|100/100\n|-weather|SunnyDay|[from] ability: Drought|[of] p2a: Groudon\n|-activate|p1b: Roaring Moon|ability: Protosynthesis\n|-start|p1b: Roaring Moon|protosynthesisspe\n|-ability|p2b: Luxray|Intimidate|boost\n|-unboost|p1a: Lunala|atk|1\n|-unboost|p1b: Roaring Moon|atk|1\n|turn|1\n|\n|t:|1772746351\n|-terastallize|p1a: Lunala|Fairy\n|move|p1b: Roaring Moon|Tailwind|p1b: Roaring Moon\n|-sidestart|p1: Maphoo|move: Tailwind\n|move|p1a: Lunala|Meteor Beam||[still]\n|-prepare|p1a: Lunala|Meteor Beam\n|-boost|p1a: Lunala|spa|1\n|-enditem|p1a: Lunala|Power Herb\n|-anim|p1a: Lunala|Meteor Beam|p2b: Luxray\n|-damage|p2b: Luxray|40/100\n|move|p2a: Groudon|Precipice Blades|p1b: Roaring Moon|[spread] p1a,p1b\n|-damage|p1a: Lunala|79/100\n|-damage|p1b: Roaring Moon|32/100\n|move|p2b: Luxray|Snarl|p1b: Roaring Moon|[spread] p1a,p1b\n|-resisted|p1a: Lunala\n|-resisted|p1b: Roaring Moon\n|-damage|p1a: Lunala|75/100\n|-damage|p1b: Roaring Moon|28/100\n|-unboost|p1a: Lunala|spa|1\n|-unboost|p1b: Roaring Moon|spa|1\n|\n|-weather|SunnyDay|[upkeep]\n|upkeep\n|turn|2\n|\n|t:|1772746373\n|-end|p1b: Roaring Moon|Protosynthesis|[silent]\n|switch|p1b: Indeedee|Indeedee-F, L50, F, shiny|100/100\n|-fieldstart|move: Psychic Terrain|[from] ability: Psychic Surge|[of] p1b: Indeedee\n|-enditem|p1b: Indeedee|Psychic Seed\n|-boost|p1b: Indeedee|spd|1|[from] item: Psychic Seed\n|move|p1a: Lunala|Expanding Force|p2a: Groudon|[spread] p2a,p2b\n|-damage|p2a: Groudon|56/100\n|-damage|p2b: Luxray|0 fnt\n|faint|p2b: Luxray\n|move|p2a: Groudon|Precipice Blades|p1a: Lunala|[spread] p1a,p1b\n|-damage|p1a: Lunala|26/100\n|-damage|p1b: Indeedee|50/100\n|\n|-weather|SunnyDay|[upkeep]\n|upkeep\n|\n|t:|1772746386\n|switch|p2b: Venusaur|Venusaur, L50, M|100/100\n|turn|3\n|\n|t:|1772746393\n|move|p1b: Indeedee|Follow Me|p1b: Indeedee\n|-singleturn|p1b: Indeedee|move: Follow Me\n|move|p2b: Venusaur|Sludge Bomb|p1b: Indeedee\n|-damage|p1b: Indeedee|20/100\n|move|p1a: Lunala|Expanding Force|p2a: Groudon|[spread] p2a,p2b\n|-supereffective|p2b: Venusaur\n|-damage|p2a: Groudon|15/100\n|-damage|p2b: Venusaur|0 fnt\n|faint|p2b: Venusaur\n|move|p2a: Groudon|Precipice Blades|p1b: Indeedee|[spread] p1a\n|-miss|p2a: Groudon|p1b: Indeedee\n|-damage|p1a: Lunala|0 fnt\n|faint|p1a: Lunala\n|\n|-weather|SunnyDay|[upkeep]\n|upkeep\n|\n|t:|1772746411\n|switch|p2b: Koraidon|Koraidon, L50|100/100\n|switch|p1a: Roaring Moon|Roaring Moon, L50|28/100\n|-activate|p2b: Koraidon|ability: Orichalcum Pulse\n|-activate|p1a: Roaring Moon|ability: Protosynthesis\n|-start|p1a: Roaring Moon|protosynthesisspe\n|turn|4\n|\n|t:|1772746426\n|-terastallize|p2b: Koraidon|Fire\n|move|p1b: Indeedee|Helping Hand|p1a: Roaring Moon\n|-singleturn|p1a: Roaring Moon|Helping Hand|[of] p1b: Indeedee\n|move|p1a: Roaring Moon|Acrobatics|p2b: Koraidon\n|-damage|p2b: Koraidon|74/100\n|move|p2b: Koraidon|Flame Charge|p1a: Roaring Moon\n|-resisted|p1a: Roaring Moon\n|-damage|p1a: Roaring Moon|0 fnt\n|-boost|p2b: Koraidon|spe|1\n|faint|p1a: Roaring Moon\n|-end|p1a: Roaring Moon|Protosynthesis|[silent]\n|move|p2a: Groudon|Precipice Blades|p1b: Indeedee\n|-damage|p1b: Indeedee|0 fnt\n|faint|p1b: Indeedee\n|\n|-weather|SunnyDay|[upkeep]\n|-sideend|p1: Maphoo|move: Tailwind\n|upkeep\n|\n|t:|1772746445\n|switch|p1b: Kyogre|Kyogre, L50|100/100\n|-weather|RainDance|[from] ability: Drizzle|[of] p1b: Kyogre\n|turn|5\n|\n|t:|1772746450\n|move|p2b: Koraidon|Close Combat|p1b: Kyogre\n|-damage|p1b: Kyogre|43/100\n|-unboost|p2b: Koraidon|def|1\n|-unboost|p2b: Koraidon|spd|1\n|move|p2a: Groudon|Precipice Blades|p1b: Kyogre\n|-damage|p1b: Kyogre|0 fnt\n|faint|p1b: Kyogre\n|\n|win|ServantOfTheLORD\n|raw|Maphoo's rating: 1481 &rarr; <strong>1459</strong><br />(-22 for losing)\n|raw|ServantOfTheLORD's rating: 1447 &rarr; <strong>1469</strong><br />(+22 for winning)\n|l|\u2606ServantOfTheLORD\n|player|p2|\n|l|\u2606Maphoo\n|player|p1|\n","uploadtime":1772746456,"views":15,"formatid":"gen9vgc2026regi","rating":1459,"private":0,"password":null}