{"id":"gen9vgc2026regi-2548724982","format":"[Gen 9] VGC 2026 Reg I","players":["yubanmeiqin","messi-05"],"log":"|j|\u2606yubanmeiqin\n|j|\u2606messi-05\n|t:|1772247784\n|gametype|doubles\n|player|p1|yubanmeiqin|iono-masters|1445\n|player|p2|messi-05|2|1449\n|gen|9\n|tier|[Gen 9] VGC 2026 Reg I\n|rated|\n|rule|Species Clause: Limit one of each Pok\u00e9mon\n|rule|Item Clause: Limit 1 of each item\n|clearpoke\n|poke|p1|Kyogre, L50|\n|poke|p1|Zamazenta-*, L50|\n|poke|p1|Dragonite, L50, M|\n|poke|p1|Rillaboom, L50, F|\n|poke|p1|Amoonguss, L50, M|\n|poke|p1|Chien-Pao, L50|\n|poke|p2|Terapagos, L50, M|\n|poke|p2|Sinistcha, L50|\n|poke|p2|Incineroar, L50, M|\n|poke|p2|Ogerpon-Wellspring, L50, F|\n|poke|p2|Iron Treads, L50|\n|poke|p2|Miraidon, L50|\n|teampreview|4\n|inactive|Battle timer is ON: inactive players will automatically lose when time's up. (requested by messi-05)\n|inactive|yubanmeiqin has 60 seconds left.\n|inactive|yubanmeiqin has 30 seconds left.\n|\n|t:|1772247847\n|teamsize|p1|4\n|teamsize|p2|4\n|start\n|switch|p1a: Zamazenta|Zamazenta-Crowned, L50, shiny|100/100\n|switch|p1b: Rillaboom|Rillaboom, L50, F|100/100\n|switch|p2a: Terapagos|Terapagos, L50, M|100/100\n|switch|p2b: Miraidon|Miraidon, L50|100/100\n|-activate|p2a: Terapagos|ability: Tera Shift\n|detailschange|p2a: Terapagos|Terapagos-Terastal, L50, M\n|-heal|p2a: Terapagos|100/100|[silent]\n|-fieldstart|move: Electric Terrain|[from] ability: Hadron Engine|[of] p2b: Miraidon\n|-enditem|p2a: Terapagos|Electric Seed\n|-boost|p2a: Terapagos|def|1|[from] item: Electric Seed\n|-ability|p1a: Zamazenta|Dauntless Shield|boost\n|-boost|p1a: Zamazenta|def|1\n|-fieldstart|move: Grassy Terrain|[from] ability: Grassy Surge|[of] p1b: Rillaboom\n|turn|1\n|\n|t:|1772247869\n|move|p1b: Rillaboom|Fake Out|p2b: Miraidon\n|-damage|p2b: Miraidon|89/100\n|cant|p2b: Miraidon|flinch\n|move|p1a: Zamazenta|Body Press|p2b: Miraidon\n|-damage|p2b: Miraidon|30/100\n|move|p2a: Terapagos|Calm Mind|p2a: Terapagos\n|-boost|p2a: Terapagos|spa|1\n|-boost|p2a: Terapagos|spd|1\n|\n|-heal|p2b: Miraidon|36/100|[from] Grassy Terrain\n|upkeep\n|turn|2\n|\n|t:|1772247888\n|move|p2b: Miraidon|Volt Switch|p1a: Zamazenta\n|-damage|p1a: Zamazenta|70/100\n|\n|t:|1772247891\n|switch|p2b: Sinistcha|Sinistcha, L50|100/100|[from] Volt Switch\n|move|p1a: Zamazenta|Body Press|p2a: Terapagos\n|-activate|p2a: Terapagos|ability: Tera Shell\n|-resisted|p2a: Terapagos\n|-damage|p2a: Terapagos|84/100\n|move|p1b: Rillaboom|U-turn|p2b: Sinistcha\n|-damage|p2b: Sinistcha|83/100\n|\n|t:|1772247898\n|switch|p1b: Chien-Pao|Chien-Pao, L50|100/100|[from] U-turn\n|-ability|p1b: Chien-Pao|Sword of Ruin\n|move|p2a: Terapagos|Earth Power|p1a: Zamazenta\n|-supereffective|p1a: Zamazenta\n|-damage|p1a: Zamazenta|10/100\n|\n|-heal|p1a: Zamazenta|17/100|[from] Grassy Terrain\n|-heal|p2a: Terapagos|90/100|[from] Grassy Terrain\n|-heal|p2b: Sinistcha|89/100|[from] Grassy Terrain\n|upkeep\n|turn|3\n|\n|t:|1772247912\n|-terastallize|p1b: Chien-Pao|Stellar\n|move|p2a: Terapagos|Protect|p2a: Terapagos\n|-singleturn|p2a: Terapagos|Protect\n|move|p2b: Sinistcha|Protect|p2b: Sinistcha\n|-singleturn|p2b: Sinistcha|Protect\n|move|p1b: Chien-Pao|Ice Spinner|p2b: Sinistcha\n|-activate|p2b: Sinistcha|move: Protect\n|move|p1a: Zamazenta|Body Press|p2a: Terapagos\n|-activate|p2a: Terapagos|move: Protect\n|\n|-heal|p1a: Zamazenta|23/100|[from] Grassy Terrain\n|-heal|p2a: Terapagos|96/100|[from] Grassy Terrain\n|-heal|p2b: Sinistcha|95/100|[from] Grassy Terrain\n|upkeep\n|turn|4\n|inactive|yubanmeiqin has 30 seconds left.\n|inactive|messi-05 has 30 seconds left.\n|inactive|messi-05 has 20 seconds left.\n|\n|t:|1772247950\n|-terastallize|p2b: Sinistcha|Fire\n|move|p2b: Sinistcha|Rage Powder|p2b: Sinistcha\n|-singleturn|p2b: Sinistcha|move: Rage Powder\n|move|p1b: Chien-Pao|Ice Spinner|p2b: Sinistcha\n|-resisted|p2b: Sinistcha\n|-damage|p2b: Sinistcha|72/100\n|-fieldend|move: Grassy Terrain\n|move|p1a: Zamazenta|Body Press|p2b: Sinistcha\n|-damage|p2b: Sinistcha|7/100\n|move|p2a: Terapagos|Earth Power|p1a: Zamazenta\n|-supereffective|p1a: Zamazenta\n|-crit|p1a: Zamazenta\n|-damage|p1a: Zamazenta|0 fnt\n|faint|p1a: Zamazenta\n|\n|upkeep\n|\n|t:|1772247963\n|switch|p1a: Kyogre|Kyogre, L50, shiny|100/100\n|-weather|RainDance|[from] ability: Drizzle|[of] p1a: Kyogre\n|turn|5\n|\n|t:|1772247975\n|switch|p2b: Ogerpon|Ogerpon-Wellspring, L50, F|100/100\n|move|p1a: Kyogre|Water Spout|p2b: Ogerpon|[spread] p2a\n|-immune|p2b: Ogerpon|[from] ability: Water Absorb\n|-damage|p2a: Terapagos|38/100\n|move|p1b: Chien-Pao|Throat Chop|p2a: Terapagos\n|-damage|p2a: Terapagos|3/100\n|-start|p2a: Terapagos|Throat Chop|[silent]\n|move|p2a: Terapagos|Tera Starstorm|p1b: Chien-Pao\n|-enditem|p1b: Chien-Pao|Focus Sash\n|-damage|p1b: Chien-Pao|1/100\n|\n|-weather|RainDance|[upkeep]\n|upkeep\n|turn|6\n|\n|t:|1772247995\n|switch|p1a: Rillaboom|Rillaboom, L50, F|100/100\n|-fieldstart|move: Grassy Terrain|[from] ability: Grassy Surge|[of] p1a: Rillaboom\n|move|p1b: Chien-Pao|Protect|p1b: Chien-Pao\n|-singleturn|p1b: Chien-Pao|Protect\n|move|p2a: Terapagos|Protect|p2a: Terapagos\n|-singleturn|p2a: Terapagos|Protect\n|move|p2b: Ogerpon|Ivy Cudgel|p1b: Chien-Pao|[anim] Ivy Cudgel Water\n|-activate|p1b: Chien-Pao|move: Protect\n|\n|-weather|RainDance|[upkeep]\n|-heal|p1b: Chien-Pao|7/100|[from] Grassy Terrain\n|-heal|p2a: Terapagos|9/100|[from] Grassy Terrain\n|-end|p2a: Terapagos|Throat Chop|[silent]\n|upkeep\n|turn|7\n|\n|t:|1772248011\n|switch|p2b: Sinistcha|Sinistcha, L50, tera:Fire|7/100\n|-heal|p2a: Terapagos|34/100|[from] ability: Hospitality|[of] p2b: Sinistcha\n|move|p1a: Rillaboom|Fake Out|p2b: Sinistcha\n|-damage|p2b: Sinistcha|0 fnt\n|faint|p2b: Sinistcha\n|move|p1b: Chien-Pao|Ice Spinner|p2a: Terapagos\n|-damage|p2a: Terapagos|6/100\n|-fieldend|move: Grassy Terrain\n|move|p2a: Terapagos|Tera Starstorm|p1b: Chien-Pao\n|-damage|p1b: Chien-Pao|0 fnt\n|faint|p1b: Chien-Pao\n|\n|-weather|RainDance|[upkeep]\n|upkeep\n|\n|t:|1772248027\n|switch|p1b: Kyogre|Kyogre, L50, shiny|100/100\n|switch|p2b: Miraidon|Miraidon, L50|36/100\n|-fieldstart|move: Electric Terrain|[from] ability: Hadron Engine|[of] p2b: Miraidon\n|turn|8\n|\n|t:|1772248042\n|move|p2b: Miraidon|Electro Drift|p1b: Kyogre\n|-supereffective|p1b: Kyogre\n|-damage|p1b: Kyogre|0 fnt\n|faint|p1b: Kyogre\n|move|p2a: Terapagos|Tera Starstorm|p1a: Rillaboom\n|-damage|p1a: Rillaboom|40/100\n|move|p1a: Rillaboom|Wood Hammer|p2b: Miraidon\n|-resisted|p2b: Miraidon\n|-damage|p2b: Miraidon|8/100\n|-damage|p1a: Rillaboom|31/100|[from] Recoil\n|\n|-weather|RainDance|[upkeep]\n|upkeep\n|turn|9\n|-message|yubanmeiqin forfeited.\n|\n|win|messi-05\n|raw|yubanmeiqin's rating: 1445 &rarr; <strong>1425</strong><br />(-20 for losing)\n|raw|messi-05's rating: 1449 &rarr; <strong>1469</strong><br />(+20 for winning)\n|l|\u2606yubanmeiqin\n|player|p1|\n|l|\u2606messi-05\n|player|p2|\n","uploadtime":1772248066,"views":13,"formatid":"gen9vgc2026regi","rating":1425,"private":0,"password":null}