{"id":"gen9vgc2026regi-2559676956","format":"[Gen 9] VGC 2026 Reg I","players":["farigirafarmortail","bullgod4ever"],"log":"|j|\u2606farigirafarmortail\n|j|\u2606bullgod4ever\n|t:|1773598741\n|gametype|doubles\n|player|p1|farigirafarmortail|102|1606\n|player|p2|bullgod4ever|170|1585\n|gen|9\n|tier|[Gen 9] VGC 2026 Reg I\n|rated|\n|rule|Species Clause: Limit one of each Pok\u00e9mon\n|rule|Item Clause: Limit 1 of each item\n|clearpoke\n|poke|p1|Koraidon, L50|\n|poke|p1|Flutter Mane, L50|\n|poke|p1|Incineroar, L50, F|\n|poke|p1|Amoonguss, L50, M|\n|poke|p1|Lunala, L50|\n|poke|p1|Ursaluna, L50, F|\n|poke|p2|Calyrex-Ice, L50|\n|poke|p2|Miraidon, L50|\n|poke|p2|Urshifu-*, L50, F|\n|poke|p2|Incineroar, L50, M|\n|poke|p2|Landorus, L50, M|\n|poke|p2|Whimsicott, L50, F|\n|teampreview|4\n|\n|t:|1773598789\n|teamsize|p1|4\n|teamsize|p2|4\n|start\n|switch|p1a: Incineroar|Incineroar, L50, F, shiny|100/100\n|switch|p1b: BIG NEBBY|Lunala, L50|100/100\n|switch|p2a: Calyrex|Calyrex-Ice, L50|100/100\n|switch|p2b: Miraidon|Miraidon, L50|100/100\n|-ability|p2a: Calyrex|As One\n|-ability|p2a: Calyrex|Unnerve\n|-fieldstart|move: Electric Terrain|[from] ability: Hadron Engine|[of] p2b: Miraidon\n|-ability|p1a: Incineroar|Intimidate|boost\n|-unboost|p2a: Calyrex|atk|1\n|-unboost|p2b: Miraidon|atk|1\n|turn|1\n|\n|t:|1773598812\n|switch|p2a: Incineroar|Incineroar, L50, M|100/100\n|-ability|p2a: Incineroar|Intimidate|boost\n|-unboost|p1a: Incineroar|atk|1\n|-unboost|p1b: BIG NEBBY|atk|1\n|-terastallize|p1b: BIG NEBBY|Fairy\n|move|p1a: Incineroar|Fake Out|p2b: Miraidon\n|-damage|p2b: Miraidon|94/100\n|cant|p2b: Miraidon|flinch\n|move|p1b: BIG NEBBY|Moonblast|p2b: Miraidon\n|-supereffective|p2b: Miraidon\n|-damage|p2b: Miraidon|14/100\n|\n|upkeep\n|turn|2\n|\n|t:|1773598836\n|move|p2b: Miraidon|Electro Drift|p1b: BIG NEBBY\n|-damage|p1b: BIG NEBBY|56/100\n|move|p2a: Incineroar|U-turn|p1a: Incineroar\n|-damage|p1a: Incineroar|84/100\n|\n|t:|1773598844\n|switch|p2a: Calyrex|Calyrex-Ice, L50|100/100|[from] U-turn\n|-ability|p2a: Calyrex|As One\n|-ability|p2a: Calyrex|Unnerve\n|move|p1a: Incineroar|Parting Shot|p2a: Calyrex\n|-unboost|p2a: Calyrex|atk|1\n|-unboost|p2a: Calyrex|spa|1\n|\n|t:|1773598847\n|switch|p1a: Franklin|Ursaluna, L50, F, shiny|100/100|[from] Parting Shot\n|move|p1b: BIG NEBBY|Trick Room|p1b: BIG NEBBY\n|-fieldstart|move: Trick Room|[of] p1b: BIG NEBBY\n|\n|-status|p1a: Franklin|brn|[from] item: Flame Orb\n|upkeep\n|turn|3\n|\n|t:|1773598863\n|switch|p2b: Incineroar|Incineroar, L50, M|100/100\n|-ability|p2b: Incineroar|Intimidate|boost\n|-unboost|p1a: Franklin|atk|1\n|-unboost|p1b: BIG NEBBY|atk|1\n|move|p2a: Calyrex|Protect|p2a: Calyrex\n|-singleturn|p2a: Calyrex|Protect\n|move|p1b: BIG NEBBY|Wide Guard|p1b: BIG NEBBY\n|-singleturn|p1b: BIG NEBBY|Wide Guard\n|move|p1a: Franklin|Earthquake|p2b: Incineroar|[spread] p2b\n|-activate|p1b: BIG NEBBY|move: Wide Guard\n|-activate|p2a: Calyrex|move: Protect\n|-supereffective|p2b: Incineroar\n|-damage|p2b: Incineroar|12/100\n|\n|-damage|p1a: Franklin|95/100 brn|[from] brn\n|upkeep\n|turn|4\n|\n|t:|1773598895\n|switch|p1b: Incineroar|Incineroar, L50, F, shiny|84/100\n|-ability|p1b: Incineroar|Intimidate|boost\n|-unboost|p2a: Calyrex|atk|1\n|-unboost|p2b: Incineroar|atk|1\n|-terastallize|p2a: Calyrex|Water\n|move|p1a: Franklin|Protect|p1a: Franklin\n|-singleturn|p1a: Franklin|Protect\n|move|p2b: Incineroar|Fake Out|p1a: Franklin\n|-activate|p1a: Franklin|move: Protect\n|move|p2a: Calyrex|Leech Seed|p1b: Incineroar\n|-start|p1b: Incineroar|move: Leech Seed\n|\n|-damage|p1b: Incineroar|71/100|[from] Leech Seed|[of] p2a: Calyrex\n|-damage|p1a: Franklin|89/100 brn|[from] brn\n|upkeep\n|turn|5\n|\n|t:|1773598922\n|switch|p2a: Miraidon|Miraidon, L50|14/100\n|-activate|p2a: Miraidon|ability: Hadron Engine\n|move|p1b: Incineroar|Fake Out|p2a: Miraidon\n|-damage|p2a: Miraidon|4/100\n|move|p1a: Franklin|Facade|p2b: Incineroar\n|-damage|p2b: Incineroar|0 fnt\n|faint|p2b: Incineroar\n|\n|-damage|p1b: Incineroar|59/100|[from] Leech Seed|[of] p2a: Miraidon\n|-heal|p2a: Miraidon|16/100|[silent]\n|-damage|p1a: Franklin|83/100 brn|[from] brn\n|-fieldend|move: Electric Terrain\n|upkeep\n|\n|t:|1773598940\n|switch|p2b: Calyrex|Calyrex-Ice, L50, tera:Water|100/100\n|-ability|p2b: Calyrex|As One\n|-ability|p2b: Calyrex|Unnerve\n|turn|6\n|\n|t:|1773598955\n|switch|p2a: Urshifu|Urshifu-Rapid-Strike, L50, F|100/100\n|move|p1a: Franklin|Protect|p1a: Franklin\n|-singleturn|p1a: Franklin|Protect\n|move|p2b: Calyrex|Glacial Lance|p1b: Incineroar|[spread] p1b\n|-activate|p1a: Franklin|move: Protect\n|-resisted|p1b: Incineroar\n|-damage|p1b: Incineroar|33/100\n|move|p1b: Incineroar|Will-O-Wisp|p2b: Calyrex|[miss]\n|-miss|p1b: Incineroar|p2b: Calyrex\n|\n|-damage|p1b: Incineroar|21/100|[from] Leech Seed|[of] p2a: Urshifu\n|-damage|p1a: Franklin|77/100 brn|[from] brn\n|-fieldend|move: Trick Room\n|upkeep\n|turn|7\n|\n|t:|1773598980\n|switch|p2b: Miraidon|Miraidon, L50|16/100\n|-fieldstart|move: Electric Terrain|[from] ability: Hadron Engine|[of] p2b: Miraidon\n|move|p2a: Urshifu|Surging Strikes|p1a: Franklin\n|-supereffective|p1a: Franklin\n|-crit|p1a: Franklin\n|-damage|p1a: Franklin|24/100 brn\n|-supereffective|p1a: Franklin\n|-crit|p1a: Franklin\n|-damage|p1a: Franklin|0 fnt\n|faint|p1a: Franklin\n|-hitcount|p1: Franklin|2\n|move|p1b: Incineroar|Will-O-Wisp|p2b: Miraidon\n|-status|p2b: Miraidon|brn\n|\n|-damage|p1b: Incineroar|8/100|[from] Leech Seed|[of] p2a: Urshifu\n|-damage|p2b: Miraidon|10/100 brn|[from] brn\n|upkeep\n|\n|t:|1773598989\n|switch|p1a: The Chomperr|Koraidon, L50|100/100\n|-weather|SunnyDay|[from] ability: Orichalcum Pulse|[of] p1a: The Chomperr\n|-activate|p1a: The Chomperr|Orichalcum Pulse|[source]\n|turn|8\n|\n|t:|1773599015\n|switch|p1b: BIG NEBBY|Lunala, L50, tera:Fairy|56/100\n|move|p1a: The Chomperr|Flare Blitz|p2b: Miraidon\n|-resisted|p2b: Miraidon\n|-damage|p2b: Miraidon|0 fnt\n|faint|p2b: Miraidon\n|-damage|p1a: The Chomperr|97/100|[from] Recoil\n|-damage|p1a: The Chomperr|87/100|[from] item: Life Orb\n|move|p2a: Urshifu|Surging Strikes|p1b: BIG NEBBY\n|-crit|p1b: BIG NEBBY\n|-damage|p1b: BIG NEBBY|44/100\n|-crit|p1b: BIG NEBBY\n|-damage|p1b: BIG NEBBY|31/100\n|-crit|p1b: BIG NEBBY\n|-damage|p1b: BIG NEBBY|19/100\n|-hitcount|p1b: BIG NEBBY|3\n|\n|-weather|SunnyDay|[upkeep]\n|upkeep\n|\n|t:|1773599032\n|switch|p2b: Calyrex|Calyrex-Ice, L50, tera:Water|100/100\n|-ability|p2b: Calyrex|As One\n|-ability|p2b: Calyrex|Unnerve\n|turn|9\n|\n|t:|1773599042\n|switch|p1b: Incineroar|Incineroar, L50, F, shiny|8/100\n|-ability|p1b: Incineroar|Intimidate|boost\n|-unboost|p2a: Urshifu|atk|1\n|-unboost|p2b: Calyrex|atk|1\n|move|p1a: The Chomperr|Close Combat|p2b: Calyrex\n|-damage|p2b: Calyrex|27/100\n|-unboost|p1a: The Chomperr|def|1\n|-unboost|p1a: The Chomperr|spd|1\n|-damage|p1a: The Chomperr|77/100|[from] item: Life Orb\n|move|p2a: Urshifu|Surging Strikes|p1b: Incineroar\n|-supereffective|p1b: Incineroar\n|-crit|p1b: Incineroar\n|-damage|p1b: Incineroar|0 fnt\n|faint|p1b: Incineroar\n|-hitcount|p1: Incineroar|1\n|move|p2b: Calyrex|Leech Seed|p1a: The Chomperr|[miss]\n|-miss|p2b: Calyrex|p1a: The Chomperr\n|\n|-weather|SunnyDay|[upkeep]\n|-heal|p2b: Calyrex|33/100|[from] item: Leftovers\n|upkeep\n|\n|t:|1773599046\n|switch|p1b: BIG NEBBY|Lunala, L50, tera:Fairy|19/100\n|turn|10\n|\n|t:|1773599072\n|move|p2b: Calyrex|Protect|p2b: Calyrex\n|-singleturn|p2b: Calyrex|Protect\n|move|p1a: The Chomperr|Close Combat|p2b: Calyrex\n|-activate|p2b: Calyrex|move: Protect\n|move|p2a: Urshifu|Surging Strikes|p1b: BIG NEBBY\n|-crit|p1b: BIG NEBBY\n|-damage|p1b: BIG NEBBY|6/100\n|-crit|p1b: BIG NEBBY\n|-damage|p1b: BIG NEBBY|0 fnt\n|faint|p1b: BIG NEBBY\n|-hitcount|p1: BIG NEBBY|2\n|\n|-weather|SunnyDay|[upkeep]\n|-heal|p2b: Calyrex|39/100|[from] item: Leftovers\n|upkeep\n|turn|11\n|\n|t:|1773599094\n|move|p1a: The Chomperr|Close Combat|p2b: Calyrex\n|-damage|p2b: Calyrex|0 fnt\n|-unboost|p1a: The Chomperr|def|1\n|-unboost|p1a: The Chomperr|spd|1\n|faint|p2b: Calyrex\n|-damage|p1a: The Chomperr|68/100|[from] item: Life Orb\n|move|p2a: Urshifu|Surging Strikes|p1a: The Chomperr\n|-resisted|p1a: The Chomperr\n|-crit|p1a: The Chomperr\n|-damage|p1a: The Chomperr|54/100\n|-resisted|p1a: The Chomperr\n|-crit|p1a: The Chomperr\n|-damage|p1a: The Chomperr|41/100\n|-resisted|p1a: The Chomperr\n|-crit|p1a: The Chomperr\n|-damage|p1a: The Chomperr|27/100\n|-hitcount|p1a: The Chomperr|3\n|\n|-weather|SunnyDay|[upkeep]\n|-fieldend|move: Electric Terrain\n|upkeep\n|turn|12\n|\n|t:|1773599111\n|move|p1a: The Chomperr|Close Combat|p2a: Urshifu\n|-damage|p2a: Urshifu|0 fnt\n|-unboost|p1a: The Chomperr|def|1\n|-unboost|p1a: The Chomperr|spd|1\n|faint|p2a: Urshifu\n|-damage|p1a: The Chomperr|18/100|[from] item: Life Orb\n|\n|win|farigirafarmortail\n|raw|farigirafarmortail's rating: 1606 &rarr; <strong>1625</strong><br />(+19 for winning)\n|raw|bullgod4ever's rating: 1585 &rarr; <strong>1566</strong><br />(-19 for losing)\n|c|\u2606bullgod4ever|Gg\n|l|\u2606bullgod4ever\n|player|p2|\n|l|\u2606farigirafarmortail\n|player|p1|\n","uploadtime":1773599343,"views":39,"formatid":"gen9vgc2026regi","rating":1566,"private":0,"password":null}