{"id":"gen9vgc2026regi-2522836101","format":"[Gen 9] VGC 2026 Reg I","players":["Bman311","ice spice rider"],"log":"|j|\u2606Bman311\n|j|\u2606ice spice rider\n|t:|1768949192\n|gametype|doubles\n|player|p1|Bman311|cynthia-gen7|1106\n|player|p2|ice spice rider|2|1185\n|gen|9\n|tier|[Gen 9] VGC 2026 Reg I\n|rated|\n|rule|Species Clause: Limit one of each Pok\u00e9mon\n|rule|Item Clause: Limit 1 of each item\n|clearpoke\n|poke|p1|Miraidon, L50|\n|poke|p1|Calyrex-Ice, L50|\n|poke|p1|Incineroar, L50, M|\n|poke|p1|Farigiraf, L50, M|\n|poke|p1|Whimsicott, L50, F|\n|poke|p1|Ursaluna, L50, F|\n|poke|p2|Calyrex-Shadow, L50|\n|poke|p2|Zamazenta-*, L50|\n|poke|p2|Ting-Lu, L50|\n|poke|p2|Dondozo, L50, M|\n|poke|p2|Chien-Pao, L50|\n|poke|p2|Ogerpon-Hearthflame, L50, F|\n|teampreview|4\n|inactive|Battle timer is ON: inactive players will automatically lose when time's up. (requested by Bman311)\n|\n|t:|1768949204\n|teamsize|p1|4\n|teamsize|p2|4\n|start\n|switch|p1a: Incineroar|Incineroar, L50, M|100/100\n|switch|p1b: Farigiraf|Farigiraf, L50, M|100/100\n|switch|p2a: 221 speed|Calyrex-Shadow, L50|100/100\n|switch|p2b: Chromakopia|Ogerpon-Hearthflame, L50, F|100/100\n|-ability|p2a: 221 speed|As One\n|-ability|p2a: 221 speed|Unnerve\n|-ability|p2b: Chromakopia|Mold Breaker\n|-ability|p1a: Incineroar|Intimidate|boost\n|-unboost|p2a: 221 speed|atk|1\n|-unboost|p2b: Chromakopia|atk|1\n|turn|1\n|\n|t:|1768949215\n|switch|p2a: Jordan 96/97|Ting-Lu, L50|100/100\n|-ability|p2a: Jordan 96/97|Vessel of Ruin\n|move|p2b: Chromakopia|Ivy Cudgel|p1b: Farigiraf|[anim] Ivy Cudgel Fire\n|-damage|p1b: Farigiraf|62/100\n|move|p1a: Incineroar|U-turn|p2b: Chromakopia\n|-damage|p2b: Chromakopia|72/100\n|\n|t:|1768949224\n|switch|p1a: Calyrex|Calyrex-Ice, L50|100/100|[from] U-turn\n|-ability|p1a: Calyrex|As One\n|-ability|p1a: Calyrex|Unnerve\n|move|p1b: Farigiraf|Trick Room|p1b: Farigiraf\n|-fieldstart|move: Trick Room|[of] p1b: Farigiraf\n|\n|upkeep\n|turn|2\n|\n|t:|1768949234\n|switch|p2b: Magnus Carlsen|Zamazenta-Crowned, L50|100/100\n|-ability|p2b: Magnus Carlsen|Dauntless Shield|boost\n|-boost|p2b: Magnus Carlsen|def|1\n|-terastallize|p2a: Jordan 96/97|Fairy\n|-terastallize|p1a: Calyrex|Water\n|move|p1b: Farigiraf|Helping Hand|p1a: Calyrex\n|-singleturn|p1a: Calyrex|Helping Hand|[of] p1b: Farigiraf\n|move|p2a: Jordan 96/97|Sand Tomb|p1b: Farigiraf\n|-crit|p1b: Farigiraf\n|-damage|p1b: Farigiraf|46/100\n|-activate|p1b: Farigiraf|move: Sand Tomb|[of] p2a: Jordan 96/97\n|move|p1a: Calyrex|Glacial Lance|p2a: Jordan 96/97|[spread] p2a,p2b\n|-resisted|p2b: Magnus Carlsen\n|-damage|p2a: Jordan 96/97|60/100\n|-damage|p2b: Magnus Carlsen|85/100\n|\n|-damage|p1b: Farigiraf|34/100|[from] move: Sand Tomb|[partiallytrapped]\n|upkeep\n|turn|3\n|\n|t:|1768949250\n|move|p1b: Farigiraf|Helping Hand|p1a: Calyrex\n|-singleturn|p1a: Calyrex|Helping Hand|[of] p1b: Farigiraf\n|move|p2b: Magnus Carlsen|Wide Guard|p2b: Magnus Carlsen\n|-singleturn|p2b: Magnus Carlsen|Wide Guard\n|move|p2a: Jordan 96/97|Sand Tomb|p1a: Calyrex\n|-damage|p1a: Calyrex|93/100\n|-activate|p1a: Calyrex|move: Sand Tomb|[of] p2a: Jordan 96/97\n|move|p1a: Calyrex|High Horsepower|p2b: Magnus Carlsen\n|-supereffective|p2b: Magnus Carlsen\n|-damage|p2b: Magnus Carlsen|43/100\n|\n|-damage|p1a: Calyrex|81/100|[from] move: Sand Tomb|[partiallytrapped]\n|-damage|p1b: Farigiraf|22/100|[from] move: Sand Tomb|[partiallytrapped]\n|upkeep\n|turn|4\n|\n|t:|1768949263\n|move|p2b: Magnus Carlsen|Wide Guard|p2b: Magnus Carlsen\n|-singleturn|p2b: Magnus Carlsen|Wide Guard\n|move|p2a: Jordan 96/97|Stealth Rock|p1b: Farigiraf\n|-sidestart|p1: Bman311|move: Stealth Rock\n|move|p1a: Calyrex|High Horsepower|p2b: Magnus Carlsen\n|-supereffective|p2b: Magnus Carlsen\n|-damage|p2b: Magnus Carlsen|14/100\n|move|p1b: Farigiraf|Psychic|p2b: Magnus Carlsen\n|-damage|p2b: Magnus Carlsen|0 fnt\n|faint|p2b: Magnus Carlsen\n|\n|-damage|p1a: Calyrex|69/100|[from] move: Sand Tomb|[partiallytrapped]\n|-damage|p1b: Farigiraf|10/100|[from] move: Sand Tomb|[partiallytrapped]\n|upkeep\n|\n|t:|1768949276\n|switch|p2b: Chromakopia|Ogerpon-Hearthflame, L50, F|72/100\n|-ability|p2b: Chromakopia|Mold Breaker\n|turn|5\n|\n|t:|1768949284\n|move|p2b: Chromakopia|Spiky Shield|p2b: Chromakopia\n|-singleturn|p2b: Chromakopia|move: Protect\n|move|p2a: Jordan 96/97|Ruination|p1a: Calyrex\n|-damage|p1a: Calyrex|35/100\n|move|p1a: Calyrex|Trick Room|p1a: Calyrex\n|-fieldend|move: Trick Room\n|move|p1b: Farigiraf|Trick Room|p1b: Farigiraf\n|-fieldstart|move: Trick Room|[of] p1b: Farigiraf\n|\n|-damage|p1a: Calyrex|23/100|[from] move: Sand Tomb|[partiallytrapped]\n|-damage|p1b: Farigiraf|0 fnt|[from] move: Sand Tomb|[partiallytrapped]\n|faint|p1b: Farigiraf\n|upkeep\n|\n|t:|1768949290\n|switch|p1b: Incineroar|Incineroar, L50, M|100/100\n|-damage|p1b: Incineroar|76/100|[from] Stealth Rock\n|-ability|p1b: Incineroar|Intimidate|boost\n|-unboost|p2a: Jordan 96/97|atk|1\n|-unboost|p2b: Chromakopia|atk|1\n|turn|6\n|\n|t:|1768949304\n|switch|p2b: 221 speed|Calyrex-Shadow, L50|100/100\n|-ability|p2b: 221 speed|As One\n|-ability|p2b: 221 speed|Unnerve\n|move|p2a: Jordan 96/97|Sand Tomb|p1a: Calyrex\n|-damage|p1a: Calyrex|17/100\n|move|p1a: Calyrex|Glacial Lance|p2b: 221 speed|[spread] p2a,p2b\n|-damage|p2a: Jordan 96/97|31/100\n|-damage|p2b: 221 speed|30/100\n|move|p1b: Incineroar|U-turn|p2b: 221 speed\n|-damage|p2b: 221 speed|4/100\n|\n|t:|1768949314\n|switch|p1b: Ursaluna|Ursaluna, L50, F|100/100|[from] U-turn\n|-damage|p1b: Ursaluna|95/100|[from] Stealth Rock\n|\n|-damage|p1a: Calyrex|5/100|[from] move: Sand Tomb|[partiallytrapped]\n|-status|p1b: Ursaluna|brn|[from] item: Flame Orb\n|upkeep\n|turn|7\n|\n|t:|1768949326\n|switch|p2b: Chromakopia|Ogerpon-Hearthflame, L50, F|72/100\n|-ability|p2b: Chromakopia|Mold Breaker\n|move|p2a: Jordan 96/97|Protect|p2a: Jordan 96/97\n|-singleturn|p2a: Jordan 96/97|Protect\n|move|p1b: Ursaluna|Earthquake|p2a: Jordan 96/97|[spread] p1a,p2b\n|-activate|p2a: Jordan 96/97|move: Protect\n|-crit|p1a: Calyrex\n|-damage|p1a: Calyrex|0 fnt\n|-damage|p2b: Chromakopia|0 fnt\n|faint|p1a: Calyrex\n|faint|p2b: Chromakopia\n|\n|-damage|p1b: Ursaluna|89/100 brn|[from] brn\n|upkeep\n|\n|t:|1768949336\n|switch|p1a: Incineroar|Incineroar, L50, M|76/100\n|switch|p2b: 221 speed|Calyrex-Shadow, L50|4/100\n|-ability|p2b: 221 speed|As One\n|-ability|p2b: 221 speed|Unnerve\n|-damage|p1a: Incineroar|51/100|[from] Stealth Rock\n|-ability|p1a: Incineroar|Intimidate|boost\n|-unboost|p2a: Jordan 96/97|atk|1\n|-unboost|p2b: 221 speed|atk|1\n|turn|8\n|c|\u2606ice spice rider|its cooked gg\n|c|\u2606Bman311|gg\n|\n|t:|1768949355\n|move|p2b: 221 speed|Protect|p2b: 221 speed\n|-singleturn|p2b: 221 speed|Protect\n|move|p1a: Incineroar|Fake Out|p2a: Jordan 96/97\n|-damage|p2a: Jordan 96/97|24/100\n|-damage|p1a: Incineroar|35/100|[from] item: Rocky Helmet|[of] p2a: Jordan 96/97\n|cant|p2a: Jordan 96/97|flinch\n|move|p1b: Ursaluna|Earthquake|p2a: Jordan 96/97|[spread] p1a,p2a\n|-activate|p2b: 221 speed|move: Protect\n|-supereffective|p1a: Incineroar\n|-damage|p1a: Incineroar|0 fnt\n|-damage|p2a: Jordan 96/97|0 fnt\n|faint|p1a: Incineroar\n|faint|p2a: Jordan 96/97\n|\n|-damage|p1b: Ursaluna|83/100 brn|[from] brn\n|upkeep\n|turn|9\n|\n|t:|1768949362\n|move|p2b: 221 speed|Protect|p2b: 221 speed\n|-singleturn|p2b: 221 speed|Protect\n|move|p1b: Ursaluna|Earthquake|p2b: 221 speed\n|-activate|p2b: 221 speed|move: Protect\n|\n|-damage|p1b: Ursaluna|77/100 brn|[from] brn\n|-fieldend|move: Trick Room\n|upkeep\n|turn|10\n|\n|t:|1768949367\n|move|p2b: 221 speed|Psychic|p1b: Ursaluna\n|-damage|p1b: Ursaluna|25/100 brn\n|move|p1b: Ursaluna|Earthquake|p2b: 221 speed\n|-damage|p2b: 221 speed|0 fnt\n|faint|p2b: 221 speed\n|\n|win|Bman311\n|raw|Bman311's rating: 1106 &rarr; <strong>1138</strong><br />(+32 for winning)\n|raw|ice spice rider's rating: 1203 &rarr; <strong>1171</strong><br />(-32 for losing)\n","uploadtime":1768949370,"views":21,"formatid":"gen9vgc2026regi","rating":1138,"private":0,"password":null}