{"id":"gen9vgc2026regi-2564574435","format":"[Gen 9] VGC 2026 Reg I","players":["Galact7adi","skadodosh"],"log":"|j|\u2606Galact7adi\n|j|\u2606skadodosh\n|t:|1774166962\n|gametype|doubles\n|player|p1|Galact7adi|2|1398\n|player|p2|skadodosh|red|1298\n|gen|9\n|tier|[Gen 9] VGC 2026 Reg I\n|rated|\n|rule|Species Clause: Limit one of each Pok\u00e9mon\n|rule|Item Clause: Limit 1 of each item\n|clearpoke\n|poke|p1|Miraidon, L50|\n|poke|p1|Incineroar, L50, F|\n|poke|p1|Urshifu-*, L50, M|\n|poke|p1|Lunala, L50|\n|poke|p1|Ursaluna, L50, F|\n|poke|p1|Grimmsnarl, L50, M|\n|poke|p2|Calyrex-Ice, L50|\n|poke|p2|Scraggy, L50, M|\n|poke|p2|Miraidon, L50|\n|poke|p2|Farigiraf, L50, M|\n|poke|p2|Iron Treads, L50|\n|poke|p2|Iron Hands, L50|\n|teampreview|4\n|inactive|Battle timer is ON: inactive players will automatically lose when time's up. (requested by skadodosh)\n|inactive|Galact7adi also wants the timer to be on.\n|inactive|Galact7adi has 60 seconds left.\n|\n|t:|1774166993\n|teamsize|p1|4\n|teamsize|p2|4\n|start\n|switch|p1a: Incineroar|Incineroar, L50, F|100/100\n|switch|p1b: Lunala|Lunala, L50|100/100\n|switch|p2a: Calyrex|Calyrex-Ice, L50|100/100\n|switch|p2b: Scraggy|Scraggy, L50, M|100/100\n|-ability|p2a: Calyrex|As One\n|-ability|p2a: Calyrex|Unnerve\n|-ability|p1a: Incineroar|Intimidate|boost\n|-fail|p2a: Calyrex|unboost|[from] item: Clear Amulet|[of] p2a: Calyrex\n|-unboost|p2b: Scraggy|atk|1\n|-ability|p2b: Scraggy|Intimidate|boost\n|-unboost|p1a: Incineroar|atk|1\n|-unboost|p1b: Lunala|atk|1\n|turn|1\n|inactive|skadodosh has 30 seconds left.\n|inactive|skadodosh has 20 seconds left.\n|\n|t:|1774167028\n|-terastallize|p2a: Calyrex|Fire\n|move|p1a: Incineroar|Fake Out|p2a: Calyrex\n|-damage|p2a: Calyrex|96/100\n|move|p2b: Scraggy|Fake Out|p1a: Incineroar\n|-damage|p1a: Incineroar|96/100\n|move|p1b: Lunala|Moonblast|p2b: Scraggy\n|-supereffective|p2b: Scraggy\n|-damage|p2b: Scraggy|0 fnt\n|faint|p2b: Scraggy\n|cant|p2a: Calyrex|flinch\n|\n|upkeep\n|\n|t:|1774167049\n|switch|p2b: Iron Treads|Iron Treads, L50|100/100\n|turn|2\n|inactive|Galact7adi has 30 seconds left.\n|inactive|Galact7adi has 20 seconds left.\n|\n|t:|1774167087\n|-terastallize|p1a: Incineroar|Bug\n|move|p2b: Iron Treads|Protect|p2b: Iron Treads\n|-singleturn|p2b: Iron Treads|Protect\n|move|p1b: Lunala|Wide Guard|p1b: Lunala\n|-singleturn|p1b: Lunala|Wide Guard\n|move|p1a: Incineroar|U-turn|p2b: Iron Treads\n|-activate|p2b: Iron Treads|move: Protect\n|move|p2a: Calyrex|Trick Room|p2a: Calyrex\n|-fieldstart|move: Trick Room|[of] p2a: Calyrex\n|\n|upkeep\n|turn|3\n|\n|t:|1774167103\n|move|p2a: Calyrex|Glacial Lance|p1a: Incineroar|[spread] p1a,p1b\n|-damage|p1a: Incineroar|51/100\n|-damage|p1b: Lunala|78/100\n|move|p1a: Incineroar|U-turn|p2b: Iron Treads\n|-resisted|p2b: Iron Treads\n|-damage|p2b: Iron Treads|93/100\n|\n|t:|1774167106\n|switch|p1a: Ursaluna|Ursaluna, L50, F|100/100|[from] U-turn\n|move|p1b: Lunala|Moongeist Beam|p2a: Calyrex\n|-damage|p2a: Calyrex|59/100\n|move|p2b: Iron Treads|Knock Off|p1b: Lunala\n|-supereffective|p1b: Lunala\n|-damage|p1b: Lunala|0 fnt\n|-enditem|p1b: Lunala|Electric Seed|[from] move: Knock Off|[of] p2b: Iron Treads\n|faint|p1b: Lunala\n|-damage|p2b: Iron Treads|83/100|[from] item: Life Orb\n|\n|-status|p1a: Ursaluna|brn|[from] item: Flame Orb\n|upkeep\n|\n|t:|1774167111\n|switch|p1b: Incineroar|Incineroar, L50, F, tera:Bug|51/100\n|-ability|p1b: Incineroar|Intimidate|boost\n|-fail|p2a: Calyrex|unboost|[from] item: Clear Amulet|[of] p2a: Calyrex\n|-unboost|p2b: Iron Treads|atk|1\n|turn|4\n|\n|t:|1774167131\n|move|p2a: Calyrex|Protect|p2a: Calyrex\n|-singleturn|p2a: Calyrex|Protect\n|move|p2b: Iron Treads|Protect|p2b: Iron Treads\n|-singleturn|p2b: Iron Treads|Protect\n|move|p1b: Incineroar|Fake Out|p2b: Iron Treads\n|-activate|p2b: Iron Treads|move: Protect\n|move|p1a: Ursaluna|Facade|p2a: Calyrex\n|-activate|p2a: Calyrex|move: Protect\n|\n|-damage|p1a: Ursaluna|95/100 brn|[from] brn\n|upkeep\n|turn|5\n|\n|t:|1774167150\n|move|p2a: Calyrex|Glacial Lance|p1a: Ursaluna|[spread] p1a,p1b\n|-supereffective|p1a: Ursaluna\n|-damage|p1a: Ursaluna|3/100 brn\n|-damage|p1b: Incineroar|0 fnt\n|faint|p1b: Incineroar\n|-ability|p2a: Calyrex|Chilling Neigh|boost\n|-boost|p2a: Calyrex|atk|1\n|move|p1a: Ursaluna|Earthquake|p2a: Calyrex|[spread] p2a,p2b\n|-supereffective|p2a: Calyrex\n|-supereffective|p2b: Iron Treads\n|-damage|p2a: Calyrex|0 fnt\n|-damage|p2b: Iron Treads|0 fnt\n|faint|p2a: Calyrex\n|faint|p2b: Iron Treads\n|-end|p2b: Iron Treads|Quark Drive|[silent]\n|\n|-damage|p1a: Ursaluna|0 fnt|[from] brn\n|faint|p1a: Ursaluna\n|upkeep\n|\n|t:|1774167160\n|switch|p2a: Miraidon|Miraidon, L50|100/100\n|switch|p1b: Miraidon|Miraidon, L50|100/100\n|-fieldstart|move: Electric Terrain|[from] ability: Hadron Engine|[of] p2a: Miraidon\n|-activate|p1b: Miraidon|ability: Hadron Engine\n|turn|6\n|\n|t:|1774167169\n|move|p2a: Miraidon|Dazzling Gleam|p1b: Miraidon\n|-supereffective|p1b: Miraidon\n|-damage|p1b: Miraidon|0 fnt\n|faint|p1b: Miraidon\n|\n|win|skadodosh\n|raw|Galact7adi's rating: 1398 &rarr; <strong>1372</strong><br />(-26 for losing)\n|raw|skadodosh's rating: 1298 &rarr; <strong>1330</strong><br />(+32 for winning)\n|l|\u2606Galact7adi\n|player|p1|\n|l|\u2606skadodosh\n|player|p2|\n","uploadtime":1774167363,"views":12,"formatid":"gen9vgc2026regi","rating":1330,"private":0,"password":null}