{"id":"gen9vgc2026regi-2562555914","format":"[Gen 9] VGC 2026 Reg I","players":["itastelikeiron","shockye"],"log":"|j|\u2606itastelikeiron\n|j|\u2606shockye\n|t:|1773929953\n|gametype|doubles\n|player|p1|itastelikeiron|infielder|1428\n|player|p2|shockye|drayden|1332\n|gen|9\n|tier|[Gen 9] VGC 2026 Reg I\n|rated|\n|rule|Species Clause: Limit one of each Pok\u00e9mon\n|rule|Item Clause: Limit 1 of each item\n|clearpoke\n|poke|p1|Ting-Lu, L50|\n|poke|p1|Ogerpon-Hearthflame, L50, F|\n|poke|p1|Calyrex-Shadow, L50|\n|poke|p1|Koraidon, L50|\n|poke|p1|Dondozo, L50, F|\n|poke|p1|Raging Bolt, L50|\n|poke|p2|Miraidon, L50|\n|poke|p2|Lunala, L50|\n|poke|p2|Whimsicott, L50, F|\n|poke|p2|Urshifu-*, L50, F|\n|poke|p2|Incineroar, L50, M|\n|poke|p2|Ursaluna, L50, F|\n|teampreview|4\nshockye has agreed to open team sheets.\nitastelikeiron has agreed to open team sheets.\n|showteam|p1|Ting-Lu||RockyHelmet|VesselofRuin|Ruination,SandTomb,StealthRock,Protect||||||50|,,,,,Fairy]Ogerpon-Hearthflame||HearthflameMask|MoldBreaker|IvyCudgel,Taunt,FollowMe,SpikyShield|||F|||50|,,,,,Fire]Calyrex-Shadow||FocusSash|AsOneSpectrier|AstralBarrage,Psychic,Encore,Protect||||||50|,,,,,Ghost]Koraidon||ClearAmulet|OrichalcumPulse|FlareBlitz,CollisionCourse,FlameCharge,Protect||||||50|,,,,,Fire]Dondozo||Leftovers|Oblivious|WaveCrash,Yawn,Fissure,Protect|||F|||50|,,,,,Dragon]Raging Bolt||AssaultVest|Protosynthesis|Thunderclap,DragonPulse,Thunderbolt,Electroweb||||||50|,,,,,Electric\n|showteam|p2|Miraidon||LifeOrb|HadronEngine|ElectroDrift,DracoMeteor,VoltSwitch,Protect||||||50|,,,,,Electric]Lunala||ElectricSeed|ShadowShield|MoongeistBeam,Moonblast,WideGuard,TrickRoom||||||50|,,,,,Fairy]Whimsicott||CovertCloak|Prankster|Moonblast,Encore,LightScreen,Tailwind|||F|||50|,,,,,Water]Urshifu-Rapid-Strike||ChoiceBand|UnseenFist|SurgingStrikes,CloseCombat,AquaJet,Uturn|||F|||50|,,,,,Ghost]Incineroar||AssaultVest|Intimidate|FlareBlitz,KnockOff,Uturn,FakeOut|||M|||50|,,,,,Bug]Ursaluna||FlameOrb|Guts|Facade,HeadlongRush,Earthquake,Protect|||F|||50|,,,,,Ghost\n|\n|t:|1773930030\n|teamsize|p1|4\n|teamsize|p2|4\n|start\n|switch|p1a: Ting-Lu|Ting-Lu, L50|100/100\n|switch|p1b: Ogerpon|Ogerpon-Hearthflame, L50, F|100/100\n|switch|p2a: Miraidon|Miraidon, L50|100/100\n|switch|p2b: Lunala|Lunala, L50|100/100\n|-fieldstart|move: Electric Terrain|[from] ability: Hadron Engine|[of] p2a: Miraidon\n|-enditem|p2b: Lunala|Electric Seed\n|-boost|p2b: Lunala|def|1|[from] item: Electric Seed\n|-ability|p1b: Ogerpon|Mold Breaker\n|-ability|p1a: Ting-Lu|Vessel of Ruin\n|turn|1\n|\n|t:|1773930058\n|move|p2a: Miraidon|Volt Switch|p1b: Ogerpon\n|-resisted|p1b: Ogerpon\n|-damage|p1b: Ogerpon|66/100\n|-damage|p2a: Miraidon|91/100|[from] item: Life Orb\n|\n|t:|1773930062\n|switch|p2a: Incineroar|Incineroar, L50, M|100/100|[from] Volt Switch\n|-ability|p2a: Incineroar|Intimidate|boost\n|-unboost|p1a: Ting-Lu|atk|1\n|-unboost|p1b: Ogerpon|atk|1\n|move|p1b: Ogerpon|Taunt|p2b: Lunala\n|-start|p2b: Lunala|move: Taunt\n|move|p2b: Lunala|Moonblast|p1a: Ting-Lu\n|-supereffective|p1a: Ting-Lu\n|-damage|p1a: Ting-Lu|63/100\n|move|p1a: Ting-Lu|Ruination|p2b: Lunala\n|-damage|p2b: Lunala|50/100\n|\n|upkeep\n|turn|2\n|\n|t:|1773930093\n|move|p1b: Ogerpon|Ivy Cudgel|p2b: Lunala|[anim] Ivy Cudgel Fire\n|-damage|p2b: Lunala|32/100\n|move|p2b: Lunala|Moonblast|p1a: Ting-Lu\n|-supereffective|p1a: Ting-Lu\n|-damage|p1a: Ting-Lu|26/100\n|-unboost|p1a: Ting-Lu|spa|1\n|move|p2a: Incineroar|Knock Off|p1a: Ting-Lu\n|-resisted|p1a: Ting-Lu\n|-damage|p1a: Ting-Lu|16/100\n|-damage|p2a: Incineroar|84/100|[from] item: Rocky Helmet|[of] p1a: Ting-Lu\n|-enditem|p1a: Ting-Lu|Rocky Helmet|[from] move: Knock Off|[of] p2a: Incineroar\n|move|p1a: Ting-Lu|Stealth Rock|p2b: Lunala\n|-sidestart|p2: shockye|move: Stealth Rock\n|\n|upkeep\n|turn|3\n|\n|t:|1773930119\n|-terastallize|p1b: Ogerpon|Fire\n|detailschange|p1b: Ogerpon|Ogerpon-Hearthflame-Tera, L50, F, tera:Fire\n|-ability|p1b: Ogerpon|Embody Aspect (Hearthflame)|boost\n|-boost|p1b: Ogerpon|atk|1\n|move|p1b: Ogerpon|Ivy Cudgel|p2b: Lunala|[anim] Ivy Cudgel Fire\n|-damage|p2b: Lunala|0 fnt\n|faint|p2b: Lunala\n|move|p2a: Incineroar|U-turn|p1b: Ogerpon\n|-resisted|p1b: Ogerpon\n|-damage|p1b: Ogerpon|56/100\n|\n|t:|1773930128\n|switch|p2a: Miraidon|Miraidon, L50|91/100|[from] U-turn\n|-damage|p2a: Miraidon|79/100|[from] Stealth Rock\n|-activate|p2a: Miraidon|ability: Hadron Engine\n|move|p1a: Ting-Lu|Sand Tomb|p2a: Miraidon\n|-supereffective|p2a: Miraidon\n|-damage|p2a: Miraidon|61/100\n|-activate|p2a: Miraidon|move: Sand Tomb|[of] p1a: Ting-Lu\n|\n|-damage|p2a: Miraidon|49/100|[from] move: Sand Tomb|[partiallytrapped]\n|upkeep\n|\n|t:|1773930139\n|switch|p2b: Incineroar|Incineroar, L50, M|84/100\n|-damage|p2b: Incineroar|59/100|[from] Stealth Rock\n|-ability|p2b: Incineroar|Intimidate|boost\n|-unboost|p1a: Ting-Lu|atk|1\n|-unboost|p1b: Ogerpon|atk|1\n|turn|4\n|\n|t:|1773930155\n|move|p1b: Ogerpon|Spiky Shield|p1b: Ogerpon\n|-singleturn|p1b: Ogerpon|move: Protect\n|move|p2b: Incineroar|Fake Out|p1a: Ting-Lu\n|-damage|p1a: Ting-Lu|10/100\n|move|p2a: Miraidon|Electro Drift|p1b: Ogerpon\n|-activate|p1b: Ogerpon|move: Protect\n|-damage|p2a: Miraidon|36/100|[from] Spiky Shield|[of] p1b: Ogerpon\n|cant|p1a: Ting-Lu|flinch\n|\n|-damage|p2a: Miraidon|24/100|[from] move: Sand Tomb|[partiallytrapped]\n|upkeep\n|turn|5\n|\n|t:|1773930182\n|move|p2a: Miraidon|Volt Switch|p1b: Ogerpon\n|-damage|p1b: Ogerpon|0 fnt\n|faint|p1b: Ogerpon\n|detailschange|p1: Ogerpon|Ogerpon-Hearthflame, L50, F|[silent]\n|-damage|p2a: Miraidon|14/100|[from] item: Life Orb\n|\n|t:|1773930186\n|switch|p2a: Urshifu|Urshifu-Rapid-Strike, L50, F|100/100|[from] Volt Switch\n|-damage|p2a: Urshifu|95/100|[from] Stealth Rock\n|move|p2b: Incineroar|Knock Off|p1a: Ting-Lu\n|-resisted|p1a: Ting-Lu\n|-damage|p1a: Ting-Lu|4/100\n|move|p1a: Ting-Lu|Ruination|p2b: Incineroar|[miss]\n|-miss|p1a: Ting-Lu|p2b: Incineroar\n|\n|-fieldend|move: Electric Terrain\n|upkeep\n|\n|t:|1773930201\n|switch|p1b: Koraidon|Koraidon, L50|100/100\n|-weather|SunnyDay|[from] ability: Orichalcum Pulse|[of] p1b: Koraidon\n|-activate|p1b: Koraidon|Orichalcum Pulse|[source]\n|turn|6\n|\n|t:|1773930219\n|-terastallize|p2a: Urshifu|Ghost\n|move|p1b: Koraidon|Collision Course|p2b: Incineroar\n|-supereffective|p2b: Incineroar\n|-damage|p2b: Incineroar|0 fnt\n|faint|p2b: Incineroar\n|move|p2a: Urshifu|Close Combat|p1b: Koraidon\n|-damage|p1b: Koraidon|14/100\n|-unboost|p2a: Urshifu|def|1\n|-unboost|p2a: Urshifu|spd|1\n|move|p1a: Ting-Lu|Ruination|p2a: Urshifu\n|-damage|p2a: Urshifu|48/100\n|\n|-weather|SunnyDay|[upkeep]\n|upkeep\n|\n|t:|1773930232\n|switch|p2b: Miraidon|Miraidon, L50|14/100\n|-damage|p2b: Miraidon|2/100|[from] Stealth Rock\n|-fieldstart|move: Electric Terrain|[from] ability: Hadron Engine|[of] p2b: Miraidon\n|turn|7\n|\n|t:|1773930247\n|move|p1b: Koraidon|Flare Blitz|p2a: Urshifu\n|-damage|p2a: Urshifu|0 fnt\n|faint|p2a: Urshifu\n|-damage|p1b: Koraidon|0 fnt|[from] Recoil\n|faint|p1b: Koraidon\n|move|p2b: Miraidon|Electro Drift|p1a: Ting-Lu\n|-immune|p1a: Ting-Lu\n|move|p1a: Ting-Lu|Ruination|p2b: Miraidon\n|-damage|p2b: Miraidon|2/100\n|\n|-weather|SunnyDay|[upkeep]\n|upkeep\n|\n|t:|1773930252\n|switch|p1b: Calyrex|Calyrex-Shadow, L50|100/100\n|-ability|p1b: Calyrex|As One\n|-ability|p1b: Calyrex|Unnerve\n|turn|8\n|\n|t:|1773930264\n|move|p1b: Calyrex|Astral Barrage|p2b: Miraidon\n|-damage|p2b: Miraidon|0 fnt\n|faint|p2b: Miraidon\n|\n|win|itastelikeiron\n|raw|itastelikeiron's rating: 1428 &rarr; <strong>1443</strong><br />(+15 for winning)\n|raw|shockye's rating: 1332 &rarr; <strong>1317</strong><br />(-15 for losing)\n|l|\u2606shockye\n|player|p2|\n","uploadtime":1773930268,"views":10,"formatid":"gen9vgc2026regi","rating":1317,"private":0,"password":null}