{"id":"gen9vgc2026regi-2567706776","format":"[Gen 9] VGC 2026 Reg I","players":["JERRY RIVERA","darkest_contender"],"log":"|j|\u2606JERRY RIVERA\n|j|\u2606darkest_contender\n|t:|1774507440\n|gametype|doubles\n|player|p1|JERRY RIVERA|silver|1462\n|player|p2|darkest_contender|cynthia-masters3|1432\n|gen|9\n|tier|[Gen 9] VGC 2026 Reg I\n|rated|\n|rule|Species Clause: Limit one of each Pok\u00e9mon\n|rule|Item Clause: Limit 1 of each item\n|clearpoke\n|poke|p1|Kyogre, L50|\n|poke|p1|Calyrex-Shadow, L50|\n|poke|p1|Weezing-Galar, L50, F|\n|poke|p1|Dondozo, L50, F|\n|poke|p1|Tatsugiri-Droopy, L50, F|\n|poke|p1|Tornadus, L50, M|\n|poke|p2|Calyrex-Shadow, L50|\n|poke|p2|Zamazenta-*, L50|\n|poke|p2|Ogerpon-Cornerstone, L50, F|\n|poke|p2|Flutter Mane, L50|\n|poke|p2|Whimsicott, L50, F|\n|poke|p2|Torkoal, L50, M|\n|teampreview|4\n|inactive|Battle timer is ON: inactive players will automatically lose when time's up. (requested by darkest_contender)\n|\n|t:|1774507463\n|teamsize|p1|4\n|teamsize|p2|4\n|start\n|switch|p1a: Tornadus|Tornadus, L50, M|100/100\n|switch|p1b: Kyogre|Kyogre, L50|100/100\n|switch|p2a: Calyrex|Calyrex-Shadow, L50|100/100\n|switch|p2b: Ogerpon|Ogerpon-Cornerstone, L50, F|100/100\n|-ability|p2a: Calyrex|As One\n|-ability|p2a: Calyrex|Unnerve\n|-weather|RainDance|[from] ability: Drizzle|[of] p1b: Kyogre\n|turn|1\n|\n|t:|1774507485\n|move|p2a: Calyrex|Protect|p2a: Calyrex\n|-singleturn|p2a: Calyrex|Protect\n|move|p1a: Tornadus|Rain Dance||[still]\n|-fail|p1a: Tornadus\n|move|p1b: Kyogre|Water Spout|p2b: Ogerpon|[spread] p2b\n|-activate|p2a: Calyrex|move: Protect\n|-ability|p2b: Ogerpon|Sturdy\n|-damage|p2b: Ogerpon|1/100\n|move|p2b: Ogerpon|Power Whip|p1b: Kyogre\n|-supereffective|p1b: Kyogre\n|-damage|p1b: Kyogre|0 fnt\n|faint|p1b: Kyogre\n|\n|-weather|RainDance|[upkeep]\n|upkeep\n|\n|t:|1774507492\n|switch|p1b: Chorizo|Dondozo, L50, F|100/100\n|turn|2\n|\n|t:|1774507507\n|switch|p1a: Tatsugiri|Tatsugiri-Droopy, L50, F|100/100\n|-activate|p1a: Tatsugiri|ability: Commander|[of] p1b: Chorizo\n|-boost|p1b: Chorizo|atk|2\n|-boost|p1b: Chorizo|spa|2\n|-boost|p1b: Chorizo|spe|2\n|-boost|p1b: Chorizo|def|2\n|-boost|p1b: Chorizo|spd|2\n|-terastallize|p1b: Chorizo|Grass\n|move|p2a: Calyrex|Astral Barrage|p1b: Chorizo|[spread] p1b\n|-miss|p2a: Calyrex|p1a: Tatsugiri\n|-damage|p1b: Chorizo|81/100\n|move|p2b: Ogerpon|Power Whip|p1b: Chorizo|[miss]\n|-miss|p2b: Ogerpon|p1b: Chorizo\n|move|p1b: Chorizo|Earthquake|p2b: Ogerpon|[spread] p2a,p2b\n|-miss|p1b: Chorizo|p1a: Tatsugiri\n|-damage|p2a: Calyrex|60/100\n|-damage|p2b: Ogerpon|0 fnt\n|faint|p2b: Ogerpon\n|\n|-weather|RainDance|[upkeep]\n|-heal|p1b: Chorizo|88/100|[from] item: Leftovers\n|upkeep\n|\n|t:|1774507523\n|switch|p2b: Flutter Mane|Flutter Mane, L50|100/100\n|-enditem|p2b: Flutter Mane|Booster Energy\n|-activate|p2b: Flutter Mane|ability: Protosynthesis|[fromitem]\n|-start|p2b: Flutter Mane|protosynthesisspe\n|turn|3\n|\n|t:|1774507530\n|-terastallize|p2b: Flutter Mane|Fairy\n|move|p2b: Flutter Mane|Moonblast|p1b: Chorizo\n|-damage|p1b: Chorizo|66/100\n|-unboost|p1b: Chorizo|spa|1\n|move|p2a: Calyrex|Astral Barrage|p1a: Tatsugiri|[spread] p1b\n|-miss|p2a: Calyrex|p1a: Tatsugiri\n|-damage|p1b: Chorizo|45/100\n|move|p1b: Chorizo|Earthquake|p2a: Calyrex|[spread] p2a,p2b\n|-miss|p1b: Chorizo|p1a: Tatsugiri\n|-damage|p2a: Calyrex|15/100\n|-damage|p2b: Flutter Mane|20/100\n|\n|-weather|RainDance|[upkeep]\n|-heal|p1b: Chorizo|51/100|[from] item: Leftovers\n|upkeep\n|turn|4\n|inactive|JERRY RIVERA has 30 seconds left.\n|\n|t:|1774507561\n|move|p2b: Flutter Mane|Moonblast|p1b: Chorizo\n|-damage|p1b: Chorizo|26/100\n|move|p2a: Calyrex|Astral Barrage|p1b: Chorizo|[spread] p1b\n|-miss|p2a: Calyrex|p1a: Tatsugiri\n|-damage|p1b: Chorizo|7/100\n|move|p1b: Chorizo|Earthquake|p2a: Calyrex|[spread] p2a,p2b\n|-miss|p1b: Chorizo|p1a: Tatsugiri\n|-crit|p2b: Flutter Mane\n|-damage|p2a: Calyrex|0 fnt\n|-damage|p2b: Flutter Mane|0 fnt\n|faint|p2a: Calyrex\n|faint|p2b: Flutter Mane\n|-end|p2b: Flutter Mane|Protosynthesis|[silent]\n|\n|-weather|RainDance|[upkeep]\n|-heal|p1b: Chorizo|13/100|[from] item: Leftovers\n|upkeep\n|\n|t:|1774507570\n|switch|p2a: Zamazenta|Zamazenta-Crowned, L50|100/100\n|-ability|p2a: Zamazenta|Dauntless Shield|boost\n|-boost|p2a: Zamazenta|def|1\n|turn|5\n|\n|t:|1774507577\n|move|p1b: Chorizo|Protect|p1b: Chorizo\n|-singleturn|p1b: Chorizo|Protect\n|move|p2a: Zamazenta|Iron Defense|p2a: Zamazenta\n|-boost|p2a: Zamazenta|def|2\n|\n|-weather|none\n|-heal|p1b: Chorizo|19/100|[from] item: Leftovers\n|upkeep\n|turn|6\n|\n|t:|1774507589\n|move|p2a: Zamazenta|Body Press|p1b: Chorizo\n|-damage|p1b: Chorizo|4/100\n|move|p1b: Chorizo|Body Press|p2a: Zamazenta\n|-supereffective|p2a: Zamazenta\n|-damage|p2a: Zamazenta|54/100\n|\n|-heal|p1b: Chorizo|10/100|[from] item: Leftovers\n|upkeep\n|turn|7\n|\n|t:|1774507598\n|move|p1b: Chorizo|Protect|p1b: Chorizo\n|-singleturn|p1b: Chorizo|Protect\n|move|p2a: Zamazenta|Body Press|p1b: Chorizo\n|-activate|p1b: Chorizo|move: Protect\n|\n|-heal|p1b: Chorizo|16/100|[from] item: Leftovers\n|upkeep\n|turn|8\n|\n|t:|1774507606\n|move|p2a: Zamazenta|Body Press|p1b: Chorizo\n|-damage|p1b: Chorizo|0 fnt\n|faint|p1b: Chorizo\n|\n|upkeep\n|\n|t:|1774507609\n|switch|p1b: Tornadus|Tornadus, L50, M|100/100\n|turn|9\n|\n|t:|1774507615\n|move|p1b: Tornadus|Bleakwind Storm|p2a: Zamazenta\n|-damage|p2a: Zamazenta|21/100\n|move|p2a: Zamazenta|Behemoth Bash|p1b: Tornadus\n|-crit|p1b: Tornadus\n|-damage|p1b: Tornadus|3/100\n|move|p1a: Tatsugiri|Muddy Water|p2a: Zamazenta\n|-damage|p2a: Zamazenta|0 fnt\n|faint|p2a: Zamazenta\n|\n|win|JERRY RIVERA\n|raw|JERRY RIVERA's rating: 1462 &rarr; <strong>1480</strong><br />(+18 for winning)\n|raw|darkest_contender's rating: 1432 &rarr; <strong>1414</strong><br />(-18 for losing)\n|l|\u2606darkest_contender\n|player|p2|\n|l|\u2606JERRY RIVERA\n|player|p1|\n","uploadtime":1774507839,"views":11,"formatid":"gen9vgc2026regi","rating":1414,"private":0,"password":null}