{"id":"gen9vgc2026regi-2534488519","format":"[Gen 9] VGC 2026 Reg I","players":["yukiko_denene","cdogp3"],"log":"|j|\u2606yukiko_denene\n|j|\u2606cdogp3\n|t:|1770427376\n|gametype|doubles\n|player|p1|yukiko_denene|roxie|1417\n|player|p2|cdogp3|hoopster|1550\n|gen|9\n|tier|[Gen 9] VGC 2026 Reg I\n|rated|\n|rule|Species Clause: Limit one of each Pok\u00e9mon\n|rule|Item Clause: Limit 1 of each item\n|clearpoke\n|poke|p1|Whimsicott, L50, M|\n|poke|p1|Miraidon, L50|\n|poke|p1|Incineroar, L50, M|\n|poke|p1|Lunala, L50|\n|poke|p1|Ursaluna, L50, M|\n|poke|p1|Urshifu-*, L50, F|\n|poke|p2|Calyrex-Shadow, L50|\n|poke|p2|Zamazenta-*, L50|\n|poke|p2|Chien-Pao, L50|\n|poke|p2|Raging Bolt, L50|\n|poke|p2|Ogerpon-Cornerstone, L50, F|\n|poke|p2|Amoonguss, L50, F|\n|teampreview|4\n|inactive|Battle timer is ON: inactive players will automatically lose when time's up. (requested by cdogp3)\n|inactive|yukiko_denene has 60 seconds left.\n|inactive|yukiko_denene has 30 seconds left.\n|inactive|yukiko_denene has 20 seconds left.\n|j| here's where king!\n|inactive|yukiko_denene has 15 seconds left.\n|\n|t:|1770427454\n|teamsize|p1|4\n|teamsize|p2|4\n|start\n|switch|p1a: Lunala|Lunala, L50|100/100\n|switch|p1b: Miraidon|Miraidon, L50|100/100\n|switch|p2a: Zamazenta|Zamazenta-Crowned, L50|100/100\n|switch|p2b: Sean|Chien-Pao, L50|100/100\n|-ability|p2b: Sean|Sword of Ruin\n|-fieldstart|move: Electric Terrain|[from] ability: Hadron Engine|[of] p1b: Miraidon\n|-enditem|p1a: Lunala|Electric Seed\n|-boost|p1a: Lunala|def|1|[from] item: Electric Seed\n|-ability|p2a: Zamazenta|Dauntless Shield|boost\n|-boost|p2a: Zamazenta|def|1\n|turn|1\n|inactive|yukiko_denene has 30 seconds left.\n|inactive|yukiko_denene has 20 seconds left.\n|\n|t:|1770427492\n|switch|p1a: Incineroar|Incineroar, L50, M|100/100\n|-ability|p1a: Incineroar|Intimidate|boost\n|-unboost|p2a: Zamazenta|atk|1\n|-unboost|p2b: Sean|atk|1\n|move|p1b: Miraidon|Protect|p1b: Miraidon\n|-singleturn|p1b: Miraidon|Protect\n|move|p2b: Sean|Ice Spinner|p1a: Incineroar\n|-resisted|p1a: Incineroar\n|-damage|p1a: Incineroar|87/100\n|-fieldend|move: Electric Terrain\n|move|p2a: Zamazenta|Body Press|p1b: Miraidon\n|-activate|p1b: Miraidon|move: Protect\n|\n|upkeep\n|turn|2\n|inactive|yukiko_denene has 30 seconds left.\n|inactive|yukiko_denene has 20 seconds left.\n|\n|t:|1770427528\n|switch|p1b: Lunala|Lunala, L50|100/100\n|-terastallize|p1a: Incineroar|Bug\n|move|p2b: Sean|Ice Spinner|p1b: Lunala\n|-damage|p1b: Lunala|87/100\n|move|p2a: Zamazenta|Body Press|p1a: Incineroar\n|-resisted|p1a: Incineroar\n|-damage|p1a: Incineroar|45/100\n|move|p1a: Incineroar|U-turn|p2b: Sean\n|-supereffective|p2b: Sean\n|-damage|p2b: Sean|17/100\n|\n|t:|1770427544\n|switch|p1a: Miraidon|Miraidon, L50|100/100|[from] U-turn\n|-fieldstart|move: Electric Terrain|[from] ability: Hadron Engine|[of] p1a: Miraidon\n|\n|upkeep\n|turn|3\n|\n|t:|1770427561\n|move|p2b: Sean|Ice Spinner|p1b: Lunala\n|-damage|p1b: Lunala|60/100\n|-fieldend|move: Electric Terrain\n|move|p1a: Miraidon|Electro Drift|p2a: Zamazenta\n|-damage|p2a: Zamazenta|53/100\n|-damage|p1a: Miraidon|91/100|[from] item: Life Orb\n|move|p2a: Zamazenta|Body Press|p1a: Miraidon\n|-damage|p1a: Miraidon|7/100\n|move|p1b: Lunala|Trick Room|p1b: Lunala\n|-fieldstart|move: Trick Room|[of] p1b: Lunala\n|\n|upkeep\n|turn|4\n|\n|t:|1770427584\n|move|p1b: Lunala|Wide Guard|p1b: Lunala\n|-singleturn|p1b: Lunala|Wide Guard\n|move|p2b: Sean|Sucker Punch||[still]\n|-fail|p2b: Sean\n|move|p2a: Zamazenta|Body Press|p1a: Miraidon\n|-damage|p1a: Miraidon|0 fnt\n|faint|p1a: Miraidon\n|\n|upkeep\n|\n|t:|1770427599\n|switch|p1a: Incineroar|Incineroar, L50, M, tera:Bug|45/100\n|-ability|p1a: Incineroar|Intimidate|boost\n|-unboost|p2a: Zamazenta|atk|1\n|-unboost|p2b: Sean|atk|1\n|turn|5\n|\n|t:|1770427614\n|switch|p1b: Ursaluna|Ursaluna, L50, M|100/100\n|switch|p2a: Amoonguss|Amoonguss, L50, F|100/100\n|move|p2b: Sean|Sucker Punch||[still]\n|-fail|p2b: Sean\n|move|p1a: Incineroar|Flare Blitz|p2a: Amoonguss\n|-supereffective|p2a: Amoonguss\n|-damage|p2a: Amoonguss|0 fnt\n|-damage|p1a: Incineroar|28/100|[from] item: Rocky Helmet|[of] p2a: Amoonguss\n|faint|p2a: Amoonguss\n|-damage|p1a: Incineroar|0 fnt|[from] Recoil\n|faint|p1a: Incineroar\n|\n|-status|p1b: Ursaluna|brn|[from] item: Flame Orb\n|upkeep\n|\n|t:|1770427632\n|switch|p2a: Calyrex|Calyrex-Shadow, L50|100/100\n|switch|p1a: Lunala|Lunala, L50|60/100\n|-ability|p2a: Calyrex|As One\n|-ability|p2a: Calyrex|Unnerve\n|turn|6\n|inactive|yukiko_denene has 30 seconds left.\n|inactive|yukiko_denene has 20 seconds left.\n|j| riyuezi\n|inactive|yukiko_denene has 15 seconds left.\n|\n|t:|1770427675\n|move|p1a: Lunala|Wide Guard|p1a: Lunala\n|-singleturn|p1a: Lunala|Wide Guard\n|move|p2b: Sean|Sucker Punch||[still]\n|-fail|p2b: Sean\n|move|p1b: Ursaluna|Earthquake|p2b: Sean|[spread] p2a,p2b\n|-activate|p1a: Lunala|move: Wide Guard\n|-enditem|p2a: Calyrex|Focus Sash\n|-damage|p2a: Calyrex|1/100\n|-damage|p2b: Sean|0 fnt\n|faint|p2b: Sean\n|move|p2a: Calyrex|Encore|p1a: Lunala\n|-start|p1a: Lunala|Encore\n|\n|-damage|p1b: Ursaluna|95/100 brn|[from] brn\n|upkeep\n|\n|t:|1770427681\n|switch|p2b: Zamazenta|Zamazenta-Crowned, L50|53/100\n|turn|7\n|l| riyuezi\n|l| here's where king!\n|\n|t:|1770427706\n|move|p2b: Zamazenta|Protect|p2b: Zamazenta\n|-singleturn|p2b: Zamazenta|Protect\n|move|p2a: Calyrex|Protect|p2a: Calyrex\n|-singleturn|p2a: Calyrex|Protect\n|move|p1a: Lunala|Wide Guard|p1a: Lunala\n|-singleturn|p1a: Lunala|Wide Guard\n|move|p1b: Ursaluna|Headlong Rush|p2b: Zamazenta\n|-activate|p2b: Zamazenta|move: Protect\n|\n|-damage|p1b: Ursaluna|89/100 brn|[from] brn\n|-fieldend|move: Trick Room\n|upkeep\n|turn|8\n|\n|t:|1770427722\n|move|p1a: Lunala|Wide Guard|p1a: Lunala\n|-singleturn|p1a: Lunala|Wide Guard\n|move|p2a: Calyrex|Psychic|p1b: Ursaluna\n|-damage|p1b: Ursaluna|40/100 brn\n|move|p2b: Zamazenta|Body Press|p1b: Ursaluna\n|-supereffective|p1b: Ursaluna\n|-damage|p1b: Ursaluna|0 fnt\n|faint|p1b: Ursaluna\n|\n|upkeep\n|turn|9\n|-message|yukiko_denene forfeited.\n|\n|win|cdogp3\n|raw|yukiko_denene's rating: 1417 &rarr; <strong>1404</strong><br />(-13 for losing)\n|raw|cdogp3's rating: 1550 &rarr; <strong>1563</strong><br />(+13 for winning)\n|l|\u2606yukiko_denene\n|player|p1|\n|l|\u2606cdogp3\n|player|p2|\n|j| riyuezi\n|l| riyuezi\n","uploadtime":1770427927,"views":15,"formatid":"gen9vgc2026regi","rating":1404,"private":0,"password":null}