{"id":"gen9vgc2026regi-2574990324","format":"[Gen 9] VGC 2026 Reg I","players":["Nasihasi","Velotune"],"log":"|j|\u2606Nasihasi\n|j|\u2606Velotune\n|t:|1775307012\n|gametype|doubles\n|player|p1|Nasihasi|hiker-gen4|1267\n|player|p2|Velotune|169|1389\n|gen|9\n|tier|[Gen 9] VGC 2026 Reg I\n|rated|\n|rule|Species Clause: Limit one of each Pok\u00e9mon\n|rule|Item Clause: Limit 1 of each item\n|clearpoke\n|poke|p1|Calyrex-Shadow, L50|\n|poke|p1|Rillaboom, L50, M|\n|poke|p1|Incineroar, L50, M|\n|poke|p1|Koraidon, L50|\n|poke|p1|Whimsicott, L50, M|\n|poke|p1|Flutter Mane, L50|\n|poke|p2|Miraidon, L50|\n|poke|p2|Lunala, L50|\n|poke|p2|Incineroar, L50, M|\n|poke|p2|Rillaboom, L50, M|\n|poke|p2|Urshifu-*, L50, M|\n|poke|p2|Volcarona, L50, M|\n|teampreview|4\n|\n|t:|1775307047\n|teamsize|p1|4\n|teamsize|p2|4\n|start\n|switch|p1a: Calyrex|Calyrex-Shadow, L50|100/100\n|switch|p1b: Rillaboom|Rillaboom, L50, M|100/100\n|switch|p2a: Miraidon|Miraidon, L50|100/100\n|switch|p2b: Lunala|Lunala, L50|100/100\n|-ability|p1a: Calyrex|As One\n|-ability|p1a: Calyrex|Unnerve\n|-fieldstart|move: Electric Terrain|[from] ability: Hadron Engine|[of] p2a: Miraidon\n|-fieldstart|move: Grassy Terrain|[from] ability: Grassy Surge|[of] p1b: Rillaboom\n|turn|1\n|\n|t:|1775307075\n|-terastallize|p1a: Calyrex|Fairy\n|-terastallize|p2b: Lunala|Fairy\n|move|p1b: Rillaboom|Fake Out|p2a: Miraidon\n|-damage|p2a: Miraidon|88/100\n|move|p1a: Calyrex|Nasty Plot|p1a: Calyrex\n|-boost|p1a: Calyrex|spa|2\n|cant|p2a: Miraidon|flinch\n|move|p2b: Lunala|Calm Mind|p2b: Lunala\n|-boost|p2b: Lunala|spa|1\n|-boost|p2b: Lunala|spd|1\n|\n|-heal|p2a: Miraidon|94/100|[from] Grassy Terrain\n|upkeep\n|turn|2\n|\n|t:|1775307101\n|switch|p2a: Incineroar|Incineroar, L50, M|100/100\n|-ability|p2a: Incineroar|Intimidate|boost\n|-unboost|p1a: Calyrex|atk|1\n|-unboost|p1b: Rillaboom|atk|1\n|move|p2b: Lunala|Protect|p2b: Lunala\n|-singleturn|p2b: Lunala|Protect\n|move|p1a: Calyrex|Astral Barrage|p2a: Incineroar|[spread] p2a\n|-activate|p2b: Lunala|move: Protect\n|-resisted|p2a: Incineroar\n|-damage|p2a: Incineroar|54/100\n|move|p1b: Rillaboom|U-turn|p2b: Lunala\n|-activate|p2b: Lunala|move: Protect\n|\n|-heal|p2a: Incineroar|60/100|[from] Grassy Terrain\n|upkeep\n|turn|3\n|\n|t:|1775307129\n|switch|p1b: Incineroar|Incineroar, L50, M|100/100\n|-ability|p1b: Incineroar|Intimidate|boost\n|-unboost|p2a: Incineroar|atk|1\n|-unboost|p2b: Lunala|atk|1\n|move|p2a: Incineroar|Fake Out|p1b: Incineroar\n|-damage|p1b: Incineroar|94/100\n|move|p1a: Calyrex|Nasty Plot|p1a: Calyrex\n|-boost|p1a: Calyrex|spa|2\n|move|p2b: Lunala|Calm Mind|p2b: Lunala\n|-boost|p2b: Lunala|spa|1\n|-boost|p2b: Lunala|spd|1\n|\n|-heal|p2a: Incineroar|66/100|[from] Grassy Terrain\n|-heal|p1b: Incineroar|99/100|[from] Grassy Terrain\n|upkeep\n|turn|4\n|\n|t:|1775307170\n|move|p2b: Lunala|Protect|p2b: Lunala\n|-singleturn|p2b: Lunala|Protect\n|move|p1b: Incineroar|Fake Out|p2b: Lunala\n|-activate|p2b: Lunala|move: Protect\n|move|p1a: Calyrex|Draining Kiss|p2a: Incineroar\n|-damage|p2a: Incineroar|0 fnt\n|faint|p2a: Incineroar\n|-ability|p1a: Calyrex|Grim Neigh|boost\n|-boost|p1a: Calyrex|spa|1\n|\n|-heal|p1b: Incineroar|100/100|[from] Grassy Terrain\n|upkeep\n|\n|t:|1775307190\n|switch|p2a: Volcarona|Volcarona, L50, M|100/100\n|turn|5\n|\n|t:|1775307197\n|move|p1b: Incineroar|Helping Hand|p1a: Calyrex\n|-singleturn|p1a: Calyrex|Helping Hand|[of] p1b: Incineroar\n|move|p1a: Calyrex|Astral Barrage|p2a: Volcarona|[spread] p2a,p2b\n|-damage|p2a: Volcarona|0 fnt\n|-damage|p2b: Lunala|49/100\n|faint|p2a: Volcarona\n|-ability|p1a: Calyrex|Grim Neigh|boost\n|-boost|p1a: Calyrex|spa|1\n|move|p2b: Lunala|Moongeist Beam|p1a: Calyrex\n|-damage|p1a: Calyrex|6/100\n|\n|-heal|p1a: Calyrex|12/100|[from] Grassy Terrain\n|-heal|p2b: Lunala|55/100|[from] Grassy Terrain\n|-heal|p2b: Lunala|61/100|[from] item: Leftovers\n|-fieldend|move: Grassy Terrain\n|upkeep\n|\n|t:|1775307210\n|switch|p2a: Miraidon|Miraidon, L50|94/100\n|-fieldstart|move: Electric Terrain|[from] ability: Hadron Engine|[of] p2a: Miraidon\n|turn|6\n|-message|Velotune forfeited.\n|\n|win|Nasihasi\n|raw|Nasihasi's rating: 1267 &rarr; <strong>1300</strong><br />(+33 for winning)\n|raw|Velotune's rating: 1389 &rarr; <strong>1362</strong><br />(-27 for losing)\n|c|\u2606Velotune|gg\n|l|\u2606Velotune\n|player|p2|\n","uploadtime":1775307218,"views":17,"formatid":"gen9vgc2026regi","rating":1300,"private":0,"password":null}