{"id":"gen9vgc2026regi-2587893069","format":"[Gen 9] VGC 2026 Reg I","players":["vereen","pigduckeater"],"log":"|j|\u2606vereen\n|j|\u2606pigduckeater\n|t:|1776575534\n|gametype|doubles\n|player|p1|vereen|170|1386\n|player|p2|pigduckeater|266|1414\n|gen|9\n|tier|[Gen 9] VGC 2026 Reg I\n|rated|\n|rule|Species Clause: Limit one of each Pok\u00e9mon\n|rule|Item Clause: Limit 1 of each item\n|clearpoke\n|poke|p1|Miraidon, L50|\n|poke|p1|Lunala, L50|\n|poke|p1|Whimsicott, L50, M|\n|poke|p1|Incineroar, L50, F|\n|poke|p1|Urshifu-*, L50, M|\n|poke|p1|Ursaluna, L50, M|\n|poke|p2|Calyrex-Shadow, L50|\n|poke|p2|Miraidon, L50|\n|poke|p2|Incineroar, L50, M|\n|poke|p2|Wo-Chien, L50|\n|poke|p2|Urshifu-*, L50, M|\n|poke|p2|Farigiraf, L50, M|\n|teampreview|4\n|\n|t:|1776575577\n|teamsize|p1|4\n|teamsize|p2|4\n|start\n|switch|p1a: Bc Nr|Miraidon, L50, shiny|100/100\n|switch|p1b: I dont mind|Whimsicott, L50, M, shiny|100/100\n|switch|p2a: Miraidon|Miraidon, L50|100/100\n|switch|p2b: Farigiraf|Farigiraf, L50, M|100/100\n|-fieldstart|move: Electric Terrain|[from] ability: Hadron Engine|[of] p1a: Bc Nr\n|-enditem|p2b: Farigiraf|Electric Seed\n|-boost|p2b: Farigiraf|def|1|[from] item: Electric Seed\n|-activate|p2a: Miraidon|ability: Hadron Engine\n|turn|1\n|\n|t:|1776575605\n|-terastallize|p1a: Bc Nr|Fairy\n|move|p1b: I dont mind|Tailwind|p1b: I dont mind\n|-sidestart|p1: vereen|move: Tailwind\n|move|p1a: Bc Nr|Dazzling Gleam|p2b: Farigiraf|[spread] p2a,p2b\n|-supereffective|p2a: Miraidon\n|-damage|p2a: Miraidon|50/100\n|-damage|p2b: Farigiraf|47/100\n|move|p2a: Miraidon|Volt Switch|p1b: I dont mind\n|-resisted|p1b: I dont mind\n|-damage|p1b: I dont mind|66/100\n|\n|t:|1776575615\n|switch|p2a: Calyrex|Calyrex-Shadow, L50|100/100|[from] Volt Switch\n|-ability|p2a: Calyrex|As One\n|-ability|p2a: Calyrex|Unnerve\n|move|p2b: Farigiraf|Trick Room|p2b: Farigiraf\n|-fieldstart|move: Trick Room|[of] p2b: Farigiraf\n|\n|upkeep\n|turn|2\n|\n|t:|1776575652\n|-terastallize|p2a: Calyrex|Stellar\n|move|p2b: Farigiraf|Helping Hand|p2a: Calyrex\n|-singleturn|p2a: Calyrex|Helping Hand|[of] p2b: Farigiraf\n|move|p2a: Calyrex|Astral Barrage|p1a: Bc Nr|[spread] p1a,p1b\n|-damage|p1a: Bc Nr|9/100\n|-damage|p1b: I dont mind|0 fnt\n|faint|p1b: I dont mind\n|-ability|p2a: Calyrex|Grim Neigh|boost\n|-boost|p2a: Calyrex|spa|1\n|move|p1a: Bc Nr|Dazzling Gleam|p2b: Farigiraf|[spread] p2a,p2b\n|-damage|p2a: Calyrex|32/100\n|-damage|p2b: Farigiraf|0 fnt\n|faint|p2b: Farigiraf\n|\n|upkeep\n|\n|t:|1776575671\n|switch|p2b: Wo-Chien|Wo-Chien, L50|100/100\n|switch|p1b: So high|Lunala, L50, shiny|100/100\n|-ability|p2b: Wo-Chien|Tablets of Ruin\n|-enditem|p1b: So high|Electric Seed\n|-boost|p1b: So high|def|1|[from] item: Electric Seed\n|turn|3\n|\n|t:|1776575682\n|move|p1b: So high|Wide Guard|p1b: So high\n|-singleturn|p1b: So high|Wide Guard\n|move|p2b: Wo-Chien|Foul Play|p1a: Bc Nr\n|-resisted|p1a: Bc Nr\n|-damage|p1a: Bc Nr|0 fnt\n|faint|p1a: Bc Nr\n|move|p2a: Calyrex|Astral Barrage|p1b: So high\n|-activate|p1b: So high|move: Wide Guard\n|\n|upkeep\n|\n|t:|1776575693\n|switch|p1a: Catastrofe|Incineroar, L50, F, shiny|100/100\n|-ability|p1a: Catastrofe|Intimidate|boost\n|-unboost|p2a: Calyrex|atk|1\n|-unboost|p2b: Wo-Chien|atk|1\n|turn|4\n|\n|t:|1776575717\n|switch|p2a: Miraidon|Miraidon, L50|50/100\n|-activate|p2a: Miraidon|ability: Hadron Engine\n|move|p2b: Wo-Chien|Leech Seed|p1b: So high\n|-start|p1b: So high|move: Leech Seed\n|move|p1a: Catastrofe|Knock Off|p2a: Miraidon\n|-damage|p2a: Miraidon|25/100\n|-enditem|p2a: Miraidon|Assault Vest|[from] move: Knock Off|[of] p1a: Catastrofe\n|move|p1b: So high|Moonblast|p2b: Wo-Chien\n|-supereffective|p2b: Wo-Chien\n|-damage|p2b: Wo-Chien|48/100\n|-unboost|p2b: Wo-Chien|spa|1\n|\n|-heal|p2b: Wo-Chien|55/100|[from] item: Leftovers\n|-damage|p1b: So high|88/100|[from] Leech Seed|[of] p2b: Wo-Chien\n|-heal|p2b: Wo-Chien|70/100|[silent]\n|-sideend|p1: vereen|move: Tailwind\n|upkeep\n|turn|5\n|\n|t:|1776575748\n|switch|p2a: Calyrex|Calyrex-Shadow, L50, tera:Stellar|32/100\n|-ability|p2a: Calyrex|As One\n|-ability|p2a: Calyrex|Unnerve\n|move|p2b: Wo-Chien|Protect|p2b: Wo-Chien\n|-singleturn|p2b: Wo-Chien|Protect\n|move|p1a: Catastrofe|Flare Blitz|p2b: Wo-Chien\n|-activate|p2b: Wo-Chien|move: Protect\n|move|p1b: So high|Moonblast|p2a: Calyrex\n|-damage|p2a: Calyrex|0 fnt\n|faint|p2a: Calyrex\n|\n|-heal|p2b: Wo-Chien|76/100|[from] item: Leftovers\n|-damage|p1b: So high|76/100|[from] Leech Seed|[of] p2b: Wo-Chien\n|-heal|p2b: Wo-Chien|91/100|[silent]\n|-fieldend|move: Trick Room\n|-fieldend|move: Electric Terrain\n|upkeep\n|\n|t:|1776575750\n|switch|p2a: Miraidon|Miraidon, L50|25/100\n|-fieldstart|move: Electric Terrain|[from] ability: Hadron Engine|[of] p2a: Miraidon\n|turn|6\n|\n|t:|1776575780\n|move|p2a: Miraidon|Parabolic Charge|p1a: Catastrofe|[spread] p2b,p1a,p1b\n|-resisted|p2b: Wo-Chien\n|-crit|p2b: Wo-Chien\n|-damage|p2b: Wo-Chien|70/100\n|-heal|p2a: Miraidon|35/100|[from] drain|[of] p2b: Wo-Chien\n|-damage|p1a: Catastrofe|80/100\n|-heal|p2a: Miraidon|45/100|[from] drain|[of] p1a: Catastrofe\n|-damage|p1b: So high|51/100\n|-heal|p2a: Miraidon|60/100|[from] drain|[of] p1b: So high\n|move|p1b: So high|Moonblast|p2a: Miraidon\n|-supereffective|p2a: Miraidon\n|-damage|p2a: Miraidon|21/100\n|move|p2b: Wo-Chien|Foul Play|p1b: So high\n|-supereffective|p1b: So high\n|-damage|p1b: So high|0 fnt\n|faint|p1b: So high\n|move|p1a: Catastrofe|Flare Blitz|p2b: Wo-Chien\n|-supereffective|p2b: Wo-Chien\n|-damage|p2b: Wo-Chien|23/100\n|-damage|p1a: Catastrofe|65/100|[from] Recoil\n|\n|-heal|p2b: Wo-Chien|29/100|[from] item: Leftovers\n|upkeep\n|turn|7\n|-message|vereen forfeited.\n|\n|win|pigduckeater\n|raw|vereen's rating: 1386 &rarr; <strong>1368</strong><br />(-18 for losing)\n|raw|pigduckeater's rating: 1414 &rarr; <strong>1432</strong><br />(+18 for winning)\n|l|\u2606vereen\n|player|p1|\n|l|\u2606pigduckeater\n|player|p2|\n","uploadtime":1776575938,"views":9,"formatid":"gen9vgc2026regi","rating":1368,"private":0,"password":null}