{"id":"gen9vgc2026regi-2523069458","format":"[Gen 9] VGC 2026 Reg I","players":["Schimmli","den45"],"log":"|j|\u2606Schimmli\n|j|\u2606den45\n|t:|1768981874\n|gametype|doubles\n|player|p1|Schimmli|102|1505\n|player|p2|den45|2|1479\n|gen|9\n|tier|[Gen 9] VGC 2026 Reg I\n|rated|\n|rule|Species Clause: Limit one of each Pok\u00e9mon\n|rule|Item Clause: Limit 1 of each item\n|clearpoke\n|poke|p1|Terapagos, L50, M|\n|poke|p1|Calyrex-Shadow, L50|\n|poke|p1|Flutter Mane, L50|\n|poke|p1|Ogerpon-Cornerstone, L50, F|\n|poke|p1|Incineroar, L50, M|\n|poke|p1|Rillaboom, L50, M|\n|poke|p2|Calyrex-Shadow, L50|\n|poke|p2|Zamazenta-*, L50|\n|poke|p2|Dragonite, L50, M|\n|poke|p2|Chi-Yu, L50|\n|poke|p2|Amoonguss, L50, M|\n|poke|p2|Chien-Pao, L50|\n|teampreview|4\n|inactive|Battle timer is ON: inactive players will automatically lose when time's up. (requested by den45)\n|\n|t:|1768981901\n|teamsize|p1|4\n|teamsize|p2|4\n|start\n|switch|p1a: Incineroar|Incineroar, L50, M, shiny|100/100\n|switch|p1b: Ogerpon|Ogerpon-Cornerstone, L50, F|100/100\n|switch|p2a: Amoonguss|Amoonguss, L50, M|100/100\n|switch|p2b: Zamazenta|Zamazenta-Crowned, L50|100/100\n|-ability|p2b: Zamazenta|Dauntless Shield|boost\n|-boost|p2b: Zamazenta|def|1\n|-ability|p1a: Incineroar|Intimidate|boost\n|-unboost|p2a: Amoonguss|atk|1\n|-unboost|p2b: Zamazenta|atk|1\n|turn|1\n|\n|t:|1768981923\n|move|p2b: Zamazenta|Protect|p2b: Zamazenta\n|-singleturn|p2b: Zamazenta|Protect\n|move|p2a: Amoonguss|Protect|p2a: Amoonguss\n|-singleturn|p2a: Amoonguss|Protect\n|move|p1b: Ogerpon|Follow Me|p1b: Ogerpon\n|-singleturn|p1b: Ogerpon|move: Follow Me\n|move|p1a: Incineroar|Will-O-Wisp|p2b: Zamazenta\n|-activate|p2b: Zamazenta|move: Protect\n|\n|upkeep\n|turn|2\n|inactive|Schimmli has 30 seconds left.\n|inactive|den45 has 30 seconds left.\n|inactive|Schimmli has 20 seconds left.\n|\n|t:|1768981961\n|switch|p1b: Calyrex|Calyrex-Shadow, L50|100/100\n|-ability|p1b: Calyrex|As One\n|-ability|p1b: Calyrex|Unnerve\n|-terastallize|p1a: Incineroar|Grass\n|move|p2b: Zamazenta|Body Press|p1a: Incineroar\n|-damage|p1a: Incineroar|56/100\n|-damage|p2b: Zamazenta|84/100|[from] item: Rocky Helmet|[of] p1a: Incineroar\n|move|p1a: Incineroar|Will-O-Wisp|p2b: Zamazenta\n|-status|p2b: Zamazenta|brn\n|move|p2a: Amoonguss|Sludge Bomb|p1b: Calyrex\n|-resisted|p1b: Calyrex\n|-damage|p1b: Calyrex|86/100\n|\n|-damage|p2b: Zamazenta|78/100 brn|[from] brn\n|upkeep\n|turn|3\n|inactive|den45 has 30 seconds left.\n|\n|t:|1768981986\n|switch|p2a: Chi-Yu|Chi-Yu, L50|100/100\n|-ability|p2a: Chi-Yu|Beads of Ruin\n|move|p1b: Calyrex|Protect|p1b: Calyrex\n|-singleturn|p1b: Calyrex|Protect\n|move|p2b: Zamazenta|Heavy Slam|p1b: Calyrex\n|-activate|p1b: Calyrex|move: Protect\n|move|p1a: Incineroar|Knock Off|p2a: Chi-Yu\n|-resisted|p2a: Chi-Yu\n|-damage|p2a: Chi-Yu|73/100\n|-enditem|p2a: Chi-Yu|Choice Scarf|[from] move: Knock Off|[of] p1a: Incineroar\n|\n|-damage|p2b: Zamazenta|72/100 brn|[from] brn\n|upkeep\n|turn|4\n|inactive|Schimmli has 30 seconds left.\n|\n|t:|1768982014\n|switch|p1b: Ogerpon|Ogerpon-Cornerstone, L50, F|100/100\n|move|p2b: Zamazenta|Heavy Slam|p1b: Ogerpon\n|-supereffective|p1b: Ogerpon\n|-damage|p1b: Ogerpon|54/100\n|move|p2a: Chi-Yu|Heat Wave|p1b: Ogerpon|[spread] p1a,p1b\n|-supereffective|p1a: Incineroar\n|-damage|p1a: Incineroar|0 fnt\n|-damage|p1b: Ogerpon|0 fnt\n|faint|p1a: Incineroar\n|faint|p1b: Ogerpon\n|\n|-damage|p2b: Zamazenta|66/100 brn|[from] brn\n|upkeep\n|j| riyuezi\n|\n|t:|1768982027\n|switch|p1b: Calyrex|Calyrex-Shadow, L50|86/100\n|switch|p1a: Flutter Mane|Flutter Mane, L50|100/100\n|-ability|p1b: Calyrex|As One\n|-ability|p1b: Calyrex|Unnerve\n|-enditem|p1a: Flutter Mane|Booster Energy\n|-activate|p1a: Flutter Mane|ability: Protosynthesis|[fromitem]\n|-start|p1a: Flutter Mane|protosynthesisspe\n|turn|5\n|\n|t:|1768982039\n|move|p2b: Zamazenta|Wide Guard|p2b: Zamazenta\n|-singleturn|p2b: Zamazenta|Wide Guard\n|move|p1a: Flutter Mane|Moonblast|p2a: Chi-Yu\n|-damage|p2a: Chi-Yu|31/100\n|move|p1b: Calyrex|Astral Barrage|p2a: Chi-Yu|[spread] \n|-activate|p2a: Chi-Yu|move: Wide Guard\n|-activate|p2b: Zamazenta|move: Wide Guard\n|move|p2a: Chi-Yu|Heat Wave|p1a: Flutter Mane|[spread] \n|-miss|p2a: Chi-Yu|p1a: Flutter Mane\n|-miss|p2a: Chi-Yu|p1b: Calyrex\n|\n|-damage|p2b: Zamazenta|60/100 brn|[from] brn\n|upkeep\n|turn|6\n|l| riyuezi\n|\n|t:|1768982058\n|move|p1a: Flutter Mane|Moonblast|p2a: Chi-Yu\n|-damage|p2a: Chi-Yu|0 fnt\n|faint|p2a: Chi-Yu\n|move|p1b: Calyrex|Disable|p2b: Zamazenta\n|-start|p2b: Zamazenta|Disable|Wide Guard\n|move|p2b: Zamazenta|Heavy Slam|p1a: Flutter Mane\n|-supereffective|p1a: Flutter Mane\n|-damage|p1a: Flutter Mane|47/100\n|\n|-damage|p2b: Zamazenta|54/100 brn|[from] brn\n|upkeep\n|\n|t:|1768982068\n|switch|p2a: Calyrex|Calyrex-Shadow, L50|100/100\n|-ability|p2a: Calyrex|As One\n|-ability|p2a: Calyrex|Unnerve\n|turn|7\n|\n|t:|1768982076\n|move|p2a: Calyrex|Protect|p2a: Calyrex\n|-singleturn|p2a: Calyrex|Protect\n|move|p1a: Flutter Mane|Moonblast|p2a: Calyrex\n|-activate|p2a: Calyrex|move: Protect\n|move|p1b: Calyrex|Astral Barrage|p2b: Zamazenta|[spread] p2b\n|-activate|p2a: Calyrex|move: Protect\n|-damage|p2b: Zamazenta|18/100 brn\n|move|p2b: Zamazenta|Heavy Slam|p1a: Flutter Mane\n|-supereffective|p1a: Flutter Mane\n|-damage|p1a: Flutter Mane|0 fnt\n|faint|p1a: Flutter Mane\n|-end|p1a: Flutter Mane|Protosynthesis|[silent]\n|\n|-damage|p2b: Zamazenta|12/100 brn|[from] brn\n|upkeep\n|turn|8\n|\n|t:|1768982099\n|-terastallize|p2a: Calyrex|Dark\n|move|p2a: Calyrex|Astral Barrage|p1b: Calyrex\n|-supereffective|p1b: Calyrex\n|-damage|p1b: Calyrex|0 fnt\n|faint|p1b: Calyrex\n|\n|win|den45\n|raw|Schimmli's rating: 1505 &rarr; <strong>1484</strong><br />(-21 for losing)\n|raw|den45's rating: 1479 &rarr; <strong>1500</strong><br />(+21 for winning)\n|l|\u2606den45\n|player|p2|\n|l|\u2606Schimmli\n|player|p1|\n","uploadtime":1768982289,"views":23,"formatid":"gen9vgc2026regi","rating":1484,"private":0,"password":null}