{"id":"gen9vgc2026regi-2548465036","format":"[Gen 9] VGC 2026 Reg I","players":["Actoradoboy fan","LechonkBro"],"log":"|j|\u2606Actoradoboy fan\n|j|\u2606LechonkBro\n|t:|1772217509\n|gametype|doubles\n|player|p1|Actoradoboy fan|nate|1562\n|player|p2|LechonkBro|101|1469\n|gen|9\n|tier|[Gen 9] VGC 2026 Reg I\n|rated|\n|rule|Species Clause: Limit one of each Pok\u00e9mon\n|rule|Item Clause: Limit 1 of each item\n|clearpoke\n|poke|p1|Calyrex-Shadow, L50|\n|poke|p1|Zamazenta-*, L50|\n|poke|p1|Rillaboom, L50, F|\n|poke|p1|Raging Bolt, L50|\n|poke|p1|Smeargle, L50, M|\n|poke|p1|Incineroar, L50, F|\n|poke|p2|Chien-Pao, L50|\n|poke|p2|Calyrex-Shadow, L50|\n|poke|p2|Dondozo, L50, M|\n|poke|p2|Zamazenta-*, L50|\n|poke|p2|Dragonite, L50, F|\n|poke|p2|Tatsugiri, L50, F|\n|teampreview|4\n|inactive|Battle timer is ON: inactive players will automatically lose when time's up. (requested by LechonkBro)\n|inactive|Actoradoboy fan also wants the timer to be on.\n|inactive|LechonkBro has 60 seconds left.\n|\n|t:|1772217541\n|teamsize|p1|4\n|teamsize|p2|4\n|start\n|switch|p1a: Calyrex|Calyrex-Shadow, L50|100/100\n|switch|p1b: Smeargle|Smeargle, L50, M|100/100\n|switch|p2a: Chien-Pao|Chien-Pao, L50|100/100\n|switch|p2b: Zamazenta|Zamazenta-Crowned, L50|100/100\n|-ability|p1a: Calyrex|As One\n|-ability|p1a: Calyrex|Unnerve\n|-ability|p2a: Chien-Pao|Sword of Ruin\n|-ability|p2b: Zamazenta|Dauntless Shield|boost\n|-boost|p2b: Zamazenta|def|1\n|turn|1\n|\n|t:|1772217561\n|move|p2a: Chien-Pao|Protect|p2a: Chien-Pao\n|-singleturn|p2a: Chien-Pao|Protect\n|move|p1b: Smeargle|Fake Out|p2a: Chien-Pao\n|-activate|p2a: Chien-Pao|move: Protect\n|move|p1a: Calyrex|Nasty Plot|p1a: Calyrex\n|-boost|p1a: Calyrex|spa|2\n|move|p2b: Zamazenta|Body Press|p1b: Smeargle\n|-supereffective|p1b: Smeargle\n|-enditem|p1b: Smeargle|Focus Sash\n|-damage|p1b: Smeargle|1/100\n|\n|-ability|p1b: Smeargle|Moody|boost\n|-boost|p1b: Smeargle|spa|2\n|-unboost|p1b: Smeargle|atk|1\n|upkeep\n|turn|2\n|\n|t:|1772217581\n|move|p1b: Smeargle|Follow Me|p1b: Smeargle\n|-singleturn|p1b: Smeargle|move: Follow Me\n|move|p1a: Calyrex|Astral Barrage|p2b: Zamazenta|[spread] p2a,p2b\n|-resisted|p2a: Chien-Pao\n|-enditem|p2a: Chien-Pao|Focus Sash\n|-damage|p2a: Chien-Pao|1/100\n|-damage|p2b: Zamazenta|8/100\n|-damage|p1a: Calyrex|91/100|[from] item: Life Orb\n|move|p2a: Chien-Pao|Ice Spinner|p1b: Smeargle\n|-damage|p1b: Smeargle|0 fnt\n|faint|p1b: Smeargle\n|move|p2b: Zamazenta|Behemoth Bash|p1a: Calyrex\n|-damage|p1a: Calyrex|35/100\n|\n|upkeep\n|\n|t:|1772217591\n|switch|p1b: Zamazenta|Zamazenta-Crowned, L50|100/100\n|-ability|p1b: Zamazenta|Dauntless Shield|boost\n|-boost|p1b: Zamazenta|def|1\n|turn|3\n|\n|t:|1772217608\n|move|p1a: Calyrex|Protect|p1a: Calyrex\n|-singleturn|p1a: Calyrex|Protect\n|move|p2a: Chien-Pao|Protect|p2a: Chien-Pao\n|-singleturn|p2a: Chien-Pao|Protect\n|move|p2b: Zamazenta|Body Press|p1b: Zamazenta\n|-supereffective|p1b: Zamazenta\n|-damage|p1b: Zamazenta|40/100\n|move|p1b: Zamazenta|Body Press|p2a: Chien-Pao\n|-activate|p2a: Chien-Pao|move: Protect\n|\n|upkeep\n|turn|4\n|\n|t:|1772217622\n|-terastallize|p1a: Calyrex|Dark\n|move|p2a: Chien-Pao|Sucker Punch|p1a: Calyrex\n|-resisted|p1a: Calyrex\n|-damage|p1a: Calyrex|11/100\n|move|p1a: Calyrex|Astral Barrage|p2a: Chien-Pao|[spread] p2a,p2b\n|-resisted|p2a: Chien-Pao\n|-damage|p2a: Chien-Pao|0 fnt\n|-damage|p2b: Zamazenta|0 fnt\n|faint|p2a: Chien-Pao\n|faint|p2b: Zamazenta\n|-ability|p1a: Calyrex|Grim Neigh|boost\n|-boost|p1a: Calyrex|spa|2\n|-damage|p1a: Calyrex|2/100|[from] item: Life Orb\n|move|p1b: Zamazenta|Body Press|p2: Chien-Pao|[notarget]\n|-fail|p1b: Zamazenta\n|\n|upkeep\n|\n|t:|1772217635\n|switch|p2a: Calyrex|Calyrex-Shadow, L50|100/100\n|switch|p2b: Dragonite|Dragonite, L50, F|100/100\n|-ability|p2a: Calyrex|As One\n|-ability|p2a: Calyrex|Unnerve\n|turn|5\n|\n|t:|1772217645\n|move|p2a: Calyrex|Shadow Ball|p1a: Calyrex\n|-resisted|p1a: Calyrex\n|-damage|p1a: Calyrex|0 fnt\n|faint|p1a: Calyrex\n|-ability|p2a: Calyrex|Grim Neigh|boost\n|-boost|p2a: Calyrex|spa|1\n|move|p1b: Zamazenta|Heavy Slam|p2a: Calyrex\n|-damage|p2a: Calyrex|46/100\n|move|p2b: Dragonite|Low Kick|p1b: Zamazenta\n|-supereffective|p1b: Zamazenta\n|-damage|p1b: Zamazenta|0 fnt\n|faint|p1b: Zamazenta\n|\n|upkeep\n|\n|t:|1772217653\n|switch|p1b: Raging Bolt|Raging Bolt, L50|100/100\n|-enditem|p1b: Raging Bolt|Booster Energy\n|-activate|p1b: Raging Bolt|ability: Protosynthesis|[fromitem]\n|-start|p1b: Raging Bolt|protosynthesisspa\n|turn|6\n|\n|t:|1772217663\n|move|p1b: Raging Bolt|Thunderclap|p2a: Calyrex\n|-damage|p2a: Calyrex|0 fnt\n|faint|p2a: Calyrex\n|move|p2b: Dragonite|Low Kick|p1b: Raging Bolt\n|-damage|p1b: Raging Bolt|38/100\n|\n|upkeep\n|turn|7\n|\n|t:|1772217671\n|-terastallize|p2b: Dragonite|Normal\n|move|p1b: Raging Bolt|Dragon Pulse|p2b: Dragonite\n|-damage|p2b: Dragonite|47/100\n|move|p2b: Dragonite|Low Kick|p1b: Raging Bolt\n|-damage|p1b: Raging Bolt|0 fnt\n|faint|p1b: Raging Bolt\n|-end|p1b: Raging Bolt|Protosynthesis|[silent]\n|\n|win|LechonkBro\n|raw|Actoradoboy fan's rating: 1562 &rarr; <strong>1537</strong><br />(-25 for losing)\n|raw|LechonkBro's rating: 1469 &rarr; <strong>1494</strong><br />(+25 for winning)\n|l|\u2606Actoradoboy fan\n|player|p1|\n|l|\u2606LechonkBro\n|player|p2|\n","uploadtime":1772217931,"views":16,"formatid":"gen9vgc2026regi","rating":1494,"private":0,"password":null}