{"id":"gen9vgc2026regi-2535282526","format":"[Gen 9] VGC 2026 Reg I","players":["j0l0k0","VGCLinx"],"log":"|j|\u2606j0l0k0\n|j|\u2606VGCLinx\n|t:|1770543936\n|gametype|doubles\n|player|p1|j0l0k0|brycen|1400\n|player|p2|VGCLinx|102|1422\n|gen|9\n|tier|[Gen 9] VGC 2026 Reg I\n|rated|\n|rule|Species Clause: Limit one of each Pok\u00e9mon\n|rule|Item Clause: Limit 1 of each item\n|clearpoke\n|poke|p1|Calyrex-Ice, L50|\n|poke|p1|Kyogre, L50|\n|poke|p1|Indeedee-F, L50, F|\n|poke|p1|Urshifu-*, L50, F|\n|poke|p1|Amoonguss, L50, F|\n|poke|p1|Landorus, L50, M|\n|poke|p2|Lunala, L50|\n|poke|p2|Miraidon, L50|\n|poke|p2|Zapdos-Galar, L50|\n|poke|p2|Urshifu-*, L50, F|\n|poke|p2|Ursaluna, L50, M|\n|poke|p2|Roaring Moon, L50|\n|teampreview|4\n|inactive|Battle timer is ON: inactive players will automatically lose when time's up. (requested by j0l0k0)\n|\n|t:|1770543945\n|teamsize|p1|4\n|teamsize|p2|4\n|start\n|switch|p1a: Indeedee|Indeedee-F, L50, F, shiny|100/100\n|switch|p1b: Calyrex|Calyrex-Ice, L50|100/100\n|switch|p2a: Lunala|Lunala, L50|100/100\n|switch|p2b: Roaring Moon|Roaring Moon, L50|100/100\n|-ability|p1b: Calyrex|As One\n|-ability|p1b: Calyrex|Unnerve\n|-fieldstart|move: Psychic Terrain|[from] ability: Psychic Surge|[of] p1a: Indeedee\n|-enditem|p2b: Roaring Moon|Booster Energy\n|-activate|p2b: Roaring Moon|ability: Protosynthesis|[fromitem]\n|-start|p2b: Roaring Moon|protosynthesisspe\n|turn|1\n|inactive|j0l0k0 has 30 seconds left.\n|\n|t:|1770543971\n|move|p1a: Indeedee|Follow Me|p1a: Indeedee\n|-singleturn|p1a: Indeedee|move: Follow Me\n|move|p2b: Roaring Moon|Knock Off|p1a: Indeedee\n|-supereffective|p1a: Indeedee\n|-damage|p1a: Indeedee|0 fnt\n|-enditem|p1a: Indeedee|Safety Goggles|[from] move: Knock Off|[of] p2b: Roaring Moon\n|faint|p1a: Indeedee\n|move|p2a: Lunala|Meteor Beam||[still]\n|-prepare|p2a: Lunala|Meteor Beam\n|-boost|p2a: Lunala|spa|1\n|-enditem|p2a: Lunala|Power Herb\n|-anim|p2a: Lunala|Meteor Beam|p1b: Calyrex\n|-supereffective|p1b: Calyrex\n|-damage|p1b: Calyrex|14/100\n|move|p1b: Calyrex|Trick Room|p1b: Calyrex\n|-fieldstart|move: Trick Room|[of] p1b: Calyrex\n|\n|upkeep\n|\n|t:|1770543987\n|switch|p1a: Urshifu|Urshifu, L50, F|100/100\n|turn|2\n|\n|t:|1770543999\n|-terastallize|p2a: Lunala|Fairy\n|move|p2b: Roaring Moon|Protect|p2b: Roaring Moon\n|-singleturn|p2b: Roaring Moon|Protect\n|move|p1b: Calyrex|Glacial Lance|p2b: Roaring Moon|[spread] p2a\n|-activate|p2b: Roaring Moon|move: Protect\n|-damage|p2a: Lunala|76/100\n|move|p2a: Lunala|Moongeist Beam|p1b: Calyrex\n|-supereffective|p1b: Calyrex\n|-damage|p1b: Calyrex|0 fnt\n|faint|p1b: Calyrex\n|move|p1a: Urshifu|Wicked Blow|p2a: Lunala\n|-resisted|p2a: Lunala\n|-crit|p2a: Lunala\n|-damage|p2a: Lunala|48/100\n|\n|upkeep\n|\n|t:|1770544006\n|switch|p1b: Kyogre|Kyogre, L50, shiny|100/100\n|-weather|RainDance|[from] ability: Drizzle|[of] p1b: Kyogre\n|turn|3\n|j| riyuezi\n|\n|t:|1770544017\n|move|p2a: Lunala|Wide Guard|p2a: Lunala\n|-singleturn|p2a: Lunala|Wide Guard\n|move|p1b: Kyogre|Ice Beam|p2b: Roaring Moon\n|-supereffective|p2b: Roaring Moon\n|-crit|p2b: Roaring Moon\n|-damage|p2b: Roaring Moon|0 fnt\n|faint|p2b: Roaring Moon\n|-end|p2b: Roaring Moon|Protosynthesis|[silent]\n|move|p1a: Urshifu|Poison Jab|p2a: Lunala\n|-supereffective|p2a: Lunala\n|-damage|p2a: Lunala|1/100\n|-status|p2a: Lunala|psn\n|\n|-weather|RainDance|[upkeep]\n|-damage|p2a: Lunala|0 fnt|[from] psn\n|faint|p2a: Lunala\n|upkeep\n|\n|t:|1770544031\n|switch|p2a: Ursaluna|Ursaluna, L50, M|100/100\n|switch|p2b: Miraidon|Miraidon, L50|100/100\n|-fieldstart|move: Electric Terrain|[from] ability: Hadron Engine|[of] p2b: Miraidon\n|turn|4\n|l| riyuezi\n|\n|t:|1770544047\n|-terastallize|p1b: Kyogre|Grass\n|move|p2a: Ursaluna|Protect|p2a: Ursaluna\n|-singleturn|p2a: Ursaluna|Protect\n|move|p1b: Kyogre|Water Spout|p2a: Ursaluna|[spread] p2b\n|-activate|p2a: Ursaluna|move: Protect\n|-resisted|p2b: Miraidon\n|-damage|p2b: Miraidon|59/100\n|move|p1a: Urshifu|Wicked Blow|p2b: Miraidon\n|-crit|p2b: Miraidon\n|-damage|p2b: Miraidon|0 fnt\n|faint|p2b: Miraidon\n|\n|-weather|RainDance|[upkeep]\n|-status|p2a: Ursaluna|brn|[from] item: Flame Orb\n|upkeep\n|turn|5\n|\n|t:|1770544063\n|move|p2a: Ursaluna|Facade|p1b: Kyogre\n|-damage|p1b: Kyogre|0 fnt\n|faint|p1b: Kyogre\n|move|p1a: Urshifu|Wicked Blow|p2a: Ursaluna\n|-crit|p2a: Ursaluna\n|-damage|p2a: Ursaluna|51/100 brn\n|\n|-weather|RainDance|[upkeep]\n|-damage|p2a: Ursaluna|45/100 brn|[from] brn\n|-fieldend|move: Trick Room\n|upkeep\n|turn|6\n|\n|t:|1770544072\n|move|p1a: Urshifu|Wicked Blow|p2a: Ursaluna\n|-crit|p2a: Ursaluna\n|-damage|p2a: Ursaluna|0 fnt\n|faint|p2a: Ursaluna\n|\n|win|j0l0k0\n|raw|j0l0k0's rating: 1400 &rarr; <strong>1421</strong><br />(+21 for winning)\n|raw|VGCLinx's rating: 1422 &rarr; <strong>1401</strong><br />(-21 for losing)\n|c|\u2606j0l0k0|ggwp\n|l|\u2606VGCLinx\n|player|p2|\n|l|\u2606j0l0k0\n|player|p1|\n","uploadtime":1770544230,"views":25,"formatid":"gen9vgc2026regi","rating":1401,"private":0,"password":null}