{"id":"gen9vgc2026regi-2579980173","format":"[Gen 9] VGC 2026 Reg I","players":["kaimvgc","Galact7adi"],"log":"|j|\u2606kaimvgc\n|j|\u2606Galact7adi\n|t:|1775843762\n|gametype|doubles\n|player|p1|kaimvgc|boarder|1589\n|player|p2|Galact7adi|hilbert|1564\n|gen|9\n|tier|[Gen 9] VGC 2026 Reg I\n|rated|\n|rule|Species Clause: Limit one of each Pok\u00e9mon\n|rule|Item Clause: Limit 1 of each item\n|clearpoke\n|poke|p1|Calyrex-Shadow, L50|\n|poke|p1|Zamazenta-*, L50|\n|poke|p1|Smeargle, L50, M|\n|poke|p1|Rillaboom, L50, M|\n|poke|p1|Tornadus, L50, M|\n|poke|p1|Raging Bolt, L50|\n|poke|p2|Lunala, L50|\n|poke|p2|Groudon, L50|\n|poke|p2|Incineroar, L50, F|\n|poke|p2|Rillaboom, L50, M|\n|poke|p2|Flutter Mane, L50|\n|poke|p2|Raging Bolt, L50|\n|teampreview|4\n|inactive|Battle timer is ON: inactive players will automatically lose when time's up. (requested by Galact7adi)\n|\n|t:|1775843793\n|teamsize|p1|4\n|teamsize|p2|4\n|start\n|switch|p1a: Calyrex|Calyrex-Shadow, L50|100/100\n|switch|p1b: Smeargle|Smeargle, L50, M|100/100\n|switch|p2a: Lunala|Lunala, L50|100/100\n|switch|p2b: Rillaboom|Rillaboom, L50, M|100/100\n|-ability|p1a: Calyrex|As One\n|-ability|p1a: Calyrex|Unnerve\n|-fieldstart|move: Grassy Terrain|[from] ability: Grassy Surge|[of] p2b: Rillaboom\n|turn|1\n|\n|t:|1775843812\n|switch|p2b: Incineroar|Incineroar, L50, F|100/100\n|-ability|p2b: Incineroar|Intimidate|boost\n|-unboost|p1a: Calyrex|atk|1\n|-unboost|p1b: Smeargle|atk|1\n|-terastallize|p1a: Calyrex|Dark\n|-terastallize|p2a: Lunala|Fairy\n|move|p1b: Smeargle|Fake Out|p2b: Incineroar\n|-damage|p2b: Incineroar|98/100\n|move|p1a: Calyrex|Nasty Plot|p1a: Calyrex\n|-boost|p1a: Calyrex|spa|2\n|move|p2a: Lunala|Calm Mind|p2a: Lunala\n|-boost|p2a: Lunala|spa|1\n|-boost|p2a: Lunala|spd|1\n|\n|-heal|p2b: Incineroar|100/100|[from] Grassy Terrain\n|-ability|p1b: Smeargle|Moody|boost\n|-boost|p1b: Smeargle|spa|2\n|-unboost|p1b: Smeargle|spd|1\n|upkeep\n|turn|2\n|\n|t:|1775843831\n|move|p2b: Incineroar|Fake Out|p1b: Smeargle\n|-damage|p1b: Smeargle|78/100\n|move|p1a: Calyrex|Astral Barrage|p2b: Incineroar|[spread] p2a,p2b\n|-resisted|p2b: Incineroar\n|-damage|p2a: Lunala|67/100\n|-damage|p2b: Incineroar|40/100\n|-damage|p1a: Calyrex|91/100|[from] item: Life Orb\n|cant|p1b: Smeargle|flinch\n|move|p2a: Lunala|Moonblast|p1b: Smeargle\n|-damage|p1b: Smeargle|0 fnt\n|faint|p1b: Smeargle\n|\n|-heal|p1a: Calyrex|97/100|[from] Grassy Terrain\n|-heal|p2a: Lunala|73/100|[from] Grassy Terrain\n|-heal|p2a: Lunala|79/100|[from] item: Leftovers\n|-heal|p2b: Incineroar|46/100|[from] Grassy Terrain\n|upkeep\n|\n|t:|1775843846\n|switch|p1b: Rillaboom|Rillaboom, L50, M|100/100\n|turn|3\n|\n|t:|1775843853\n|move|p2a: Lunala|Protect|p2a: Lunala\n|-singleturn|p2a: Lunala|Protect\n|move|p1b: Rillaboom|Grassy Glide|p2a: Lunala\n|-activate|p2a: Lunala|move: Protect\n|move|p1a: Calyrex|Astral Barrage|p2a: Lunala|[spread] p2b\n|-activate|p2a: Lunala|move: Protect\n|-resisted|p2b: Incineroar\n|-damage|p2b: Incineroar|0 fnt\n|faint|p2b: Incineroar\n|-ability|p1a: Calyrex|Grim Neigh|boost\n|-boost|p1a: Calyrex|spa|1\n|-damage|p1a: Calyrex|88/100|[from] item: Life Orb\n|\n|-heal|p1a: Calyrex|94/100|[from] Grassy Terrain\n|-heal|p2a: Lunala|85/100|[from] Grassy Terrain\n|-heal|p2a: Lunala|91/100|[from] item: Leftovers\n|upkeep\n|\n|t:|1775843855\n|switch|p2b: Rillaboom|Rillaboom, L50, M|100/100\n|turn|4\n|\n|t:|1775843859\n|move|p1a: Calyrex|Protect|p1a: Calyrex\n|-singleturn|p1a: Calyrex|Protect\n|move|p2b: Rillaboom|Fake Out|p1a: Calyrex\n|-activate|p1a: Calyrex|move: Protect\n|move|p2a: Lunala|Calm Mind|p2a: Lunala\n|-boost|p2a: Lunala|spa|1\n|-boost|p2a: Lunala|spd|1\n|move|p1b: Rillaboom|Wood Hammer|p2a: Lunala\n|-crit|p2a: Lunala\n|-damage|p2a: Lunala|15/100\n|-damage|p1b: Rillaboom|71/100|[from] Recoil\n|\n|-heal|p1a: Calyrex|99/100|[from] Grassy Terrain\n|-heal|p2a: Lunala|21/100|[from] Grassy Terrain\n|-heal|p2a: Lunala|27/100|[from] item: Leftovers\n|-heal|p1b: Rillaboom|77/100|[from] Grassy Terrain\n|upkeep\n|turn|5\n|\n|t:|1775843868\n|move|p2a: Lunala|Protect|p2a: Lunala\n|-singleturn|p2a: Lunala|Protect\n|move|p2b: Rillaboom|Grassy Glide|p1a: Calyrex\n|-damage|p1a: Calyrex|61/100\n|move|p1a: Calyrex|Astral Barrage|p2b: Rillaboom|[spread] p2b\n|-activate|p2a: Lunala|move: Protect\n|-damage|p2b: Rillaboom|0 fnt\n|faint|p2b: Rillaboom\n|-ability|p1a: Calyrex|Grim Neigh|boost\n|-boost|p1a: Calyrex|spa|1\n|-damage|p1a: Calyrex|52/100|[from] item: Life Orb\n|move|p1b: Rillaboom|U-turn|p2a: Lunala\n|-activate|p2a: Lunala|move: Protect\n|\n|-heal|p1a: Calyrex|58/100|[from] Grassy Terrain\n|-heal|p2a: Lunala|33/100|[from] Grassy Terrain\n|-heal|p2a: Lunala|39/100|[from] item: Leftovers\n|-heal|p1b: Rillaboom|83/100|[from] Grassy Terrain\n|-fieldend|move: Grassy Terrain\n|upkeep\n|\n|t:|1775843871\n|switch|p2b: Groudon|Groudon, L50|100/100\n|-weather|SunnyDay|[from] ability: Drought|[of] p2b: Groudon\n|turn|6\n|\n|t:|1775843880\n|move|p1a: Calyrex|Astral Barrage|p2b: Groudon|[spread] p2a,p2b\n|-damage|p2a: Lunala|0 fnt\n|-damage|p2b: Groudon|0 fnt\n|faint|p2a: Lunala\n|faint|p2b: Groudon\n|-damage|p1a: Calyrex|48/100|[from] item: Life Orb\n|\n|win|kaimvgc\n|raw|kaimvgc's rating: 1589 &rarr; <strong>1608</strong><br />(+19 for winning)\n|raw|Galact7adi's rating: 1564 &rarr; <strong>1545</strong><br />(-19 for losing)\n|l|\u2606Galact7adi\n|player|p2|\n|l|\u2606kaimvgc\n|player|p1|\n","uploadtime":1775844153,"views":13,"formatid":"gen9vgc2026regi","rating":1545,"private":0,"password":null}