{"id":"gen9vgc2026regi-2567901454","format":"[Gen 9] VGC 2026 Reg I","players":["Bman311","Poopoo2"],"log":"|j|\u2606Bman311\n|j|\u2606Poopoo2\n|t:|1774532080\n|gametype|doubles\n|player|p1|Bman311|265|1335\n|player|p2|Poopoo2|unknown|1296\n|gen|9\n|tier|[Gen 9] VGC 2026 Reg I\n|rated|\n|rule|Species Clause: Limit one of each Pok\u00e9mon\n|rule|Item Clause: Limit 1 of each item\n|clearpoke\n|poke|p1|Calyrex-Shadow, L50|\n|poke|p1|Koraidon, L50|\n|poke|p1|Rillaboom, L50, M|\n|poke|p1|Incineroar, L50, M|\n|poke|p1|Volcarona, L50, M|\n|poke|p1|Regieleki, L50|\n|poke|p2|Garganacl, L50, M|\n|poke|p2|Espathra, L50, F|\n|poke|p2|Terapagos, L50, M|\n|poke|p2|Calyrex-Shadow, L50|\n|poke|p2|Flutter Mane, L50|\n|poke|p2|Rillaboom, L50, M|\n|teampreview|4\n|inactive|Battle timer is ON: inactive players will automatically lose when time's up. (requested by Bman311)\n|inactive|Bman311 has 60 seconds left.\n|\n|t:|1774532126\n|teamsize|p1|4\n|teamsize|p2|4\n|start\n|switch|p1a: Volcarona|Volcarona, L50, M|100/100\n|switch|p1b: Rillaboom|Rillaboom, L50, M|100/100\n|switch|p2a: Espathra|Espathra, L50, F, shiny|100/100\n|switch|p2b: Rillaboom|Rillaboom, L50, M|100/100\n|-fieldstart|move: Grassy Terrain|[from] ability: Grassy Surge|[of] p2b: Rillaboom\n|-enditem|p2a: Espathra|Grassy Seed\n|-boost|p2a: Espathra|def|1|[from] item: Grassy Seed\n|turn|1\n|\n|t:|1774532141\n|switch|p1b: Incineroar|Incineroar, L50, M|100/100\n|-ability|p1b: Incineroar|Intimidate|boost\n|-unboost|p2a: Espathra|atk|1\n|-unboost|p2b: Rillaboom|atk|1\n|move|p2b: Rillaboom|Fake Out|p1a: Volcarona\n|-damage|p1a: Volcarona|91/100\n|move|p2a: Espathra|Calm Mind|p2a: Espathra\n|-boost|p2a: Espathra|spa|1\n|-boost|p2a: Espathra|spd|1\n|cant|p1a: Volcarona|flinch\n|\n|-heal|p1a: Volcarona|97/100|[from] Grassy Terrain\n|-heal|p1a: Volcarona|100/100|[from] item: Leftovers\n|-ability|p2a: Espathra|Speed Boost|boost\n|-boost|p2a: Espathra|spe|1\n|upkeep\n|turn|2\n|\n|t:|1774532159\n|-terastallize|p2a: Espathra|Fairy\n|move|p1b: Incineroar|Fake Out|p2a: Espathra\n|-damage|p2a: Espathra|93/100\n|cant|p2a: Espathra|flinch\n|move|p1a: Volcarona|Quiver Dance|p1a: Volcarona\n|-boost|p1a: Volcarona|spa|1\n|-boost|p1a: Volcarona|spd|1\n|-boost|p1a: Volcarona|spe|1\n|move|p2b: Rillaboom|U-turn|p1b: Incineroar\n|-damage|p1b: Incineroar|88/100\n|\n|t:|1774532166\n|switch|p2b: Terapagos|Terapagos, L50, M|100/100|[from] U-turn\n|-activate|p2b: Terapagos|ability: Tera Shift\n|detailschange|p2b: Terapagos|Terapagos-Terastal, L50, M\n|-heal|p2b: Terapagos|100/100|[silent]\n|\n|-heal|p2a: Espathra|98/100|[from] Grassy Terrain\n|-heal|p1b: Incineroar|94/100|[from] Grassy Terrain\n|-ability|p2a: Espathra|Speed Boost|boost\n|-boost|p2a: Espathra|spe|1\n|upkeep\n|turn|3\n|\n|t:|1774532173\n|move|p2a: Espathra|Calm Mind|p2a: Espathra\n|-boost|p2a: Espathra|spa|1\n|-boost|p2a: Espathra|spd|1\n|move|p1a: Volcarona|Quiver Dance|p1a: Volcarona\n|-boost|p1a: Volcarona|spa|1\n|-boost|p1a: Volcarona|spd|1\n|-boost|p1a: Volcarona|spe|1\n|move|p2b: Terapagos|Calm Mind|p2b: Terapagos\n|-boost|p2b: Terapagos|spa|1\n|-boost|p2b: Terapagos|spd|1\n|move|p1b: Incineroar|Roar|p2a: Espathra\n|drag|p2a: Rillaboom|Rillaboom, L50, M|100/100\n|\n|-heal|p1b: Incineroar|100/100|[from] Grassy Terrain\n|upkeep\n|turn|4\n|\n|t:|1774532187\n|move|p2a: Rillaboom|Fake Out|p1a: Volcarona\n|-damage|p1a: Volcarona|88/100\n|-status|p2a: Rillaboom|brn|[from] ability: Flame Body|[of] p1a: Volcarona\n|cant|p1a: Volcarona|flinch\n|move|p2b: Terapagos|Tera Starstorm|p1b: Incineroar\n|-damage|p1b: Incineroar|37/100\n|move|p1b: Incineroar|Roar|p2b: Terapagos\n|drag|p2b: Calyrex|Calyrex-Shadow, L50|100/100\n|-ability|p2b: Calyrex|As One\n|-ability|p2b: Calyrex|Unnerve\n|\n|-heal|p1a: Volcarona|94/100|[from] Grassy Terrain\n|-heal|p1a: Volcarona|100/100|[from] item: Leftovers\n|-heal|p1b: Incineroar|43/100|[from] Grassy Terrain\n|-damage|p2a: Rillaboom|95/100 brn|[from] brn\n|upkeep\n|turn|5\n|\n|t:|1774532197\n|move|p1a: Volcarona|Fiery Dance|p2a: Rillaboom\n|-supereffective|p2a: Rillaboom\n|-damage|p2a: Rillaboom|7/100 brn\n|-boost|p1a: Volcarona|spa|1\n|move|p2b: Calyrex|Astral Barrage|p1b: Incineroar|[spread] p1a,p1b\n|-resisted|p1b: Incineroar\n|-damage|p1a: Volcarona|75/100\n|-damage|p1b: Incineroar|20/100\n|move|p2a: Rillaboom|U-turn|p1b: Incineroar\n|-damage|p1b: Incineroar|11/100\n|\n|t:|1774532202\n|switch|p2a: Espathra|Espathra, L50, F, shiny, tera:Fairy|98/100|[from] U-turn\n|move|p1b: Incineroar|Knock Off|p2a: Espathra\n|-resisted|p2a: Espathra\n|-damage|p2a: Espathra|85/100\n|\n|-heal|p1a: Volcarona|81/100|[from] Grassy Terrain\n|-heal|p1a: Volcarona|87/100|[from] item: Leftovers\n|-heal|p2a: Espathra|90/100|[from] Grassy Terrain\n|-heal|p1b: Incineroar|17/100|[from] Grassy Terrain\n|-fieldend|move: Grassy Terrain\n|upkeep\n|turn|6\n|\n|t:|1774532218\n|switch|p1b: Rillaboom|Rillaboom, L50, M|100/100\n|-fieldstart|move: Grassy Terrain|[from] ability: Grassy Surge|[of] p1b: Rillaboom\n|move|p1a: Volcarona|Fiery Dance|p2b: Calyrex\n|-crit|p2b: Calyrex\n|-enditem|p2b: Calyrex|Focus Sash\n|-damage|p2b: Calyrex|1/100\n|move|p2b: Calyrex|Astral Barrage|p1a: Volcarona|[spread] p1a,p1b\n|-damage|p1a: Volcarona|64/100\n|-damage|p1b: Rillaboom|65/100\n|move|p2a: Espathra|Calm Mind|p2a: Espathra\n|-boost|p2a: Espathra|spa|1\n|-boost|p2a: Espathra|spd|1\n|\n|-heal|p1a: Volcarona|70/100|[from] Grassy Terrain\n|-heal|p1a: Volcarona|76/100|[from] item: Leftovers\n|-heal|p2b: Calyrex|7/100|[from] Grassy Terrain\n|-heal|p2a: Espathra|96/100|[from] Grassy Terrain\n|-heal|p1b: Rillaboom|71/100|[from] Grassy Terrain\n|-ability|p2a: Espathra|Speed Boost|boost\n|-boost|p2a: Espathra|spe|1\n|upkeep\n|turn|7\n|\n|t:|1774532236\n|move|p2b: Calyrex|Protect|p2b: Calyrex\n|-singleturn|p2b: Calyrex|Protect\n|move|p2a: Espathra|Protect|p2a: Espathra\n|-singleturn|p2a: Espathra|Protect\n|move|p1a: Volcarona|Giga Drain|p2a: Espathra\n|-activate|p2a: Espathra|move: Protect\n|move|p1b: Rillaboom|U-turn|p2b: Calyrex\n|-activate|p2b: Calyrex|move: Protect\n|\n|-heal|p1a: Volcarona|82/100|[from] Grassy Terrain\n|-heal|p1a: Volcarona|89/100|[from] item: Leftovers\n|-heal|p2b: Calyrex|12/100|[from] Grassy Terrain\n|-heal|p2a: Espathra|100/100|[from] Grassy Terrain\n|-heal|p1b: Rillaboom|77/100|[from] Grassy Terrain\n|-ability|p2a: Espathra|Speed Boost|boost\n|-boost|p2a: Espathra|spe|1\n|upkeep\n|turn|8\n|\n|t:|1774532244\n|switch|p2b: Rillaboom|Rillaboom, L50, M|7/100 brn\n|move|p2a: Espathra|Calm Mind|p2a: Espathra\n|-boost|p2a: Espathra|spa|1\n|-boost|p2a: Espathra|spd|1\n|move|p1a: Volcarona|Giga Drain|p2b: Rillaboom\n|-resisted|p2b: Rillaboom\n|-damage|p2b: Rillaboom|0 fnt\n|-heal|p1a: Volcarona|92/100|[from] drain|[of] p2b: Rillaboom\n|faint|p2b: Rillaboom\n|move|p1b: Rillaboom|U-turn|p2a: Espathra\n|-resisted|p2a: Espathra\n|-crit|p2a: Espathra\n|-damage|p2a: Espathra|83/100\n|\n|t:|1774532247\n|switch|p1b: Incineroar|Incineroar, L50, M|17/100|[from] U-turn\n|-ability|p1b: Incineroar|Intimidate|boost\n|-unboost|p2a: Espathra|atk|1\n|\n|-heal|p2a: Espathra|88/100|[from] Grassy Terrain\n|-heal|p1a: Volcarona|98/100|[from] Grassy Terrain\n|-heal|p1a: Volcarona|100/100|[from] item: Leftovers\n|-heal|p1b: Incineroar|23/100|[from] Grassy Terrain\n|-ability|p2a: Espathra|Speed Boost|boost\n|-boost|p2a: Espathra|spe|1\n|upkeep\n|\n|t:|1774532265\n|switch|p2b: Terapagos|Terapagos-Terastal, L50, M|100/100\n|turn|9\n|\n|t:|1774532274\n|move|p2a: Espathra|Stored Power|p1a: Volcarona\n|-damage|p1a: Volcarona|47/100\n|move|p1a: Volcarona|Fiery Dance|p2a: Espathra\n|-damage|p2a: Espathra|12/100\n|move|p2b: Terapagos|Tera Starstorm|p1b: Incineroar\n|-damage|p1b: Incineroar|0 fnt\n|faint|p1b: Incineroar\n|\n|-heal|p2a: Espathra|18/100|[from] Grassy Terrain\n|-heal|p1a: Volcarona|53/100|[from] Grassy Terrain\n|-heal|p1a: Volcarona|59/100|[from] item: Leftovers\n|-ability|p2a: Espathra|Speed Boost|boost\n|-boost|p2a: Espathra|spe|1\n|upkeep\n|\n|t:|1774532281\n|switch|p1b: Rillaboom|Rillaboom, L50, M|77/100\n|turn|10\n|\n|t:|1774532295\n|switch|p1b: Koraidon|Koraidon, L50|100/100\n|-weather|SunnyDay|[from] ability: Orichalcum Pulse|[of] p1b: Koraidon\n|-activate|p1b: Koraidon|Orichalcum Pulse|[source]\n|move|p2a: Espathra|Protect|p2a: Espathra\n|-singleturn|p2a: Espathra|Protect\n|move|p1a: Volcarona|Quiver Dance|p1a: Volcarona\n|-boost|p1a: Volcarona|spa|1\n|-boost|p1a: Volcarona|spd|1\n|-boost|p1a: Volcarona|spe|1\n|move|p2b: Terapagos|Tera Starstorm|p1b: Koraidon\n|-damage|p1b: Koraidon|62/100\n|\n|-weather|SunnyDay|[upkeep]\n|-heal|p2a: Espathra|24/100|[from] Grassy Terrain\n|-heal|p1a: Volcarona|66/100|[from] Grassy Terrain\n|-heal|p1a: Volcarona|72/100|[from] item: Leftovers\n|-heal|p1b: Koraidon|68/100|[from] Grassy Terrain\n|-fieldend|move: Grassy Terrain\n|-ability|p2a: Espathra|Speed Boost|boost\n|-boost|p2a: Espathra|spe|1\n|upkeep\n|turn|11\n|\n|t:|1774532312\n|-terastallize|p1b: Koraidon|Fire\n|move|p2a: Espathra|Stored Power|p1a: Volcarona\n|-damage|p1a: Volcarona|16/100\n|move|p1a: Volcarona|Giga Drain|p2a: Espathra\n|-damage|p2a: Espathra|0 fnt\n|-heal|p1a: Volcarona|27/100|[from] drain|[of] p2a: Espathra\n|faint|p2a: Espathra\n|move|p1b: Koraidon|Flame Charge|p2b: Terapagos\n|-activate|p2b: Terapagos|ability: Tera Shell\n|-resisted|p2b: Terapagos\n|-damage|p2b: Terapagos|78/100\n|-boost|p1b: Koraidon|spe|1\n|move|p2b: Terapagos|Tera Starstorm|p1a: Volcarona\n|-damage|p1a: Volcarona|11/100\n|\n|-weather|SunnyDay|[upkeep]\n|-heal|p1a: Volcarona|18/100|[from] item: Leftovers\n|-heal|p2b: Terapagos|84/100|[from] item: Leftovers\n|upkeep\n|\n|t:|1774532318\n|switch|p2a: Calyrex|Calyrex-Shadow, L50|12/100\n|-ability|p2a: Calyrex|As One\n|-ability|p2a: Calyrex|Unnerve\n|turn|12\n|\n|t:|1774532326\n|move|p1a: Volcarona|Giga Drain|p2b: Terapagos\n|-damage|p2b: Terapagos|21/100\n|-heal|p1a: Volcarona|49/100|[from] drain|[of] p2b: Terapagos\n|move|p1b: Koraidon|Flame Charge|p2a: Calyrex\n|-damage|p2a: Calyrex|0 fnt\n|-boost|p1b: Koraidon|spe|1\n|faint|p2a: Calyrex\n|move|p2b: Terapagos|Tera Starstorm|p1a: Volcarona\n|-damage|p1a: Volcarona|33/100\n|\n|-weather|SunnyDay|[upkeep]\n|-heal|p1a: Volcarona|39/100|[from] item: Leftovers\n|-heal|p2b: Terapagos|28/100|[from] item: Leftovers\n|upkeep\n|turn|13\n|-message|Poopoo2 forfeited.\n|\n|win|Bman311\n|raw|Bman311's rating: 1335 &rarr; <strong>1353</strong><br />(+18 for winning)\n|raw|Poopoo2's rating: 1296 &rarr; <strong>1274</strong><br />(-22 for losing)\n|l|\u2606Poopoo2\n|player|p2|\n|l|\u2606Bman311\n|player|p1|\n","uploadtime":1774532592,"views":10,"formatid":"gen9vgc2026regi","rating":1274,"private":0,"password":null}