{"id":"gen9vgc2026regi-2550683316","format":"[Gen 9] VGC 2026 Reg I","players":["xmen2104","blackred123"],"log":"|j|\u2606xmen2104\n|j|\u2606blackred123\n|t:|1772516336\n|gametype|doubles\n|player|p1|xmen2104|lucas-gen4pt|1353\n|player|p2|blackred123|iono-masters|1385\n|gen|9\n|tier|[Gen 9] VGC 2026 Reg I\n|rated|\n|rule|Species Clause: Limit one of each Pok\u00e9mon\n|rule|Item Clause: Limit 1 of each item\n|clearpoke\n|poke|p1|Calyrex-Ice, L50|\n|poke|p1|Kyogre, L50|\n|poke|p1|Amoonguss, L50, F|\n|poke|p1|Incineroar, L50, F|\n|poke|p1|Indeedee-F, L50, F|\n|poke|p1|Raging Bolt, L50|\n|poke|p2|Kyogre, L50|\n|poke|p2|Zamazenta-*, L50|\n|poke|p2|Chien-Pao, L50|\n|poke|p2|Amoonguss, L50, F|\n|poke|p2|Dragonite, L50, F|\n|poke|p2|Rillaboom, L50, M|\n|teampreview|4\n|inactive|Battle timer is ON: inactive players will automatically lose when time's up. (requested by xmen2104)\n|inactive|blackred123 also wants the timer to be on.\n|inactive|blackred123 has 60 seconds left.\n|\n|t:|1772516367\n|teamsize|p1|4\n|teamsize|p2|4\n|start\n|switch|p1a: Calyrex|Calyrex-Ice, L50|100/100\n|switch|p1b: Indeedee|Indeedee-F, L50, F|100/100\n|switch|p2a: Zamazenta|Zamazenta-Crowned, L50|100/100\n|switch|p2b: Chien-Pao|Chien-Pao, L50|100/100\n|-ability|p1a: Calyrex|As One\n|-ability|p1a: Calyrex|Unnerve\n|-ability|p2b: Chien-Pao|Sword of Ruin\n|-ability|p2a: Zamazenta|Dauntless Shield|boost\n|-boost|p2a: Zamazenta|def|1\n|-fieldstart|move: Psychic Terrain|[from] ability: Psychic Surge|[of] p1b: Indeedee\n|-enditem|p1b: Indeedee|Psychic Seed\n|-boost|p1b: Indeedee|spd|1|[from] item: Psychic Seed\n|turn|1\n|\n|t:|1772516375\n|move|p1b: Indeedee|Follow Me|p1b: Indeedee\n|-singleturn|p1b: Indeedee|move: Follow Me\n|move|p2b: Chien-Pao|Ice Spinner|p1b: Indeedee\n|-damage|p1b: Indeedee|54/100\n|-fieldend|move: Psychic Terrain\n|move|p2a: Zamazenta|Body Press|p1b: Indeedee\n|-crit|p1b: Indeedee\n|-damage|p1b: Indeedee|0 fnt\n|faint|p1b: Indeedee\n|move|p1a: Calyrex|Trick Room|p1a: Calyrex\n|-fieldstart|move: Trick Room|[of] p1a: Calyrex\n|\n|upkeep\n|inactive|xmen2104 has 30 seconds left.\n|inactive|xmen2104 has 20 seconds left.\n|\n|t:|1772516412\n|switch|p1b: Raging Bolt|Raging Bolt, L50|100/100\n|-enditem|p1b: Raging Bolt|Booster Energy\n|-activate|p1b: Raging Bolt|ability: Protosynthesis|[fromitem]\n|-start|p1b: Raging Bolt|protosynthesisspa\n|turn|2\n|l|\u2606blackred123\n|inactive|blackred123 disconnected and has a minute to reconnect!\n|player|p2|\n|inactive|blackred123 has 30 seconds left.\n|inactive|blackred123 has 20 seconds left.\n|inactive|blackred123 has 15 seconds left.\n|j|\u2606blackred123\n|inactive|blackred123 reconnected and has 15 seconds left.\n|player|p2|blackred123|iono-masters|\n|inactive|blackred123 has 10 seconds left.\n|inactive|blackred123 has 5 seconds left.\n|\n|t:|1772516465\n|-terastallize|p2a: Zamazenta|Grass\n|move|p2a: Zamazenta|Wide Guard|p2a: Zamazenta\n|-singleturn|p2a: Zamazenta|Wide Guard\n|move|p1a: Calyrex|High Horsepower|p2b: Chien-Pao\n|-damage|p2b: Chien-Pao|42/100\n|move|p1b: Raging Bolt|Thunderbolt|p2b: Chien-Pao\n|-damage|p2b: Chien-Pao|0 fnt\n|faint|p2b: Chien-Pao\n|\n|upkeep\n|\n|t:|1772516481\n|switch|p2b: Dragonite|Dragonite, L50, F|100/100\n|turn|3\n|\n|t:|1772516496\n|-terastallize|p1b: Raging Bolt|Fairy\n|move|p2a: Zamazenta|Wide Guard|p2a: Zamazenta\n|-singleturn|p2a: Zamazenta|Wide Guard\n|move|p2b: Dragonite|Extreme Speed|p1b: Raging Bolt\n|-damage|p1b: Raging Bolt|67/100\n|move|p1a: Calyrex|Glacial Lance|p2a: Zamazenta|[spread] \n|-activate|p2a: Zamazenta|move: Wide Guard\n|-activate|p2b: Dragonite|move: Wide Guard\n|move|p1b: Raging Bolt|Dragon Pulse|p2b: Dragonite\n|-supereffective|p2b: Dragonite\n|-damage|p2b: Dragonite|0 fnt\n|faint|p2b: Dragonite\n|\n|upkeep\n|\n|t:|1772516499\n|switch|p2b: Kyogre|Kyogre, L50|100/100\n|-weather|RainDance|[from] ability: Drizzle|[of] p2b: Kyogre\n|turn|4\n|\n|t:|1772516509\n|move|p1a: Calyrex|Glacial Lance|p2a: Zamazenta|[spread] p2a,p2b\n|-supereffective|p2a: Zamazenta\n|-resisted|p2b: Kyogre\n|-damage|p2a: Zamazenta|56/100\n|-damage|p2b: Kyogre|75/100\n|move|p1b: Raging Bolt|Thunderbolt|p2b: Kyogre\n|-supereffective|p2b: Kyogre\n|-damage|p2b: Kyogre|0 fnt\n|faint|p2b: Kyogre\n|move|p2a: Zamazenta|Heavy Slam|p1b: Raging Bolt\n|-supereffective|p1b: Raging Bolt\n|-damage|p1b: Raging Bolt|42/100\n|\n|-weather|RainDance|[upkeep]\n|upkeep\n|turn|5\n|-message|blackred123 forfeited.\n|\n|win|xmen2104\n|raw|xmen2104's rating: 1353 &rarr; <strong>1375</strong><br />(+22 for winning)\n|raw|blackred123's rating: 1385 &rarr; <strong>1363</strong><br />(-22 for losing)\n|l|\u2606blackred123\n|player|p2|\n|l|\u2606xmen2104\n|player|p1|\n","uploadtime":1772516774,"views":12,"formatid":"gen9vgc2026regi","rating":1363,"private":0,"password":null}