{"id":"gen9vgc2026regi-2549485657","format":"[Gen 9] VGC 2026 Reg I","players":["daviduv","benniOVYalt"],"log":"|j|\u2606daviduv\n|j|\u2606benniOVYalt\n|t:|1772374836\n|gametype|doubles\n|player|p1|daviduv|blackbelt|\n|player|p2|benniOVYalt|psychic-gen4|\n|gen|9\n|tier|[Gen 9] VGC 2026 Reg I\n|rated|Tournament battle\n|rule|Species Clause: Limit one of each Pok\u00e9mon\n|rule|Item Clause: Limit 1 of each item\n|raw|<div class=\"infobox\"><details class=\"readmore\" open><summary><strong>1 custom rule:</strong></summary> force open team sheets</details></div>\n|clearpoke\n|poke|p1|Calyrex-Shadow, L50|\n|poke|p1|Zamazenta-*, L50|\n|poke|p1|Incineroar, L50, F|\n|poke|p1|Rillaboom, L50, F|\n|poke|p1|Chien-Pao, L50|\n|poke|p1|Raging Bolt, L50|\n|poke|p2|Zamazenta-*, L50|\n|poke|p2|Calyrex-Shadow, L50|\n|poke|p2|Incineroar, L50, M|\n|poke|p2|Rillaboom, L50, M|\n|poke|p2|Urshifu-*, L50, F|\n|poke|p2|Tornadus, L50, M|\n|teampreview|4\n|showteam|p1|Calyrex-Shadow||LifeOrb|AsOneSpectrier|Protect,AstralBarrage,Psychic,NastyPlot||||||50|,,,,,Dark]Zamazenta-Crowned||RustedShield|DauntlessShield|Protect,BodyPress,behemothbash,WideGuard||||||50|,,,,,Water]Incineroar||SafetyGoggles|Intimidate|FakeOut,PartingShot,KnockOff,HelpingHand|||F|||50|,,,,,Water]Rillaboom||AssaultVest|GrassySurge|FakeOut,GrassyGlide,WoodHammer,Uturn|||F|||50|,,,,,Fire]Chien-Pao||FocusSash|SwordofRuin|Protect,IceSpinner,SuckerPunch,Taunt||||||50|,,,,,Ghost]Raging Bolt||Magnet|Protosynthesis|Protect,Thunderclap,DragonPulse,Thunderbolt||||||50|,,,,,Electric\n|showteam|p2|Zamazenta-Crowned||RustedShield|DauntlessShield|BodyPress,HeavySlam,WideGuard,Protect||||||50|,,,,,Dragon]Calyrex-Shadow||FocusSash|AsOneSpectrier|AstralBarrage,Psychic,NastyPlot,Protect||||||50|,,,,,Ghost]Incineroar||RockyHelmet|Intimidate|KnockOff,PartingShot,WillOWisp,FakeOut|||M|||50|,,,,,Bug]Rillaboom||AssaultVest|GrassySurge|WoodHammer,GrassyGlide,Uturn,FakeOut|||M|||50|,,,,,Fire]Urshifu-Rapid-Strike||MysticWater|UnseenFist|SurgingStrikes,CloseCombat,Detect,AquaJet|||F|||50|,,,,,Water]Tornadus||CovertCloak|Prankster|BleakwindStorm,Tailwind,RainDance,Taunt|||M|||50|,,,,,Dark\n|j| lukegwt\n|c|\u2606daviduv|glhf\n|c|\u2606benniOVYalt|damn\n|c|\u2606benniOVYalt|this wont be fun\n|c|\u2606benniOVYalt|but gl\n|j| knoxxzeta\n|c|\u2606daviduv|why?\n|c|\u2606benniOVYalt|since its the mirror\n|j| yuirs gsb\n|c|\u2606daviduv|cuz its a mirror match?\n|c|\u2606daviduv|yeah\n|j| mysticmarshtomp\n|c|\u2606daviduv|the mirror is always weird\n|c|\u2606benniOVYalt|wasnt bolt like specifically on the team for this mu?\n|c|\u2606benniOVYalt|at least on marco silvas team\n|c|\u2606daviduv|not sure\n|c|\u2606daviduv|bolt is just a good mon\n|c|\u2606benniOVYalt|like it resits the 4 other mons on my tema\n|c|\u2606daviduv|can come in lots of matchups\n|l| yuirs gsb\n|c|\u2606benniOVYalt|yeh ofc ofc\n|c|\u2606benniOVYalt|i mean its just rlly strong here\n|j| yuirs gsb\n|c|\u2606daviduv|it will not be fun but it will be close\n|c|\u2606daviduv|it is\n|\n|t:|1772374926\n|teamsize|p1|4\n|teamsize|p2|4\n|start\n|switch|p1a: Calyrex|Calyrex-Shadow, L50|100/100\n|switch|p1b: Zamazenta|Zamazenta-Crowned, L50|100/100\n|switch|p2a: Zamazenta|Zamazenta-Crowned, L50|100/100\n|switch|p2b: Rillaboom|Rillaboom, L50, M|100/100\n|-ability|p1a: Calyrex|As One\n|-ability|p1a: Calyrex|Unnerve\n|-ability|p1b: Zamazenta|Dauntless Shield|boost\n|-boost|p1b: Zamazenta|def|1\n|-ability|p2a: Zamazenta|Dauntless Shield|boost\n|-boost|p2a: Zamazenta|def|1\n|-fieldstart|move: Grassy Terrain|[from] ability: Grassy Surge|[of] p2b: Rillaboom\n|turn|1\n|c| yuirs gsb|Boys lets go\n|\n|t:|1772374941\n|move|p1a: Calyrex|Protect|p1a: Calyrex\n|-singleturn|p1a: Calyrex|Protect\n|move|p1b: Zamazenta|Protect|p1b: Zamazenta\n|-singleturn|p1b: Zamazenta|Protect\n|move|p2a: Zamazenta|Protect|p2a: Zamazenta\n|-singleturn|p2a: Zamazenta|Protect\n|move|p2b: Rillaboom|U-turn|p1a: Calyrex\n|-activate|p1a: Calyrex|move: Protect\n|\n|upkeep\n|turn|2\n|c|\u2606daviduv|yup\n|c|\u2606daviduv|jsut safe play\n|c|\u2606daviduv|gets a ton of ground\n|j| Jamstiffer\n|\n|t:|1772374969\n|move|p1a: Calyrex|Astral Barrage|p2a: Zamazenta|[spread] p2a,p2b\n|-damage|p2a: Zamazenta|55/100\n|-damage|p2b: Rillaboom|50/100\n|-damage|p1a: Calyrex|91/100|[from] item: Life Orb\n|move|p1b: Zamazenta|Body Press|p2a: Zamazenta\n|-supereffective|p2a: Zamazenta\n|-damage|p2a: Zamazenta|14/100\n|move|p2a: Zamazenta|Body Press|p1a: Calyrex\n|-immune|p1a: Calyrex\n|move|p2b: Rillaboom|Wood Hammer|p1a: Calyrex\n|-damage|p1a: Calyrex|12/100\n|-damage|p2b: Rillaboom|27/100|[from] Recoil\n|\n|-heal|p1a: Calyrex|18/100|[from] Grassy Terrain\n|-heal|p2a: Zamazenta|19/100|[from] Grassy Terrain\n|-heal|p2b: Rillaboom|33/100|[from] Grassy Terrain\n|upkeep\n|turn|3\n|c|\u2606daviduv|so close\n|c|\u2606benniOVYalt|what the heck\n|c|\u2606daviduv|?\n|c|\u2606benniOVYalt|nah the caly survival\n|c| yuirs gsb|Miss klocki\n|c| yuirs gsb|Klick\n|c|\u2606benniOVYalt|i saw ghost + wood hammer and connected to flutter dropping to wood hammer lmao\n|\n|t:|1772375016\n|switch|p1a: Incineroar|Incineroar, L50, F|100/100\n|-ability|p1a: Incineroar|Intimidate|boost\n|-unboost|p2a: Zamazenta|atk|1\n|-unboost|p2b: Rillaboom|atk|1\n|switch|p2b: Calyrex|Calyrex-Shadow, L50|100/100\n|-ability|p2b: Calyrex|As One\n|-ability|p2b: Calyrex|Unnerve\n|move|p2a: Zamazenta|Protect|p2a: Zamazenta\n|-singleturn|p2a: Zamazenta|Protect\n|move|p1b: Zamazenta|Body Press|p2a: Zamazenta\n|-activate|p2a: Zamazenta|move: Protect\n|\n|-heal|p2a: Zamazenta|25/100|[from] Grassy Terrain\n|upkeep\n|turn|4\n|l| Jamstiffer\n|c| yuirs gsb|Miss klick#\n|c|\u2606daviduv|ok...\n|\n|t:|1772375036\n|switch|p2a: Incineroar|Incineroar, L50, M|100/100\n|-ability|p2a: Incineroar|Intimidate|boost\n|-unboost|p1a: Incineroar|atk|1\n|-unboost|p1b: Zamazenta|atk|1\n|move|p2b: Calyrex|Nasty Plot|p2b: Calyrex\n|-boost|p2b: Calyrex|spa|2\n|move|p1b: Zamazenta|Body Press|p2a: Incineroar\n|-supereffective|p2a: Incineroar\n|-damage|p2a: Incineroar|16/100\n|-damage|p1b: Zamazenta|84/100|[from] item: Rocky Helmet|[of] p2a: Incineroar\n|move|p1a: Incineroar|Knock Off|p2b: Calyrex\n|-supereffective|p2b: Calyrex\n|-enditem|p2b: Calyrex|Focus Sash\n|-damage|p2b: Calyrex|1/100\n|\n|-heal|p2b: Calyrex|7/100|[from] Grassy Terrain\n|-heal|p1b: Zamazenta|90/100|[from] Grassy Terrain\n|-heal|p2a: Incineroar|22/100|[from] Grassy Terrain\n|upkeep\n|turn|5\n|c|\u2606daviduv|one shot?\n|c|\u2606daviduv|maybe?\n|c|\u2606daviduv|no\n|c|\u2606benniOVYalt|ydh idk what im doing\n|j|%llefface\n|c|\u2606daviduv|you prob dont\n|\n|t:|1772375074\n|move|p1b: Zamazenta|Wide Guard|p1b: Zamazenta\n|-singleturn|p1b: Zamazenta|Wide Guard\n|move|p2a: Incineroar|Fake Out|p1a: Incineroar\n|-damage|p1a: Incineroar|90/100\n|move|p2b: Calyrex|Nasty Plot|p2b: Calyrex\n|-boost|p2b: Calyrex|spa|2\n|cant|p1a: Incineroar|flinch\n|\n|-heal|p2b: Calyrex|14/100|[from] Grassy Terrain\n|-heal|p1b: Zamazenta|96/100|[from] Grassy Terrain\n|-heal|p2a: Incineroar|28/100|[from] Grassy Terrain\n|-heal|p1a: Incineroar|96/100|[from] Grassy Terrain\n|-fieldend|move: Grassy Terrain\n|upkeep\n|turn|6\n|c|\u2606daviduv|smart play\n|\n|t:|1772375098\n|move|p2b: Calyrex|Psychic|p1b: Zamazenta\n|-damage|p1b: Zamazenta|0 fnt\n|faint|p1b: Zamazenta\n|-ability|p2b: Calyrex|Grim Neigh|boost\n|-boost|p2b: Calyrex|spa|1\n|move|p2a: Incineroar|Parting Shot|p1a: Incineroar\n|-unboost|p1a: Incineroar|atk|1\n|-unboost|p1a: Incineroar|spa|1\n|\n|t:|1772375102\n|switch|p2a: Rillaboom|Rillaboom, L50, M|33/100|[from] Parting Shot\n|-fieldstart|move: Grassy Terrain|[from] ability: Grassy Surge|[of] p2a: Rillaboom\n|move|p1a: Incineroar|Knock Off|p2b: Calyrex\n|-supereffective|p2b: Calyrex\n|-damage|p2b: Calyrex|0 fnt\n|faint|p2b: Calyrex\n|\n|-heal|p2a: Rillaboom|39/100|[from] Grassy Terrain\n|-heal|p1a: Incineroar|100/100|[from] Grassy Terrain\n|upkeep\n|c|\u2606daviduv|why not astral?\n|c|\u2606daviduv|but ok\n|c|\u2606benniOVYalt|since you could wide guard\n|c|\u2606benniOVYalt|and then i drop\n|c|\u2606daviduv|i guess\n|\n|t:|1772375118\n|switch|p2b: Zamazenta|Zamazenta-Crowned, L50|25/100\n|switch|p1b: Raging Bolt|Raging Bolt, L50|100/100\n|turn|7\n|c|\u2606daviduv|but now incin is unscathed\n|c|\u2606daviduv|and most of the time zama doesnt click wide guard unless its calyrex time\n|c| yuirs gsb|Daviduv let goooo\n|\n|t:|1772375152\n|-terastallize|p2b: Zamazenta|Dragon\n|-terastallize|p1a: Incineroar|Water\n|move|p2a: Rillaboom|Fake Out|p1b: Raging Bolt\n|-damage|p1b: Raging Bolt|92/100\n|move|p2b: Zamazenta|Body Press|p1b: Raging Bolt\n|-damage|p1b: Raging Bolt|58/100\n|cant|p1b: Raging Bolt|flinch\n|move|p1a: Incineroar|Parting Shot|p2a: Rillaboom\n|-unboost|p2a: Rillaboom|atk|1\n|-unboost|p2a: Rillaboom|spa|1\n|c|\u2606benniOVYalt|like zama was dropping either way there\n|\n|t:|1772375163\n|switch|p1a: Calyrex|Calyrex-Shadow, L50|18/100|[from] Parting Shot\n|-ability|p1a: Calyrex|As One\n|-ability|p1a: Calyrex|Unnerve\n|\n|-heal|p1a: Calyrex|24/100|[from] Grassy Terrain\n|-heal|p2b: Zamazenta|31/100|[from] Grassy Terrain\n|-heal|p2a: Rillaboom|44/100|[from] Grassy Terrain\n|-heal|p1b: Raging Bolt|64/100|[from] Grassy Terrain\n|upkeep\n|turn|8\n|c|\u2606benniOVYalt|so i thought wideguard was obvious there\n|j| Pickly_pancake\n|c|\u2606daviduv|i guess\n|c|\u2606benniOVYalt|and i missed a very free play there\n|l| yuirs gsb\n|j| jzdr2\n|c|\u2606daviduv|but i wanted to cover a protect\n|c|\u2606benniOVYalt|or not free\n|c|\u2606daviduv|and will-o wisp\n|c|\u2606benniOVYalt|but woodhammer i mean\n|c|\u2606daviduv|or protect and parting\n|\n|t:|1772375206\n|switch|p2b: Incineroar|Incineroar, L50, M|28/100\n|-ability|p2b: Incineroar|Intimidate|boost\n|-unboost|p1a: Calyrex|atk|1\n|-unboost|p1b: Raging Bolt|atk|1\n|move|p1a: Calyrex|Protect|p1a: Calyrex\n|-singleturn|p1a: Calyrex|Protect\n|move|p2a: Rillaboom|Grassy Glide|p1a: Calyrex\n|-activate|p1a: Calyrex|move: Protect\n|move|p1b: Raging Bolt|Dragon Pulse|p2a: Rillaboom\n|-damage|p2a: Rillaboom|13/100\n|\n|-heal|p1a: Calyrex|30/100|[from] Grassy Terrain\n|-heal|p2a: Rillaboom|18/100|[from] Grassy Terrain\n|-heal|p1b: Raging Bolt|70/100|[from] Grassy Terrain\n|-heal|p2b: Incineroar|34/100|[from] Grassy Terrain\n|upkeep\n|turn|9\n|c|\u2606benniOVYalt|i guess astral willo? but thats still a bad position if you wide guard\n|c|\u2606daviduv|yeah\n|c|\u2606daviduv|but protect to save caly is a play\n|\n|t:|1772375243\n|switch|p1a: Incineroar|Incineroar, L50, F, tera:Water|100/100\n|-ability|p1a: Incineroar|Intimidate|boost\n|-unboost|p2a: Rillaboom|atk|1\n|-unboost|p2b: Incineroar|atk|1\n|move|p2a: Rillaboom|Fake Out||[still]\n|-hint|Fake Out only works on your first turn out.\n|-fail|p2a: Rillaboom\n|move|p1b: Raging Bolt|Dragon Pulse|p2a: Rillaboom\n|-damage|p2a: Rillaboom|0 fnt\n|faint|p2a: Rillaboom\n|move|p2b: Incineroar|Knock Off|p1a: Incineroar\n|-damage|p1a: Incineroar|77/100\n|-enditem|p1a: Incineroar|Safety Goggles|[from] move: Knock Off|[of] p2b: Incineroar\n|\n|-heal|p1b: Raging Bolt|76/100|[from] Grassy Terrain\n|-heal|p2b: Incineroar|40/100|[from] Grassy Terrain\n|-heal|p1a: Incineroar|83/100|[from] Grassy Terrain\n|upkeep\n|c|\u2606daviduv|oh\n|c|\u2606benniOVYalt|for sure, but then incin goes down and we are in the same positon as earier\n|j| yuirs gsb\n|c|\u2606benniOVYalt|and that was my fault\n|c|\u2606daviduv|i guess\n|c|\u2606daviduv|mistakes like those are easy to make\n|c|\u2606benniOVYalt|i was to busy writing so i forgot that rilla was on feild lmao\n|c|\u2606daviduv|but now its prob gg\n|\n|t:|1772375275\n|switch|p2a: Zamazenta|Zamazenta-Crowned, L50, tera:Dragon|31/100\n|turn|10\n|c|\u2606daviduv|yeah\n|c|\u2606benniOVYalt|ggs\n|\n|t:|1772375287\n|move|p2a: Zamazenta|Body Press|p1b: Raging Bolt\n|-crit|p1b: Raging Bolt\n|-damage|p1b: Raging Bolt|25/100\n|move|p1b: Raging Bolt|Dragon Pulse|p2a: Zamazenta\n|-supereffective|p2a: Zamazenta\n|-crit|p2a: Zamazenta\n|-damage|p2a: Zamazenta|0 fnt\n|faint|p2a: Zamazenta\n|move|p2b: Incineroar|Knock Off|p1b: Raging Bolt\n|-damage|p1b: Raging Bolt|7/100\n|-enditem|p1b: Raging Bolt|Magnet|[from] move: Knock Off|[of] p2b: Incineroar\n|move|p1a: Incineroar|Parting Shot|p2b: Incineroar\n|-unboost|p2b: Incineroar|atk|1\n|-unboost|p2b: Incineroar|spa|1\n|c|\u2606daviduv|incin just hit the field\n|c|\u2606daviduv|and oh\n|c|\u2606daviduv|waht a finish\n|\n|t:|1772375300\n|switch|p1a: Calyrex|Calyrex-Shadow, L50|30/100|[from] Parting Shot\n|-ability|p1a: Calyrex|As One\n|-ability|p1a: Calyrex|Unnerve\n|\n|-heal|p1a: Calyrex|36/100|[from] Grassy Terrain\n|-heal|p1b: Raging Bolt|13/100|[from] Grassy Terrain\n|-heal|p2b: Incineroar|46/100|[from] Grassy Terrain\n|-fieldend|move: Grassy Terrain\n|upkeep\n|turn|11\n|c|\u2606benniOVYalt|bolt for sure made the mu here, usually my lead is urshi + torn and tera water surging to do big dmg\n|l| jzdr2\n|c|\u2606daviduv|yeah\n|l| mysticmarshtomp\n|c|\u2606benniOVYalt|but with bolt i coudlnt do it\n|c|\u2606daviduv|but i could just switch bolt and tera water\n|c|\u2606benniOVYalt|and you just outlead me fore there\n|c|\u2606daviduv|yeah\n|c| yuirs gsb|Daviduv lets go\n|c|\u2606benniOVYalt|exactly exactly\n|\n|t:|1772375332\n|-end|p1b: Raging Bolt|Protosynthesis|[silent]\n|switch|p1b: Incineroar|Incineroar, L50, F, tera:Water|83/100\n|-ability|p1b: Incineroar|Intimidate|boost\n|-unboost|p2b: Incineroar|atk|1\n|move|p1a: Calyrex|Protect|p1a: Calyrex\n|-singleturn|p1a: Calyrex|Protect\n|move|p2b: Incineroar|Knock Off|p1b: Incineroar\n|-damage|p1b: Incineroar|73/100\n|\n|upkeep\n|turn|12\n|c|\u2606benniOVYalt|so ggs\n|c| yuirs gsb|\ud83e\udd18\n|c|\u2606daviduv|so ggwp\n|c|\u2606daviduv|ggs\n|c|%llefface|I used tera water zam before it was cool\n|c|\u2606daviduv|i like tera water zama with rilla\n|c|\u2606benniOVYalt|yeh, i just dont like it since mirai was so common\n|c|\u2606daviduv|i like my team in general\n|c|\u2606daviduv|i know\n|c|\u2606benniOVYalt|but sine you have 3 caly answers its not that bad\n|c|\u2606daviduv|but rilla can cover the matchup\n|c|\u2606benniOVYalt|comapred to my 1\n|c|\u2606daviduv|yeah\n|c|\u2606benniOVYalt|i mean mirai*\n|c|\u2606benniOVYalt|not caly\n|c| yuirs gsb|David win Word chempionship tourn\n|\n|t:|1772375389\n|move|p1b: Incineroar|Fake Out|p2b: Incineroar\n|-damage|p2b: Incineroar|37/100\n|-damage|p1b: Incineroar|57/100|[from] item: Rocky Helmet|[of] p2b: Incineroar\n|move|p1a: Calyrex|Nasty Plot|p1a: Calyrex\n|-boost|p1a: Calyrex|spa|2\n|cant|p2b: Incineroar|flinch\n|\n|upkeep\n|turn|13\n|c|\u2606daviduv|one final click\n|\n|t:|1772375401\n|move|p1b: Incineroar|Helping Hand|p1a: Calyrex\n|-singleturn|p1a: Calyrex|Helping Hand|[of] p1b: Incineroar\n|move|p1a: Calyrex|Astral Barrage|p2b: Incineroar\n|-resisted|p2b: Incineroar\n|-damage|p2b: Incineroar|0 fnt\n|faint|p2b: Incineroar\n|-damage|p1a: Calyrex|27/100|[from] item: Life Orb\n|\n|win|daviduv\n|n|\u2606daviduv|daviduv\n|n|\u2606benniOVYalt|benniovyalt\n|n| lukegwt|lukegwt\n|n| knoxxzeta|knoxxzeta\n|n| llefface|llefface\n|n| Pickly_pancake|picklypancake\n|n| yuirs gsb|yuirsgsb\n","uploadtime":1772375401,"views":14,"formatid":"gen9vgc2026regi","rating":null,"private":0,"password":null}