{"id":"gen9vgc2026regi-2566705135","format":"[Gen 9] VGC 2026 Reg I","players":["parrotboy","yuri1910"],"log":"|j|\u2606parrotboy\n|j|\u2606yuri1910\n|t:|1774400140\n|gametype|doubles\n|player|p1|parrotboy|hiker-gen4|1352\n|player|p2|yuri1910|linebacker|1450\n|gen|9\n|tier|[Gen 9] VGC 2026 Reg I\n|rated|\n|rule|Species Clause: Limit one of each Pok\u00e9mon\n|rule|Item Clause: Limit 1 of each item\n|clearpoke\n|poke|p1|Kyogre, L50|\n|poke|p1|Gholdengo, L50|\n|poke|p1|Scream Tail, L50|\n|poke|p1|Zamazenta-*, L50|\n|poke|p1|Grimmsnarl, L50, M|\n|poke|p1|Rillaboom, L50, F|\n|poke|p2|Calyrex-Ice, L50|\n|poke|p2|Kyogre, L50|\n|poke|p2|Grimmsnarl, L50, M|\n|poke|p2|Rillaboom, L50, F|\n|poke|p2|Urshifu-*, L50, M|\n|poke|p2|Landorus, L50, M|\n|teampreview|4\n|inactive|Battle timer is ON: inactive players will automatically lose when time's up. (requested by parrotboy)\n|\n|t:|1774400179\n|teamsize|p1|4\n|teamsize|p2|4\n|start\n|switch|p1a: Grimmsnarl|Grimmsnarl, L50, M|100/100\n|switch|p1b: Rillaboom|Rillaboom, L50, F|100/100\n|switch|p2a: Grimmsnarl|Grimmsnarl, L50, M|100/100\n|switch|p2b: Kyogre|Kyogre, L50|100/100\n|-weather|RainDance|[from] ability: Drizzle|[of] p2b: Kyogre\n|-fieldstart|move: Grassy Terrain|[from] ability: Grassy Surge|[of] p1b: Rillaboom\n|turn|1\n|\n|t:|1774400193\n|switch|p2b: Calyrex|Calyrex-Ice, L50|100/100\n|-ability|p2b: Calyrex|As One\n|-ability|p2b: Calyrex|Unnerve\n|move|p1a: Grimmsnarl|Fake Out|p2a: Grimmsnarl\n|-damage|p2a: Grimmsnarl|86/100\n|cant|p2a: Grimmsnarl|flinch\n|move|p1b: Rillaboom|U-turn|p2a: Grimmsnarl\n|-damage|p2a: Grimmsnarl|60/100\n|inactive|parrotboy has 30 seconds left.\n|\n|t:|1774400220\n|switch|p1b: Kyogre|Kyogre, L50|100/100|[from] U-turn\n|\n|-weather|RainDance|[upkeep]\n|-heal|p2a: Grimmsnarl|66/100|[from] Grassy Terrain\n|upkeep\n|turn|2\n|\n|t:|1774400236\n|-terastallize|p1a: Grimmsnarl|Dark\n|-terastallize|p2b: Calyrex|Grass\n|move|p2a: Grimmsnarl|Light Screen|p2a: Grimmsnarl\n|-sidestart|p2: yuri1910|move: Light Screen\n|move|p1b: Kyogre|Water Spout|p2b: Calyrex|[spread] p2a,p2b\n|-resisted|p2b: Calyrex\n|-damage|p2a: Grimmsnarl|6/100\n|-damage|p2b: Calyrex|84/100\n|move|p1a: Grimmsnarl|Throat Chop|p2b: Calyrex\n|-damage|p2b: Calyrex|41/100\n|-start|p2b: Calyrex|Throat Chop|[silent]\n|move|p2b: Calyrex|Glacial Lance|p1b: Kyogre|[spread] p1a,p1b\n|-resisted|p1b: Kyogre\n|-damage|p1a: Grimmsnarl|35/100\n|-damage|p1b: Kyogre|80/100\n|\n|-weather|RainDance|[upkeep]\n|-heal|p1b: Kyogre|86/100|[from] Grassy Terrain\n|-heal|p1a: Grimmsnarl|41/100|[from] Grassy Terrain\n|-heal|p2a: Grimmsnarl|12/100|[from] Grassy Terrain\n|-heal|p2b: Calyrex|47/100|[from] Grassy Terrain\n|-heal|p2b: Calyrex|53/100|[from] item: Leftovers\n|upkeep\n|turn|3\n|inactive|yuri1910 has 30 seconds left.\n|inactive|parrotboy has 30 seconds left.\n|inactive|yuri1910 has 20 seconds left.\n|inactive|yuri1910 has 15 seconds left.\n|\n|t:|1774400279\n|move|p2a: Grimmsnarl|Reflect|p2a: Grimmsnarl\n|-sidestart|p2: yuri1910|Reflect\n|move|p1b: Kyogre|Tera Blast|p2b: Calyrex\n|-damage|p2b: Calyrex|41/100\n|move|p1a: Grimmsnarl|Throat Chop|p2b: Calyrex\n|-damage|p2b: Calyrex|12/100\n|move|p2b: Calyrex|Glacial Lance|p1a: Grimmsnarl|[spread] p1a,p1b\n|-resisted|p1b: Kyogre\n|-damage|p1a: Grimmsnarl|0 fnt\n|-damage|p1b: Kyogre|64/100\n|faint|p1a: Grimmsnarl\n|-ability|p2b: Calyrex|Chilling Neigh|boost\n|-boost|p2b: Calyrex|atk|1\n|\n|-weather|RainDance|[upkeep]\n|-heal|p1b: Kyogre|69/100|[from] Grassy Terrain\n|-heal|p2a: Grimmsnarl|18/100|[from] Grassy Terrain\n|-heal|p2b: Calyrex|17/100|[from] Grassy Terrain\n|-heal|p2b: Calyrex|23/100|[from] item: Leftovers\n|-end|p2b: Calyrex|Throat Chop|[silent]\n|upkeep\n|\n|t:|1774400285\n|switch|p1a: Scream Tail|Scream Tail, L50|100/100\n|-enditem|p1a: Scream Tail|Booster Energy\n|-activate|p1a: Scream Tail|ability: Protosynthesis|[fromitem]\n|-start|p1a: Scream Tail|protosynthesisspe\n|turn|4\n|inactive|yuri1910 has 30 seconds left.\n|inactive|yuri1910 has 20 seconds left.\n|\n|t:|1774400323\n|move|p2a: Grimmsnarl|Thunder Wave|p1b: Kyogre\n|-status|p1b: Kyogre|par\n|move|p1a: Scream Tail|Disable|p2b: Calyrex\n|-start|p2b: Calyrex|Disable|Glacial Lance\n|cant|p2b: Calyrex|Disable|Glacial Lance\n|move|p1b: Kyogre|Water Spout|p2a: Grimmsnarl|[spread] p2a,p2b\n|-resisted|p2b: Calyrex\n|-damage|p2a: Grimmsnarl|0 fnt\n|-damage|p2b: Calyrex|10/100\n|faint|p2a: Grimmsnarl\n|\n|-weather|RainDance|[upkeep]\n|-heal|p2b: Calyrex|16/100|[from] Grassy Terrain\n|-heal|p2b: Calyrex|22/100|[from] item: Leftovers\n|-heal|p1b: Kyogre|75/100 par|[from] Grassy Terrain\n|upkeep\n|\n|t:|1774400332\n|switch|p2a: Kyogre|Kyogre, L50|100/100\n|turn|5\n|\n|t:|1774400341\n|move|p1a: Scream Tail|Encore|p2b: Calyrex\n|-start|p2b: Calyrex|Encore\n|move|p2a: Kyogre|Water Spout|p1b: Kyogre|[spread] p1a,p1b\n|-resisted|p1b: Kyogre\n|-damage|p1a: Scream Tail|34/100\n|-damage|p1b: Kyogre|43/100 par\n|cant|p2b: Calyrex|Disable|Glacial Lance\n|move|p1b: Kyogre|Origin Pulse|p2b: Calyrex|[spread] p2a,p2b\n|-resisted|p2a: Kyogre\n|-resisted|p2b: Calyrex\n|-damage|p2a: Kyogre|92/100\n|-damage|p2b: Calyrex|8/100\n|\n|-weather|none\n|-heal|p1a: Scream Tail|40/100|[from] Grassy Terrain\n|-heal|p2a: Kyogre|98/100|[from] Grassy Terrain\n|-heal|p2b: Calyrex|14/100|[from] Grassy Terrain\n|-heal|p2b: Calyrex|20/100|[from] item: Leftovers\n|-heal|p1b: Kyogre|48/100 par|[from] Grassy Terrain\n|-fieldend|move: Grassy Terrain\n|upkeep\n|turn|6\n|\n|t:|1774400355\n|switch|p2b: Landorus|Landorus, L50, M|100/100\n|-enditem|p1b: Kyogre|Sitrus Berry|[eat]\n|-heal|p1b: Kyogre|73/100 par|[from] item: Sitrus Berry\n|switch|p1b: Rillaboom|Rillaboom, L50, F|100/100\n|-fieldstart|move: Grassy Terrain|[from] ability: Grassy Surge|[of] p1b: Rillaboom\n|move|p1a: Scream Tail|Disable|p2a: Kyogre\n|-start|p2a: Kyogre|Disable|Water Spout\n|cant|p2a: Kyogre|Disable|Water Spout\n|\n|-heal|p1a: Scream Tail|47/100|[from] Grassy Terrain\n|-heal|p2a: Kyogre|100/100|[from] Grassy Terrain\n|upkeep\n|turn|7\n|\n|t:|1774400372\n|switch|p2a: Calyrex|Calyrex-Ice, L50, tera:Grass|20/100\n|-ability|p2a: Calyrex|As One\n|-ability|p2a: Calyrex|Unnerve\n|move|p1b: Rillaboom|Fake Out|p2b: Landorus\n|-damage|p2b: Landorus|91/100\n|move|p1a: Scream Tail|Dazzling Gleam|p2b: Landorus|[spread] p2a,p2b\n|-damage|p2a: Calyrex|14/100\n|-damage|p2b: Landorus|80/100\n|cant|p2b: Landorus|flinch\n|\n|-heal|p1a: Scream Tail|53/100|[from] Grassy Terrain\n|-heal|p2a: Calyrex|19/100|[from] Grassy Terrain\n|-heal|p2a: Calyrex|25/100|[from] item: Leftovers\n|upkeep\n|turn|8\n|\n|t:|1774400392\n|move|p1a: Scream Tail|Dazzling Gleam|p2b: Landorus|[spread] p2a,p2b\n|-damage|p2a: Calyrex|19/100\n|-damage|p2b: Landorus|69/100\n|move|p2b: Landorus|Sludge Bomb|p1a: Scream Tail\n|-supereffective|p1a: Scream Tail\n|-damage|p1a: Scream Tail|0 fnt\n|faint|p1a: Scream Tail\n|-end|p1a: Scream Tail|Protosynthesis|[silent]\n|move|p1b: Rillaboom|U-turn|p2a: Calyrex\n|-supereffective|p2a: Calyrex\n|-damage|p2a: Calyrex|0 fnt\n|faint|p2a: Calyrex\n|\n|t:|1774400403\n|switch|p1b: Kyogre|Kyogre, L50|73/100 par|[from] U-turn\n|-weather|RainDance|[from] ability: Drizzle|[of] p1b: Kyogre\n|\n|-weather|RainDance|[upkeep]\n|-heal|p1b: Kyogre|79/100 par|[from] Grassy Terrain\n|upkeep\n|\n|t:|1774400411\n|switch|p1a: Rillaboom|Rillaboom, L50, F|100/100\n|switch|p2a: Kyogre|Kyogre, L50|100/100\n|turn|9\n|\n|t:|1774400417\n|move|p1a: Rillaboom|Fake Out|p2b: Landorus\n|-damage|p2b: Landorus|59/100\n|cant|p2b: Landorus|flinch\n|move|p2a: Kyogre|Thunder|p1b: Kyogre\n|-supereffective|p1b: Kyogre\n|-damage|p1b: Kyogre|20/100 par\n|move|p1b: Kyogre|Water Spout|p2b: Landorus|[spread] p2a,p2b\n|-resisted|p2a: Kyogre\n|-supereffective|p2b: Landorus\n|-damage|p2a: Kyogre|98/100\n|-damage|p2b: Landorus|34/100\n|\n|-weather|RainDance|[upkeep]\n|-heal|p2a: Kyogre|100/100|[from] Grassy Terrain\n|-heal|p1b: Kyogre|26/100 par|[from] Grassy Terrain\n|-sideend|p2: yuri1910|move: Light Screen\n|upkeep\n|turn|10\n|\n|t:|1774400441\n|move|p1a: Rillaboom|Grassy Glide|p2b: Landorus\n|-damage|p2b: Landorus|9/100\n|move|p2b: Landorus|Sludge Bomb|p1a: Rillaboom\n|-supereffective|p1a: Rillaboom\n|-damage|p1a: Rillaboom|17/100\n|move|p2a: Kyogre|Water Spout|p1b: Kyogre|[spread] p1a,p1b\n|-resisted|p1a: Rillaboom\n|-resisted|p1b: Kyogre\n|-damage|p1a: Rillaboom|0 fnt\n|-damage|p1b: Kyogre|0 fnt\n|faint|p1a: Rillaboom\n|faint|p1b: Kyogre\n|\n|win|yuri1910\n|raw|parrotboy's rating: 1352 &rarr; <strong>1337</strong><br />(-15 for losing)\n|raw|yuri1910's rating: 1450 &rarr; <strong>1465</strong><br />(+15 for winning)\n|l|\u2606parrotboy\n|player|p1|\n|l|\u2606yuri1910\n|player|p2|\n","uploadtime":1774400660,"views":11,"formatid":"gen9vgc2026regi","rating":1337,"private":0,"password":null}