{"id":"gen9vgc2026regi-2539580591","format":"[Gen 9] VGC 2026 Reg I","players":["thienhaha555","dthk1216"],"log":"|j|\u2606thienhaha555\n|j|\u2606dthk1216\n|t:|1771083593\n|gametype|doubles\n|player|p1|thienhaha555|beauty-gen4dp|1400\n|player|p2|dthk1216|dawn|1576\n|gen|9\n|tier|[Gen 9] VGC 2026 Reg I\n|rated|\n|rule|Species Clause: Limit one of each Pok\u00e9mon\n|rule|Item Clause: Limit 1 of each item\n|clearpoke\n|poke|p1|Eternatus, L50|\n|poke|p1|Incineroar, L50, M|\n|poke|p1|Rillaboom, L50, M|\n|poke|p1|Toxapex, L50, M|\n|poke|p1|Calyrex-Shadow, L50|\n|poke|p1|Indeedee-F, L50, F|\n|poke|p2|Calyrex-Ice, L50|\n|poke|p2|Kyogre, L50|\n|poke|p2|Urshifu-*, L50, M|\n|poke|p2|Rillaboom, L50, M|\n|poke|p2|Grimmsnarl, L50, M|\n|poke|p2|Amoonguss, L50, M|\n|teampreview|4\n|inactive|Battle timer is ON: inactive players will automatically lose when time's up. (requested by dthk1216)\n|\n|t:|1771083620\n|teamsize|p1|4\n|teamsize|p2|4\n|start\n|switch|p1a: Eternatus|Eternatus, L50|100/100\n|switch|p1b: Toxapex|Toxapex, L50, M, shiny|100/100\n|switch|p2a: Kyogre|Kyogre, L50|100/100\n|switch|p2b: Urshifu|Urshifu-Rapid-Strike, L50, M|100/100\n|-ability|p1a: Eternatus|Pressure\n|-weather|RainDance|[from] ability: Drizzle|[of] p2a: Kyogre\n|turn|1\n|\n|t:|1771083634\n|move|p2b: Urshifu|U-turn|p1b: Toxapex\n|-resisted|p1b: Toxapex\n|-damage|p1b: Toxapex|90/100\n|\n|t:|1771083638\n|switch|p2b: Amoonguss|Amoonguss, L50, M|100/100|[from] U-turn\n|move|p1a: Eternatus|Cosmic Power|p1a: Eternatus\n|-boost|p1a: Eternatus|def|1\n|-boost|p1a: Eternatus|spd|1\n|move|p2a: Kyogre|Thunder|p1b: Toxapex\n|-supereffective|p1b: Toxapex\n|-damage|p1b: Toxapex|0 fnt\n|faint|p1b: Toxapex\n|\n|-weather|RainDance|[upkeep]\n|upkeep\n|inactive|thienhaha555 has 30 seconds left.\n|\n|t:|1771083670\n|switch|p1b: Calyrex|Calyrex-Shadow, L50|100/100\n|-ability|p1b: Calyrex|As One\n|-ability|p1b: Calyrex|Unnerve\n|turn|2\n|inactive|dthk1216 has 30 seconds left.\n|\n|t:|1771083698\n|move|p1b: Calyrex|Psychic|p2b: Amoonguss\n|-supereffective|p2b: Amoonguss\n|-damage|p2b: Amoonguss|4/100\n|move|p1a: Eternatus|Cosmic Power|p1a: Eternatus\n|-boost|p1a: Eternatus|def|1\n|-boost|p1a: Eternatus|spd|1\n|move|p2a: Kyogre|Thunder|p1b: Calyrex\n|-damage|p1b: Calyrex|35/100\n|move|p2b: Amoonguss|Spore|p1a: Eternatus\n|-status|p1a: Eternatus|slp|[from] move: Spore\n|\n|-weather|RainDance|[upkeep]\n|upkeep\n|turn|3\n|\n|t:|1771083713\n|move|p2b: Amoonguss|Protect|p2b: Amoonguss\n|-singleturn|p2b: Amoonguss|Protect\n|move|p1b: Calyrex|Astral Barrage|p2a: Kyogre|[spread] p2a\n|-activate|p2b: Amoonguss|move: Protect\n|-damage|p2a: Kyogre|62/100\n|cant|p1a: Eternatus|slp\n|move|p2a: Kyogre|Thunder|p1b: Calyrex\n|-damage|p1b: Calyrex|0 fnt\n|faint|p1b: Calyrex\n|\n|-weather|RainDance|[upkeep]\n|upkeep\n|\n|t:|1771083725\n|switch|p1b: Rillaboom|Rillaboom, L50, M|100/100\n|-fieldstart|move: Grassy Terrain|[from] ability: Grassy Surge|[of] p1b: Rillaboom\n|turn|4\n|\n|t:|1771083740\n|switch|p2a: Calyrex|Calyrex-Ice, L50|100/100\n|-ability|p2a: Calyrex|As One\n|-ability|p2a: Calyrex|Unnerve\n|switch|p2b: Urshifu|Urshifu-Rapid-Strike, L50, M|100/100\n|move|p1b: Rillaboom|Grassy Glide|p2a: Calyrex\n|-damage|p2a: Calyrex|81/100\n|-curestatus|p1a: Eternatus|slp|[msg]\n|move|p1a: Eternatus|Fire Spin|p2b: Urshifu\n|-resisted|p2b: Urshifu\n|-damage|p2b: Urshifu|97/100\n|-activate|p2b: Urshifu|move: Fire Spin|[of] p1a: Eternatus\n|\n|-weather|RainDance|[upkeep]\n|-heal|p2b: Urshifu|100/100|[from] Grassy Terrain\n|-heal|p2a: Calyrex|87/100|[from] Grassy Terrain\n|-heal|p2a: Calyrex|93/100|[from] item: Leftovers\n|-damage|p2b: Urshifu|88/100|[from] move: Fire Spin|[partiallytrapped]\n|upkeep\n|turn|5\n|inactive|dthk1216 has 30 seconds left.\n|\n|t:|1771083774\n|move|p1b: Rillaboom|Grassy Glide|p2b: Urshifu\n|-supereffective|p2b: Urshifu\n|-damage|p2b: Urshifu|25/100\n|move|p2b: Urshifu|Coaching|p2a: Calyrex\n|-boost|p2a: Calyrex|atk|1\n|-boost|p2a: Calyrex|def|1\n|move|p1a: Eternatus|Fire Spin|p2a: Calyrex|[miss]\n|-miss|p1a: Eternatus|p2a: Calyrex\n|move|p2a: Calyrex|Leech Seed|p1a: Eternatus\n|-start|p1a: Eternatus|move: Leech Seed\n|\n|-weather|none\n|-heal|p2b: Urshifu|32/100|[from] Grassy Terrain\n|-heal|p2a: Calyrex|99/100|[from] Grassy Terrain\n|-heal|p2a: Calyrex|100/100|[from] item: Leftovers\n|-damage|p1a: Eternatus|88/100|[from] Leech Seed|[of] p2a: Calyrex\n|-damage|p2b: Urshifu|19/100|[from] move: Fire Spin|[partiallytrapped]\n|upkeep\n|turn|6\n|\n|t:|1771083792\n|move|p1b: Rillaboom|Grassy Glide|p2b: Urshifu\n|-supereffective|p2b: Urshifu\n|-damage|p2b: Urshifu|0 fnt\n|faint|p2b: Urshifu\n|move|p1a: Eternatus|Fire Spin|p2a: Calyrex\n|-supereffective|p2a: Calyrex\n|-damage|p2a: Calyrex|86/100\n|-activate|p2a: Calyrex|move: Fire Spin|[of] p1a: Eternatus\n|move|p2a: Calyrex|Glacial Lance|p1b: Rillaboom|[spread] p1a,p1b\n|-supereffective|p1a: Eternatus\n|-supereffective|p1b: Rillaboom\n|-damage|p1a: Eternatus|37/100\n|-damage|p1b: Rillaboom|0 fnt\n|faint|p1b: Rillaboom\n|-ability|p2a: Calyrex|Chilling Neigh|boost\n|-boost|p2a: Calyrex|atk|1\n|\n|-heal|p1a: Eternatus|43/100|[from] Grassy Terrain\n|-heal|p1a: Eternatus|49/100|[from] item: Leftovers\n|-heal|p2a: Calyrex|92/100|[from] Grassy Terrain\n|-heal|p2a: Calyrex|98/100|[from] item: Leftovers\n|-damage|p1a: Eternatus|37/100|[from] Leech Seed|[of] p2a: Calyrex\n|-heal|p2a: Calyrex|100/100|[silent]\n|-damage|p2a: Calyrex|88/100|[from] move: Fire Spin|[partiallytrapped]\n|upkeep\n|-message|thienhaha555 forfeited.\n|\n|win|dthk1216\n|raw|thienhaha555's rating: 1400 &rarr; <strong>1389</strong><br />(-11 for losing)\n|raw|dthk1216's rating: 1576 &rarr; <strong>1587</strong><br />(+11 for winning)\n|l|\u2606thienhaha555\n|player|p1|\n|l|\u2606dthk1216\n|player|p2|\n","uploadtime":1771084037,"views":41,"formatid":"gen9vgc2026regi","rating":1389,"private":0,"password":null}