{"id":"gen9vgc2026regi-2518274889","format":"[Gen 9] VGC 2026 Reg I","players":["It'sJustKen VGC","buzbee2000"],"log":"|j|\u2606It'sJustKen VGC\n|j|\u2606buzbee2000\n|t:|1768362749\n|gametype|doubles\n|player|p1|It'sJustKen VGC|169|1153\n|player|p2|buzbee2000|rood|1243\n|gen|9\n|tier|[Gen 9] VGC 2026 Reg I\n|rated|\n|rule|Species Clause: Limit one of each Pok\u00e9mon\n|rule|Item Clause: Limit 1 of each item\n|clearpoke\n|poke|p1|Urshifu-*, L50, M|\n|poke|p1|Incineroar, L50, F|\n|poke|p1|Calyrex-Shadow, L50|\n|poke|p1|Amoonguss, L50, F|\n|poke|p1|Tornadus, L50, M|\n|poke|p1|Chien-Pao, L50|\n|poke|p2|Zamazenta-*, L50|\n|poke|p2|Calyrex-Shadow, L50|\n|poke|p2|Chien-Pao, L50|\n|poke|p2|Raging Bolt, L50|\n|poke|p2|Whimsicott, L50, M|\n|poke|p2|Volcarona, L50, F|\n|teampreview|4\n|inactive|Battle timer is ON: inactive players will automatically lose when time's up. (requested by It'sJustKen VGC)\n|j| riyuezi\n|\n|t:|1768362782\n|teamsize|p1|4\n|teamsize|p2|4\n|start\n|switch|p1a: Urshifu|Urshifu-Rapid-Strike, L50, M|100/100\n|switch|p1b: Tornadus|Tornadus, L50, M|100/100\n|switch|p2a: Chien-Pao|Chien-Pao, L50|100/100\n|switch|p2b: Raging Bolt|Raging Bolt, L50|100/100\n|-ability|p2a: Chien-Pao|Sword of Ruin\n|turn|1\n|\n|t:|1768362797\n|switch|p1a: Amoonguss|Amoonguss, L50, F|100/100\n|switch|p1b: Calyrex|Calyrex-Shadow, L50|100/100\n|-ability|p1b: Calyrex|As One\n|-ability|p1b: Calyrex|Unnerve\n|move|p2a: Chien-Pao|Sucker Punch||[still]\n|-fail|p2a: Chien-Pao\n|move|p2b: Raging Bolt|Thunderclap||[still]\n|-fail|p2b: Raging Bolt\n|\n|upkeep\n|turn|2\n|\n|t:|1768362806\n|-terastallize|p1b: Calyrex|Ghost\n|move|p1a: Amoonguss|Rage Powder|p1a: Amoonguss\n|-singleturn|p1a: Amoonguss|move: Rage Powder\n|move|p2a: Chien-Pao|Ice Spinner|p1a: Amoonguss\n|-supereffective|p1a: Amoonguss\n|-damage|p1a: Amoonguss|20/100\n|-enditem|p1a: Amoonguss|Sitrus Berry|[eat]\n|-heal|p1a: Amoonguss|45/100|[from] item: Sitrus Berry\n|move|p1b: Calyrex|Astral Barrage|p2a: Chien-Pao|[spread] p2a,p2b\n|-resisted|p2a: Chien-Pao\n|-damage|p2a: Chien-Pao|11/100\n|-damage|p2b: Raging Bolt|39/100\n|-damage|p1b: Calyrex|91/100|[from] item: Life Orb\n|move|p2b: Raging Bolt|Snarl|p1b: Calyrex|[spread] p1a,p1b\n|-supereffective|p1b: Calyrex\n|-damage|p1a: Amoonguss|31/100\n|-damage|p1b: Calyrex|60/100\n|-unboost|p1a: Amoonguss|spa|1\n|-unboost|p1b: Calyrex|spa|1\n|\n|upkeep\n|turn|3\n|inactive|It'sJustKen VGC has 30 seconds left.\n|inactive|buzbee2000 has 30 seconds left.\n|\n|t:|1768362832\n|switch|p1a: Tornadus|Tornadus, L50, M|100/100\n|move|p2b: Raging Bolt|Thunderclap|p1b: Calyrex\n|-damage|p1b: Calyrex|23/100\n|move|p2a: Chien-Pao|Ice Spinner|p1a: Tornadus\n|-supereffective|p1a: Tornadus\n|-damage|p1a: Tornadus|0 fnt\n|faint|p1a: Tornadus\n|move|p1b: Calyrex|Astral Barrage|p2a: Chien-Pao|[spread] p2a,p2b\n|-resisted|p2a: Chien-Pao\n|-damage|p2a: Chien-Pao|0 fnt\n|-damage|p2b: Raging Bolt|0 fnt\n|faint|p2a: Chien-Pao\n|faint|p2b: Raging Bolt\n|-end|p2b: Raging Bolt|Protosynthesis|[silent]\n|-ability|p1b: Calyrex|Grim Neigh|boost\n|-boost|p1b: Calyrex|spa|2\n|-damage|p1b: Calyrex|14/100|[from] item: Life Orb\n|\n|upkeep\n|\n|t:|1768362844\n|switch|p2a: Calyrex|Calyrex-Shadow, L50|100/100\n|switch|p1a: Urshifu|Urshifu-Rapid-Strike, L50, M|100/100\n|switch|p2b: Zamazenta|Zamazenta-Crowned, L50|100/100\n|-ability|p2a: Calyrex|As One\n|-ability|p2a: Calyrex|Unnerve\n|-ability|p2b: Zamazenta|Dauntless Shield|boost\n|-boost|p2b: Zamazenta|def|1\n|turn|4\n|\n|t:|1768362853\n|move|p1b: Calyrex|Protect|p1b: Calyrex\n|-singleturn|p1b: Calyrex|Protect\n|move|p2b: Zamazenta|Wide Guard|p2b: Zamazenta\n|-singleturn|p2b: Zamazenta|Wide Guard\n|move|p1a: Urshifu|U-turn|p2a: Calyrex\n|-damage|p2a: Calyrex|70/100\n|\n|t:|1768362855\n|switch|p1a: Amoonguss|Amoonguss, L50, F|64/100|[from] U-turn\n|move|p2a: Calyrex|Astral Barrage|p1a: Amoonguss|[spread] p1a\n|-activate|p1b: Calyrex|move: Protect\n|-damage|p1a: Amoonguss|2/100\n|-damage|p2a: Calyrex|60/100|[from] item: Life Orb\n|\n|upkeep\n|turn|5\n|\n|t:|1768362868\n|move|p1a: Amoonguss|Protect|p1a: Amoonguss\n|-singleturn|p1a: Amoonguss|Protect\n|move|p2b: Zamazenta|Wide Guard|p2b: Zamazenta\n|-singleturn|p2b: Zamazenta|Wide Guard\n|move|p2a: Calyrex|Astral Barrage|p1a: Amoonguss|[spread] p1b\n|-activate|p1a: Amoonguss|move: Protect\n|-supereffective|p1b: Calyrex\n|-damage|p1b: Calyrex|0 fnt\n|faint|p1b: Calyrex\n|-ability|p2a: Calyrex|Grim Neigh|boost\n|-boost|p2a: Calyrex|spa|1\n|-damage|p2a: Calyrex|51/100|[from] item: Life Orb\n|\n|upkeep\n|\n|t:|1768362875\n|switch|p1b: Urshifu|Urshifu-Rapid-Strike, L50, M|100/100\n|turn|6\n|\n|t:|1768362882\n|-terastallize|p2b: Zamazenta|Flying\n|move|p2a: Calyrex|Protect|p2a: Calyrex\n|-singleturn|p2a: Calyrex|Protect\n|move|p1b: Urshifu|Surging Strikes|p2a: Calyrex\n|-crit|p2a: Calyrex\n|-damage|p2a: Calyrex|23/100\n|-crit|p2a: Calyrex\n|-damage|p2a: Calyrex|0 fnt\n|faint|p2a: Calyrex\n|-hitcount|p2: Calyrex|2\n|move|p2b: Zamazenta|Body Press|p1b: Urshifu\n|-damage|p1b: Urshifu|31/100\n|move|p1a: Amoonguss|Spore|p2b: Zamazenta\n|-status|p2b: Zamazenta|slp|[from] move: Spore\n|\n|upkeep\n|turn|7\n|\n|t:|1768362894\n|move|p1b: Urshifu|Surging Strikes|p2b: Zamazenta\n|-crit|p2b: Zamazenta\n|-damage|p2b: Zamazenta|87/100 slp\n|-crit|p2b: Zamazenta\n|-damage|p2b: Zamazenta|76/100 slp\n|-crit|p2b: Zamazenta\n|-damage|p2b: Zamazenta|64/100 slp\n|-hitcount|p2b: Zamazenta|3\n|cant|p2b: Zamazenta|slp\n|move|p1a: Amoonguss|Sludge Bomb|p2b: Zamazenta\n|-damage|p2b: Zamazenta|45/100 slp\n|\n|upkeep\n|turn|8\n|\n|t:|1768362907\n|move|p1a: Amoonguss|Rage Powder|p1a: Amoonguss\n|-singleturn|p1a: Amoonguss|move: Rage Powder\n|move|p1b: Urshifu|Surging Strikes|p2b: Zamazenta\n|-crit|p2b: Zamazenta\n|-damage|p2b: Zamazenta|32/100 slp\n|-crit|p2b: Zamazenta\n|-damage|p2b: Zamazenta|19/100 slp\n|-crit|p2b: Zamazenta\n|-damage|p2b: Zamazenta|8/100 slp\n|-hitcount|p2b: Zamazenta|3\n|cant|p2b: Zamazenta|slp\n|\n|upkeep\n|turn|9\n|\n|t:|1768362915\n|move|p1b: Urshifu|Surging Strikes|p2b: Zamazenta\n|-crit|p2b: Zamazenta\n|-damage|p2b: Zamazenta|0 fnt\n|faint|p2b: Zamazenta\n|-hitcount|p2: Zamazenta|1\n|\n|win|It'sJustKen VGC\n|raw|It&apos;sJustKen VGC's rating: 1153 &rarr; <strong>1184</strong><br />(+31 for winning)\n|raw|buzbee2000's rating: 1243 &rarr; <strong>1212</strong><br />(-31 for losing)\n","uploadtime":1768362917,"views":12,"formatid":"gen9vgc2026regi","rating":1184,"private":0,"password":null}