{"id":"gen9vgc2026regi-2570051974","format":"[Gen 9] VGC 2026 Reg I","players":["1VLTSQ Joker","soten soten"],"log":"|raw|<div class=\"broadcast-blue\"><strong>This battle is required to be public due to a player having a name starting with '1vltsq'.</div>\n|j|\u26061VLTSQ Joker\n|j|\u2606soten soten\n|t:|1774761974\n|gametype|doubles\n|player|p1|1VLTSQ Joker|blue|1547\n|player|p2|soten soten|hilbert|1537\n|gen|9\n|tier|[Gen 9] VGC 2026 Reg I\n|rated|\n|rule|Species Clause: Limit one of each Pok\u00e9mon\n|rule|Item Clause: Limit 1 of each item\n|clearpoke\n|poke|p1|Calyrex-Ice, L50|\n|poke|p1|Smeargle, L50, F|\n|poke|p1|Kyogre, L50|\n|poke|p1|Maushold, L50|\n|poke|p1|Volcarona, L50, M|\n|poke|p1|Flamigo, L50, M|\n|poke|p2|Ho-Oh, L50|\n|poke|p2|Eternatus, L50|\n|poke|p2|Incineroar, L50, F|\n|poke|p2|Rillaboom, L50, F|\n|poke|p2|Toxapex, L50, F|\n|poke|p2|Ting-Lu, L50|\n|teampreview|4\n|inactive|Battle timer is ON: inactive players will automatically lose when time's up. (requested by soten soten)\n|inactive|1VLTSQ Joker has 60 seconds left.\n|\n|t:|1774762017\n|teamsize|p1|4\n|teamsize|p2|4\n|start\n|switch|p1a: Calyrex|Calyrex-Ice, L50|100/100\n|switch|p1b: Smeargle|Smeargle, L50, F|100/100\n|switch|p2a: Eternatus|Eternatus, L50|100/100\n|switch|p2b: Ting-Lu|Ting-Lu, L50|100/100\n|-ability|p1a: Calyrex|As One\n|-ability|p1a: Calyrex|Unnerve\n|-ability|p2a: Eternatus|Pressure\n|-ability|p2b: Ting-Lu|Vessel of Ruin\n|turn|1\n|inactive|1VLTSQ Joker has 30 seconds left.\n|\n|t:|1774762045\n|-terastallize|p2b: Ting-Lu|Water\n|move|p1b: Smeargle|Fake Out|p2a: Eternatus\n|-damage|p2a: Eternatus|97/100\n|cant|p2a: Eternatus|flinch\n|move|p1a: Calyrex|Glacial Lance|p2a: Eternatus|[spread] p2a,p2b\n|-supereffective|p2a: Eternatus\n|-resisted|p2b: Ting-Lu\n|-damage|p2a: Eternatus|33/100\n|-damage|p2b: Ting-Lu|83/100\n|move|p2b: Ting-Lu|Taunt|p1b: Smeargle\n|-start|p1b: Smeargle|move: Taunt\n|\n|-heal|p2a: Eternatus|39/100|[from] item: Black Sludge\n|-heal|p2b: Ting-Lu|89/100|[from] item: Leftovers\n|-ability|p1b: Smeargle|Moody|boost\n|-boost|p1b: Smeargle|atk|2\n|-unboost|p1b: Smeargle|spe|1\n|upkeep\n|turn|2\n|\n|t:|1774762054\n|switch|p1b: Maushold|Maushold, L50|100/100\n|move|p2a: Eternatus|Substitute|p2a: Eternatus\n|-start|p2a: Eternatus|Substitute\n|-damage|p2a: Eternatus|14/100\n|move|p1a: Calyrex|Glacial Lance|p2b: Ting-Lu|[spread] p2a,p2b\n|-supereffective|p2a: Eternatus\n|-end|p2a: Eternatus|Substitute\n|-resisted|p2b: Ting-Lu\n|-damage|p2b: Ting-Lu|73/100\n|move|p2b: Ting-Lu|Snarl|p1a: Calyrex|[spread] p1a,p1b\n|-supereffective|p1a: Calyrex\n|-damage|p1a: Calyrex|92/100\n|-damage|p1b: Maushold|86/100\n|-unboost|p1a: Calyrex|spa|1\n|-unboost|p1b: Maushold|spa|1\n|\n|-heal|p2a: Eternatus|20/100|[from] item: Black Sludge\n|-heal|p2b: Ting-Lu|79/100|[from] item: Leftovers\n|upkeep\n|turn|3\n|inactive|1VLTSQ Joker has 30 seconds left.\n|inactive|1VLTSQ Joker has 20 seconds left.\n|inactive|1VLTSQ Joker has 15 seconds left.\n|\n|t:|1774762094\n|move|p2a: Eternatus|Protect|p2a: Eternatus\n|-singleturn|p2a: Eternatus|Protect\n|move|p1b: Maushold|Population Bomb|p2a: Eternatus\n|-activate|p2a: Eternatus|move: Protect\n|move|p1a: Calyrex|Seed Bomb|p2b: Ting-Lu\n|-supereffective|p2b: Ting-Lu\n|-damage|p2b: Ting-Lu|39/100\n|move|p2b: Ting-Lu|Sand Tomb|p1a: Calyrex\n|-damage|p1a: Calyrex|83/100\n|-activate|p1a: Calyrex|move: Sand Tomb|[of] p2b: Ting-Lu\n|\n|-heal|p2a: Eternatus|26/100|[from] item: Black Sludge\n|-heal|p2b: Ting-Lu|45/100|[from] item: Leftovers\n|-damage|p1a: Calyrex|71/100|[from] move: Sand Tomb|[partiallytrapped]\n|upkeep\n|turn|4\n|\n|t:|1774762104\n|switch|p2a: Incineroar|Incineroar, L50, F|100/100\n|-ability|p2a: Incineroar|Intimidate|boost\n|-unboost|p1a: Calyrex|atk|1\n|-unboost|p1b: Maushold|atk|1\n|move|p2b: Ting-Lu|Protect|p2b: Ting-Lu\n|-singleturn|p2b: Ting-Lu|Protect\n|move|p1b: Maushold|Population Bomb|p2a: Incineroar\n|-damage|p2a: Incineroar|94/100\n|-damage|p2a: Incineroar|87/100\n|-damage|p2a: Incineroar|79/100\n|-damage|p2a: Incineroar|71/100\n|-damage|p2a: Incineroar|65/100\n|-damage|p2a: Incineroar|57/100\n|-damage|p2a: Incineroar|51/100\n|-damage|p2a: Incineroar|44/100\n|-damage|p2a: Incineroar|38/100\n|-damage|p2a: Incineroar|31/100\n|-hitcount|p2a: Incineroar|10\n|move|p1a: Calyrex|Seed Bomb|p2b: Ting-Lu\n|-activate|p2b: Ting-Lu|move: Protect\n|\n|-heal|p2b: Ting-Lu|51/100|[from] item: Leftovers\n|-damage|p1a: Calyrex|58/100|[from] move: Sand Tomb|[partiallytrapped]\n|upkeep\n|turn|5\n|\n|t:|1774762120\n|switch|p2a: Toxapex|Toxapex, L50, F|100/100\n|move|p1b: Maushold|Population Bomb|p2a: Toxapex\n|-damage|p2a: Toxapex|96/100\n|-damage|p2a: Toxapex|92/100\n|-damage|p2a: Toxapex|87/100\n|-damage|p2a: Toxapex|83/100\n|-damage|p2a: Toxapex|78/100\n|-damage|p2a: Toxapex|74/100\n|-damage|p2a: Toxapex|68/100\n|-damage|p2a: Toxapex|64/100\n|-damage|p2a: Toxapex|59/100\n|-damage|p2a: Toxapex|55/100\n|-hitcount|p2a: Toxapex|10\n|move|p1a: Calyrex|Seed Bomb|p2b: Ting-Lu\n|-supereffective|p2b: Ting-Lu\n|-damage|p2b: Ting-Lu|23/100\n|move|p2b: Ting-Lu|Sand Tomb|p1b: Maushold\n|-damage|p1b: Maushold|66/100\n|-activate|p1b: Maushold|move: Sand Tomb|[of] p2b: Ting-Lu\n|\n|-heal|p2b: Ting-Lu|29/100|[from] item: Leftovers\n|-damage|p1b: Maushold|54/100|[from] move: Sand Tomb|[partiallytrapped]\n|-damage|p1a: Calyrex|46/100|[from] move: Sand Tomb|[partiallytrapped]\n|upkeep\n|turn|6\n|\n|t:|1774762143\n|move|p2b: Ting-Lu|Protect|p2b: Ting-Lu\n|-singleturn|p2b: Ting-Lu|Protect\n|move|p1b: Maushold|Population Bomb|p2a: Toxapex\n|-damage|p2a: Toxapex|50/100\n|-damage|p2a: Toxapex|46/100\n|-damage|p2a: Toxapex|41/100\n|-damage|p2a: Toxapex|37/100\n|-damage|p2a: Toxapex|32/100\n|-damage|p2a: Toxapex|28/100\n|-damage|p2a: Toxapex|23/100\n|-damage|p2a: Toxapex|19/100\n|-damage|p2a: Toxapex|15/100\n|-damage|p2a: Toxapex|10/100\n|-hitcount|p2a: Toxapex|10\n|move|p1a: Calyrex|Seed Bomb|p2a: Toxapex\n|-damage|p2a: Toxapex|0 fnt\n|faint|p2a: Toxapex\n|-ability|p1a: Calyrex|Chilling Neigh|boost\n|-boost|p1a: Calyrex|atk|1\n|\n|-heal|p2b: Ting-Lu|35/100|[from] item: Leftovers\n|-damage|p1b: Maushold|42/100|[from] move: Sand Tomb|[partiallytrapped]\n|-damage|p1a: Calyrex|34/100|[from] move: Sand Tomb|[partiallytrapped]\n|upkeep\n|-message|soten soten forfeited.\n|\n|win|1VLTSQ Joker\n|raw|1VLTSQ Joker's rating: 1547 &rarr; <strong>1566</strong><br />(+19 for winning)\n|raw|soten soten's rating: 1537 &rarr; <strong>1518</strong><br />(-19 for losing)\n|l|\u2606soten soten\n|player|p2|\n|l|\u26061VLTSQ Joker\n|player|p1|\n","uploadtime":1774762317,"views":22,"formatid":"gen9vgc2026regi","rating":1518,"private":0,"password":null}