{"id":"gen9vgc2026regi-2573386893","format":"[Gen 9] VGC 2026 Reg I","players":["Luca8","ReReReTryAgain"],"log":"|j|\u2606Luca8\n|j|\u2606ReReReTryAgain\n|t:|1775131253\n|gametype|doubles\n|player|p1|Luca8|flint|1507\n|player|p2|ReReReTryAgain|102|1613\n|gen|9\n|tier|[Gen 9] VGC 2026 Reg I\n|rated|\n|rule|Species Clause: Limit one of each Pok\u00e9mon\n|rule|Item Clause: Limit 1 of each item\n|clearpoke\n|poke|p1|Lunala, L50|\n|poke|p1|Miraidon, L50|\n|poke|p1|Urshifu-*, L50, F|\n|poke|p1|Torkoal, L50, F|\n|poke|p1|Iron Hands, L50|\n|poke|p1|Ursaluna, L50, F|\n|poke|p2|Zacian-*, L50|\n|poke|p2|Iron Valiant, L50|\n|poke|p2|Tyranitar, L50, M|\n|poke|p2|Zamazenta-*, L50|\n|poke|p2|Landorus, L50, M|\n|poke|p2|Tornadus, L50, M|\n|teampreview|4\n|\n|t:|1775131288\n|teamsize|p1|4\n|teamsize|p2|4\n|start\n|switch|p1a: Iron Hands|Iron Hands, L50|100/100\n|switch|p1b: Miraidon|Miraidon, L50|100/100\n|switch|p2a: Zamazenta|Zamazenta-Crowned, L50|100/100\n|switch|p2b: Iron Valiant|Iron Valiant, L50|100/100\n|-fieldstart|move: Electric Terrain|[from] ability: Hadron Engine|[of] p1b: Miraidon\n|-activate|p2b: Iron Valiant|ability: Quark Drive\n|-start|p2b: Iron Valiant|quarkdrivespe\n|-activate|p1a: Iron Hands|ability: Quark Drive\n|-start|p1a: Iron Hands|quarkdriveatk\n|-ability|p2a: Zamazenta|Dauntless Shield|boost\n|-boost|p2a: Zamazenta|def|1\n|turn|1\n|\n|t:|1775131326\n|-end|p2b: Iron Valiant|Quark Drive|[silent]\n|switch|p2b: Landorus|Landorus, L50, M|100/100\n|move|p2a: Zamazenta|Protect|p2a: Zamazenta\n|-singleturn|p2a: Zamazenta|Protect\n|move|p1b: Miraidon|Volt Switch|p2b: Landorus\n|-immune|p2b: Landorus\n|move|p1a: Iron Hands|Wild Charge|p2a: Zamazenta\n|-activate|p2a: Zamazenta|move: Protect\n|\n|upkeep\n|turn|2\n|\n|t:|1775131343\n|switch|p1b: Lunala|Lunala, L50|100/100\n|-terastallize|p1a: Iron Hands|Grass\n|move|p2a: Zamazenta|Body Press|p1a: Iron Hands\n|-damage|p1a: Iron Hands|58/100\n|move|p2b: Landorus|Earth Power|p1a: Iron Hands\n|-resisted|p1a: Iron Hands\n|-damage|p1a: Iron Hands|34/100\n|move|p1a: Iron Hands|Ice Punch|p2b: Landorus\n|-supereffective|p2b: Landorus\n|-damage|p2b: Landorus|0 fnt\n|faint|p2b: Landorus\n|\n|upkeep\n|\n|t:|1775131353\n|switch|p2b: Iron Valiant|Iron Valiant, L50|100/100\n|-activate|p2b: Iron Valiant|ability: Quark Drive\n|-start|p2b: Iron Valiant|quarkdrivespe\n|turn|3\n|\n|t:|1775131377\n|move|p2b: Iron Valiant|Taunt|p1b: Lunala\n|-start|p1b: Lunala|move: Taunt\n|move|p2a: Zamazenta|Body Press|p1a: Iron Hands\n|-damage|p1a: Iron Hands|0 fnt\n|faint|p1a: Iron Hands\n|-end|p1a: Iron Hands|Quark Drive|[silent]\n|move|p1b: Lunala|Moonblast|p2b: Iron Valiant\n|-supereffective|p2b: Iron Valiant\n|-damage|p2b: Iron Valiant|0 fnt\n|faint|p2b: Iron Valiant\n|-end|p2b: Iron Valiant|Quark Drive|[silent]\n|\n|upkeep\n|\n|t:|1775131398\n|switch|p2b: Zacian|Zacian-Crowned, L50|100/100\n|switch|p1a: Miraidon|Miraidon, L50|100/100\n|-activate|p1a: Miraidon|ability: Hadron Engine\n|-ability|p2b: Zacian|Intrepid Sword|boost\n|-boost|p2b: Zacian|atk|1\n|turn|4\n|\n|t:|1775131428\n|move|p2b: Zacian|Protect|p2b: Zacian\n|-singleturn|p2b: Zacian|Protect\n|move|p2a: Zamazenta|Protect|p2a: Zamazenta\n|-singleturn|p2a: Zamazenta|Protect\n|move|p1a: Miraidon|Electro Drift|p2a: Zamazenta\n|-activate|p2a: Zamazenta|move: Protect\n|move|p1b: Lunala|Moongeist Beam|p2a: Zamazenta\n|-activate|p2a: Zamazenta|move: Protect\n|\n|upkeep\n|turn|5\n|\n|t:|1775131464\n|-terastallize|p2a: Zamazenta|Dragon\n|move|p1a: Miraidon|Electro Drift|p2a: Zamazenta\n|-resisted|p2a: Zamazenta\n|-damage|p2a: Zamazenta|66/100\n|move|p2b: Zacian|Play Rough|p1a: Miraidon\n|-supereffective|p1a: Miraidon\n|-damage|p1a: Miraidon|0 fnt\n|faint|p1a: Miraidon\n|move|p2a: Zamazenta|Snarl|p1b: Lunala\n|-supereffective|p1b: Lunala\n|-damage|p1b: Lunala|86/100\n|-unboost|p1b: Lunala|spa|1\n|move|p1b: Lunala|Moongeist Beam|p2a: Zamazenta\n|-damage|p2a: Zamazenta|39/100\n|\n|-end|p1b: Lunala|move: Taunt\n|-fieldend|move: Electric Terrain\n|upkeep\n|\n|t:|1775131486\n|switch|p1a: Torkoal|Torkoal, L50, F|100/100\n|-weather|SunnyDay|[from] ability: Drought|[of] p1a: Torkoal\n|turn|6\n|\n|t:|1775131495\n|move|p2b: Zacian|Behemoth Blade|p1b: Lunala\n|-damage|p1b: Lunala|21/100\n|move|p2a: Zamazenta|Snarl|p1a: Torkoal|[spread] p1b\n|-miss|p2a: Zamazenta|p1a: Torkoal\n|-supereffective|p1b: Lunala\n|-damage|p1b: Lunala|0 fnt\n|faint|p1b: Lunala\n|move|p1a: Torkoal|Heat Wave|p2a: Zamazenta|[spread] p2a\n|-miss|p1a: Torkoal|p2b: Zacian\n|-resisted|p2a: Zamazenta\n|-damage|p2a: Zamazenta|23/100\n|\n|-weather|SunnyDay|[upkeep]\n|upkeep\n|turn|7\n|\n|t:|1775131510\n|move|p2b: Zacian|Behemoth Blade|p1a: Torkoal\n|-resisted|p1a: Torkoal\n|-damage|p1a: Torkoal|68/100\n|move|p2a: Zamazenta|Body Press|p1a: Torkoal\n|-damage|p1a: Torkoal|17/100\n|move|p1a: Torkoal|Heat Wave|p2b: Zacian|[spread] p2a,p2b\n|-resisted|p2a: Zamazenta\n|-supereffective|p2b: Zacian\n|-damage|p2a: Zamazenta|6/100\n|-damage|p2b: Zacian|19/100\n|-status|p2a: Zamazenta|brn\n|\n|-weather|SunnyDay|[upkeep]\n|-damage|p2a: Zamazenta|0 fnt|[from] brn\n|faint|p2a: Zamazenta\n|upkeep\n|turn|8\n|\n|t:|1775131528\n|move|p2b: Zacian|Behemoth Blade|p1a: Torkoal\n|-resisted|p1a: Torkoal\n|-damage|p1a: Torkoal|0 fnt\n|faint|p1a: Torkoal\n|\n|win|ReReReTryAgain\n|raw|Luca8's rating: 1507 &rarr; <strong>1493</strong><br />(-14 for losing)\n|raw|ReReReTryAgain's rating: 1613 &rarr; <strong>1627</strong><br />(+14 for winning)\n|l|\u2606Luca8\n|player|p1|\n|l|\u2606ReReReTryAgain\n|player|p2|\n","uploadtime":1775131753,"views":16,"formatid":"gen9vgc2026regi","rating":1493,"private":0,"password":null}