{"id":"gen9vgc2026regi-2547363370","format":"[Gen 9] VGC 2026 Reg I","players":["bormanda","ScribbleScribble"],"log":"|j|\u2606bormanda\n|j|\u2606ScribbleScribble\n|t:|1772076297\n|gametype|doubles\n|player|p1|bormanda|265|1411\n|player|p2|ScribbleScribble|mina-lgpe|1557\n|gen|9\n|tier|[Gen 9] VGC 2026 Reg I\n|rated|\n|rule|Species Clause: Limit one of each Pok\u00e9mon\n|rule|Item Clause: Limit 1 of each item\n|clearpoke\n|poke|p1|Calyrex-Shadow, L50|\n|poke|p1|Zamazenta-*, L50|\n|poke|p1|Rillaboom, L50, F|\n|poke|p1|Urshifu-*, L50, F|\n|poke|p1|Incineroar, L50, F|\n|poke|p1|Clefairy, L50, M|\n|poke|p2|Calyrex-Ice, L50|\n|poke|p2|Kyogre, L50|\n|poke|p2|Tornadus, L50, M|\n|poke|p2|Indeedee-F, L50, F|\n|poke|p2|Urshifu-*, L50, F|\n|poke|p2|Landorus, L50, M|\n|teampreview|4\n|inactive|Battle timer is ON: inactive players will automatically lose when time's up. (requested by ScribbleScribble)\n|\n|t:|1772076325\n|teamsize|p1|4\n|teamsize|p2|4\n|start\n|switch|p1a: Calyrex|Calyrex-Shadow, L50|100/100\n|switch|p1b: Zamazenta|Zamazenta-Crowned, L50|100/100\n|switch|p2a: Tornadus|Tornadus, L50, M|100/100\n|switch|p2b: Kyogre|Kyogre, L50|100/100\n|-ability|p1a: Calyrex|As One\n|-ability|p1a: Calyrex|Unnerve\n|-ability|p1b: Zamazenta|Dauntless Shield|boost\n|-boost|p1b: Zamazenta|def|1\n|-weather|RainDance|[from] ability: Drizzle|[of] p2b: Kyogre\n|turn|1\n|\n|t:|1772076335\n|move|p1b: Zamazenta|Wide Guard|p1b: Zamazenta\n|-singleturn|p1b: Zamazenta|Wide Guard\n|move|p2a: Tornadus|Taunt|p1b: Zamazenta\n|-start|p1b: Zamazenta|move: Taunt\n|move|p1a: Calyrex|Astral Barrage|p2b: Kyogre|[spread] p2a,p2b\n|-enditem|p2a: Tornadus|Focus Sash\n|-damage|p2a: Tornadus|1/100\n|-damage|p2b: Kyogre|43/100\n|-damage|p1a: Calyrex|91/100|[from] item: Life Orb\n|move|p2b: Kyogre|Hydro Pump|p1a: Calyrex|[miss]\n|-miss|p2b: Kyogre|p1a: Calyrex\n|\n|-weather|RainDance|[upkeep]\n|upkeep\n|turn|2\n|\n|t:|1772076357\n|switch|p1a: Rillaboom|Rillaboom, L50, F|100/100\n|-fieldstart|move: Grassy Terrain|[from] ability: Grassy Surge|[of] p1a: Rillaboom\n|move|p2a: Tornadus|Tailwind|p2a: Tornadus\n|-sidestart|p2: ScribbleScribble|move: Tailwind\n|move|p2b: Kyogre|Water Spout|p1a: Rillaboom|[spread] p1a,p1b\n|-resisted|p1a: Rillaboom\n|-damage|p1a: Rillaboom|80/100\n|-damage|p1b: Zamazenta|61/100\n|move|p1b: Zamazenta|Body Press|p2b: Kyogre\n|-damage|p2b: Kyogre|0 fnt\n|faint|p2b: Kyogre\n|\n|-weather|RainDance|[upkeep]\n|-heal|p1b: Zamazenta|67/100|[from] Grassy Terrain\n|-heal|p1a: Rillaboom|86/100|[from] Grassy Terrain\n|upkeep\n|\n|t:|1772076361\n|switch|p2b: Landorus|Landorus, L50, M|100/100\n|turn|3\n|\n|t:|1772076372\n|switch|p2a: Indeedee|Indeedee-F, L50, F, shiny|100/100\n|-fieldstart|move: Psychic Terrain|[from] ability: Psychic Surge|[of] p2a: Indeedee\n|-enditem|p2a: Indeedee|Psychic Seed\n|-boost|p2a: Indeedee|spd|1|[from] item: Psychic Seed\n|-terastallize|p2b: Landorus|Poison\n|move|p1a: Rillaboom|Fake Out|p2b: Landorus\n|-activate|p2b: Landorus|move: Psychic Terrain\n|move|p2b: Landorus|Sandsear Storm|p1a: Rillaboom|[spread] p1a,p1b\n|-resisted|p1a: Rillaboom\n|-supereffective|p1b: Zamazenta\n|-damage|p1a: Rillaboom|61/100\n|-damage|p1b: Zamazenta|0 fnt\n|faint|p1b: Zamazenta\n|\n|-weather|RainDance|[upkeep]\n|upkeep\n|\n|t:|1772076382\n|switch|p1b: Calyrex|Calyrex-Shadow, L50|91/100\n|-ability|p1b: Calyrex|As One\n|-ability|p1b: Calyrex|Unnerve\n|turn|4\n|inactive|bormanda has 30 seconds left.\n|\n|t:|1772076408\n|switch|p1a: Clefairy|Clefairy, L50, M|100/100\n|move|p2b: Landorus|Sludge Bomb|p1a: Clefairy\n|-supereffective|p1a: Clefairy\n|-damage|p1a: Clefairy|0 fnt\n|faint|p1a: Clefairy\n|move|p1b: Calyrex|Nasty Plot|p1b: Calyrex\n|-boost|p1b: Calyrex|spa|2\n|move|p2a: Indeedee|Psychic|p1b: Calyrex\n|-resisted|p1b: Calyrex\n|-damage|p1b: Calyrex|71/100\n|\n|-weather|RainDance|[upkeep]\n|upkeep\n|\n|t:|1772076413\n|switch|p1a: Rillaboom|Rillaboom, L50, F|61/100\n|-fieldstart|move: Grassy Terrain|[from] ability: Grassy Surge|[of] p1a: Rillaboom\n|turn|5\n|\n|t:|1772076423\n|switch|p2b: Tornadus|Tornadus, L50, M|1/100\n|move|p1a: Rillaboom|Fake Out|p2b: Tornadus\n|-damage|p2b: Tornadus|0 fnt\n|faint|p2b: Tornadus\n|move|p1b: Calyrex|Pollen Puff|p2a: Indeedee\n|-supereffective|p2a: Indeedee\n|-damage|p2a: Indeedee|0 fnt\n|faint|p2a: Indeedee\n|-ability|p1b: Calyrex|Grim Neigh|boost\n|-boost|p1b: Calyrex|spa|1\n|-damage|p1b: Calyrex|62/100|[from] item: Life Orb\n|\n|-weather|none\n|-heal|p1b: Calyrex|67/100|[from] Grassy Terrain\n|-heal|p1a: Rillaboom|67/100|[from] Grassy Terrain\n|-sideend|p2: ScribbleScribble|move: Tailwind\n|upkeep\n|\n|t:|1772076432\n|switch|p2b: Landorus|Landorus, L50, M, tera:Poison|100/100\n|turn|6\n|\n|t:|1772076442\n|-terastallize|p1a: Rillaboom|Fire\n|move|p1b: Calyrex|Astral Barrage|p2b: Landorus\n|-damage|p2b: Landorus|0 fnt\n|faint|p2b: Landorus\n|-damage|p1b: Calyrex|58/100|[from] item: Life Orb\n|\n|win|bormanda\n|raw|bormanda's rating: 1411 &rarr; <strong>1439</strong><br />(+28 for winning)\n|raw|ScribbleScribble's rating: 1557 &rarr; <strong>1529</strong><br />(-28 for losing)\n|l|\u2606ScribbleScribble\n|player|p2|\n|l|\u2606bormanda\n|player|p1|\n","uploadtime":1772076625,"views":15,"formatid":"gen9vgc2026regi","rating":1439,"private":0,"password":null}