{"id":"gen9vgc2026regi-2515691449","format":"[Gen 9] VGC 2026 Reg I","players":["ky123456","merrypasta"],"log":"|j|\u2606ky123456\n|j|\u2606merrypasta\n|t:|1768021411\n|gametype|doubles\n|player|p1|ky123456|cynthia-gen4|1222\n|player|p2|merrypasta|miku-ghost|1324\n|gen|9\n|tier|[Gen 9] VGC 2026 Reg I\n|rated|\n|rule|Species Clause: Limit one of each Pok\u00e9mon\n|rule|Item Clause: Limit 1 of each item\n|clearpoke\n|poke|p1|Calyrex-Ice, L50|\n|poke|p1|Kyogre, L50|\n|poke|p1|Smeargle, L50, M|\n|poke|p1|Rillaboom, L50, M|\n|poke|p1|Landorus, L50, M|\n|poke|p1|Tornadus, L50, M|\n|poke|p2|Groudon, L50|\n|poke|p2|Lunala, L50|\n|poke|p2|Flutter Mane, L50|\n|poke|p2|Incineroar, L50, F|\n|poke|p2|Raging Bolt, L50|\n|poke|p2|Brute Bonnet, L50|\n|teampreview|4\n|\n|t:|1768021435\n|teamsize|p1|4\n|teamsize|p2|4\n|start\n|switch|p1a: Calyrex|Calyrex-Ice, L50|100/100\n|switch|p1b: Smeargle|Smeargle, L50, M|100/100\n|switch|p2a: Raging Bolt|Raging Bolt, L50|100/100\n|switch|p2b: Brute Bonnet|Brute Bonnet, L50|100/100\n|-ability|p1a: Calyrex|As One\n|-ability|p1a: Calyrex|Unnerve\n|turn|1\n|\n|t:|1768021461\n|-terastallize|p2b: Brute Bonnet|Water\n|move|p1b: Smeargle|Fake Out|p2b: Brute Bonnet\n|-damage|p2b: Brute Bonnet|98/100\n|move|p2a: Raging Bolt|Thunderbolt|p1b: Smeargle\n|-enditem|p1b: Smeargle|Focus Sash\n|-damage|p1b: Smeargle|1/100\n|move|p2b: Brute Bonnet|Spore|p1a: Calyrex\n|-status|p1a: Calyrex|slp|[from] move: Spore\n|cant|p1a: Calyrex|slp\n|\n|-ability|p1b: Smeargle|Moody|boost\n|-boost|p1b: Smeargle|spe|2\n|-unboost|p1b: Smeargle|spa|1\n|upkeep\n|turn|2\n|\n|t:|1768021493\n|move|p1b: Smeargle|Spore|p2b: Brute Bonnet\n|-status|p2b: Brute Bonnet|slp|[from] move: Spore\n|move|p2a: Raging Bolt|Thunderbolt|p1b: Smeargle\n|-damage|p1b: Smeargle|0 fnt\n|faint|p1b: Smeargle\n|cant|p2b: Brute Bonnet|slp\n|cant|p1a: Calyrex|slp\n|\n|upkeep\n|\n|t:|1768021499\n|switch|p1b: Landorus|Landorus, L50, M|100/100\n|turn|3\n|\n|t:|1768021506\n|cant|p2b: Brute Bonnet|slp\n|move|p1b: Landorus|Earth Power|p2b: Brute Bonnet\n|-damage|p2b: Brute Bonnet|30/100 slp\n|move|p2a: Raging Bolt|Snarl|p1a: Calyrex|[spread] p1a,p1b\n|-supereffective|p1a: Calyrex\n|-damage|p1a: Calyrex|82/100 slp\n|-damage|p1b: Landorus|83/100\n|-unboost|p1a: Calyrex|spa|1\n|-unboost|p1b: Landorus|spa|1\n|cant|p1a: Calyrex|slp\n|\n|-heal|p1a: Calyrex|88/100 slp|[from] item: Leftovers\n|upkeep\n|turn|4\n|\n|t:|1768021522\n|-curestatus|p2b: Brute Bonnet|slp|[msg]\n|move|p2b: Brute Bonnet|Sucker Punch|p1b: Landorus\n|-damage|p1b: Landorus|50/100\n|move|p1b: Landorus|Sandsear Storm|p2a: Raging Bolt|[spread] p2a,p2b\n|-supereffective|p2a: Raging Bolt\n|-damage|p2a: Raging Bolt|53/100\n|-damage|p2b: Brute Bonnet|0 fnt\n|faint|p2b: Brute Bonnet\n|-end|p2b: Brute Bonnet|Protosynthesis|[silent]\n|move|p2a: Raging Bolt|Thunderbolt|p1a: Calyrex\n|-damage|p1a: Calyrex|62/100 slp\n|-curestatus|p1a: Calyrex|slp|[msg]\n|move|p1a: Calyrex|Glacial Lance|p2a: Raging Bolt\n|-supereffective|p2a: Raging Bolt\n|-damage|p2a: Raging Bolt|0 fnt\n|faint|p2a: Raging Bolt\n|-end|p2a: Raging Bolt|Protosynthesis|[silent]\n|-ability|p1a: Calyrex|Chilling Neigh|boost\n|-boost|p1a: Calyrex|atk|1\n|\n|-heal|p1a: Calyrex|68/100|[from] item: Leftovers\n|upkeep\n|\n|t:|1768021533\n|switch|p2a: Groudon|Groudon, L50|100/100\n|switch|p2b: Lunala|Lunala, L50|100/100\n|-weather|SunnyDay|[from] ability: Drought|[of] p2a: Groudon\n|turn|5\n|\n|t:|1768021553\n|move|p1b: Landorus|Protect|p1b: Landorus\n|-singleturn|p1b: Landorus|Protect\n|move|p1a: Calyrex|Protect|p1a: Calyrex\n|-singleturn|p1a: Calyrex|Protect\n|move|p2b: Lunala|Meteor Beam||[still]\n|-prepare|p2b: Lunala|Meteor Beam\n|-boost|p2b: Lunala|spa|1\n|-enditem|p2b: Lunala|Power Herb\n|-anim|p2b: Lunala|Meteor Beam|p1a: Calyrex\n|-activate|p1a: Calyrex|move: Protect\n|move|p2a: Groudon|Precipice Blades|p1a: Calyrex|[spread] \n|-activate|p1a: Calyrex|move: Protect\n|-activate|p1b: Landorus|move: Protect\n|\n|-weather|SunnyDay|[upkeep]\n|-heal|p1a: Calyrex|73/100|[from] item: Leftovers\n|upkeep\n|turn|6\n|\n|t:|1768021572\n|-terastallize|p1a: Calyrex|Fairy\n|move|p1b: Landorus|Sandsear Storm|p2b: Lunala|[spread] p2a,p2b\n|-damage|p2a: Groudon|65/100\n|-damage|p2b: Lunala|85/100\n|move|p2b: Lunala|Moongeist Beam|p1a: Calyrex\n|-damage|p1a: Calyrex|25/100\n|move|p2a: Groudon|Precipice Blades|p1b: Landorus|[spread] p1a\n|-immune|p1b: Landorus\n|-damage|p1a: Calyrex|0 fnt\n|faint|p1a: Calyrex\n|\n|-weather|SunnyDay|[upkeep]\n|upkeep\n|\n|t:|1768021579\n|switch|p1a: Kyogre|Kyogre, L50|100/100\n|-weather|RainDance|[from] ability: Drizzle|[of] p1a: Kyogre\n|turn|7\n|\n|t:|1768021597\n|move|p2b: Lunala|Wide Guard|p2b: Lunala\n|-singleturn|p2b: Lunala|Wide Guard\n|move|p1b: Landorus|Earth Power|p2b: Lunala\n|-damage|p2b: Lunala|48/100\n|move|p1a: Kyogre|Hydro Pump|p2a: Groudon\n|-supereffective|p2a: Groudon\n|-damage|p2a: Groudon|0 fnt\n|faint|p2a: Groudon\n|\n|-weather|RainDance|[upkeep]\n|upkeep\n|turn|8\n|\n|t:|1768021607\n|move|p1b: Landorus|Earth Power|p2b: Lunala\n|-damage|p2b: Lunala|10/100\n|move|p2b: Lunala|Moongeist Beam|p1a: Kyogre\n|-damage|p1a: Kyogre|42/100\n|move|p1a: Kyogre|Water Spout|p2b: Lunala\n|-damage|p2b: Lunala|0 fnt\n|faint|p2b: Lunala\n|\n|win|ky123456\n|raw|ky123456's rating: 1222 &rarr; <strong>1254</strong><br />(+32 for winning)\n|raw|merrypasta's rating: 1324 &rarr; <strong>1298</strong><br />(-26 for losing)\n|l|\u2606merrypasta\n|player|p2|\n|l|\u2606ky123456\n|player|p1|\n","uploadtime":1768021755,"views":13,"formatid":"gen9vgc2026regi","rating":1254,"private":0,"password":null}