{"id":"gen9vgc2026regi-2570029061","format":"[Gen 9] VGC 2026 Reg I","players":["speedyturtle87","Snowsquall brute"],"log":"|j|\u2606speedyturtle87\n|j|\u2606Snowsquall brute\n|t:|1774758702\n|gametype|doubles\n|player|p1|speedyturtle87|canari|1432\n|player|p2|Snowsquall brute|veteran|1461\n|gen|9\n|tier|[Gen 9] VGC 2026 Reg I\n|rated|\n|rule|Species Clause: Limit one of each Pok\u00e9mon\n|rule|Item Clause: Limit 1 of each item\n|clearpoke\n|poke|p1|Miraidon, L50|\n|poke|p1|Iron Hands, L50|\n|poke|p1|Chi-Yu, L50|\n|poke|p1|Whimsicott, L50, M|\n|poke|p1|Calyrex-Ice, L50|\n|poke|p1|Farigiraf, L50, M|\n|poke|p2|Miraidon, L50|\n|poke|p2|Landorus-Therian, L50, M|\n|poke|p2|Kingambit, L50, F|\n|poke|p2|Lunala, L50|\n|teampreview|4\n|inactive|Battle timer is ON: inactive players will automatically lose when time's up. (requested by speedyturtle87)\n|\n|t:|1774758721\n|teamsize|p1|4\n|teamsize|p2|4\n|start\n|switch|p1a: Chi-Yu|Chi-Yu, L50|100/100\n|switch|p1b: Whimsicott|Whimsicott, L50, M|100/100\n|switch|p2a: Miraidon|Miraidon, L50|100/100\n|switch|p2b: Landorus|Landorus-Therian, L50, M|100/100\n|-ability|p1a: Chi-Yu|Beads of Ruin\n|-fieldstart|move: Electric Terrain|[from] ability: Hadron Engine|[of] p2a: Miraidon\n|-enditem|p2a: Miraidon|Electric Seed\n|-boost|p2a: Miraidon|def|1|[from] item: Electric Seed\n|-ability|p2b: Landorus|Intimidate|boost\n|-unboost|p1a: Chi-Yu|atk|1\n|-unboost|p1b: Whimsicott|atk|1\n|turn|1\n|\n|t:|1774758735\n|move|p1b: Whimsicott|Tailwind|p1b: Whimsicott\n|-sidestart|p1: speedyturtle87|move: Tailwind\n|move|p1a: Chi-Yu|Heat Wave|p2b: Landorus|[spread] p2a,p2b\n|-resisted|p2a: Miraidon\n|-damage|p2a: Miraidon|81/100\n|-damage|p2b: Landorus|67/100\n|move|p2a: Miraidon|Parabolic Charge|p1a: Chi-Yu|[spread] p1a,p1b\n|-immune|p2b: Landorus\n|-resisted|p1b: Whimsicott\n|-damage|p1a: Chi-Yu|55/100\n|-heal|p2a: Miraidon|96/100|[from] drain|[of] p1a: Chi-Yu\n|-damage|p1b: Whimsicott|65/100\n|-heal|p2a: Miraidon|100/100|[from] drain|[of] p1b: Whimsicott\n|move|p2b: Landorus|Rock Tomb|p1b: Whimsicott\n|-damage|p1b: Whimsicott|34/100\n|-unboost|p1b: Whimsicott|spe|1\n|\n|upkeep\n|turn|2\n|\n|t:|1774758753\n|move|p2a: Miraidon|Protect|p2a: Miraidon\n|-singleturn|p2a: Miraidon|Protect\n|move|p1a: Chi-Yu|Heat Wave|p2a: Miraidon|[spread] p2b\n|-activate|p2a: Miraidon|move: Protect\n|-damage|p2b: Landorus|33/100\n|move|p1b: Whimsicott|Endeavor|p2a: Miraidon\n|-activate|p2a: Miraidon|move: Protect\n|move|p2b: Landorus|U-turn|p1b: Whimsicott\n|-damage|p1b: Whimsicott|0 fnt\n|faint|p1b: Whimsicott\n|\n|t:|1774758765\n|switch|p2b: Lunala|Lunala, L50|100/100|[from] U-turn\n|\n|upkeep\n|\n|t:|1774758768\n|switch|p1b: Miraidon|Miraidon, L50|100/100\n|-activate|p1b: Miraidon|ability: Hadron Engine\n|turn|3\n|\n|t:|1774758775\n|-terastallize|p2b: Lunala|Fairy\n|move|p1a: Chi-Yu|Heat Wave|p2b: Lunala|[spread] p2a,p2b\n|-resisted|p2a: Miraidon\n|-damage|p2a: Miraidon|84/100\n|-damage|p2b: Lunala|84/100\n|move|p1b: Miraidon|Electro Drift|p2a: Miraidon\n|-resisted|p2a: Miraidon\n|-damage|p2a: Miraidon|54/100\n|move|p2a: Miraidon|Parabolic Charge|p1b: Miraidon|[spread] p2b,p1a,p1b\n|-resisted|p1b: Miraidon\n|-damage|p2b: Lunala|53/100\n|-heal|p2a: Miraidon|72/100|[from] drain|[of] p2b: Lunala\n|-damage|p1a: Chi-Yu|12/100\n|-heal|p2a: Miraidon|86/100|[from] drain|[of] p1a: Chi-Yu\n|-damage|p1b: Miraidon|88/100\n|-heal|p2a: Miraidon|92/100|[from] drain|[of] p1b: Miraidon\n|move|p2b: Lunala|Moonblast|p1b: Miraidon\n|-supereffective|p1b: Miraidon\n|-damage|p1b: Miraidon|0 fnt\n|faint|p1b: Miraidon\n|\n|upkeep\n|\n|t:|1774758779\n|switch|p1b: Calyrex|Calyrex-Ice, L50|100/100\n|-ability|p1b: Calyrex|As One\n|-ability|p1b: Calyrex|Unnerve\n|turn|4\n|\n|t:|1774758791\n|move|p2b: Lunala|Wide Guard|p2b: Lunala\n|-singleturn|p2b: Lunala|Wide Guard\n|move|p1a: Chi-Yu|Heat Wave|p2a: Miraidon|[spread] \n|-activate|p2a: Miraidon|move: Wide Guard\n|-activate|p2b: Lunala|move: Wide Guard\n|move|p2a: Miraidon|Parabolic Charge|p1a: Chi-Yu|[spread] p1a,p1b\n|-activate|p2b: Lunala|move: Wide Guard\n|-damage|p1a: Chi-Yu|0 fnt\n|-heal|p2a: Miraidon|96/100|[from] drain|[of] p1a: Chi-Yu\n|-damage|p1b: Calyrex|70/100\n|-heal|p2a: Miraidon|100/100|[from] drain|[of] p1b: Calyrex\n|faint|p1a: Chi-Yu\n|move|p1b: Calyrex|Trick Room|p1b: Calyrex\n|-fieldstart|move: Trick Room|[of] p1b: Calyrex\n|\n|-heal|p1b: Calyrex|76/100|[from] item: Leftovers\n|-sideend|p1: speedyturtle87|move: Tailwind\n|upkeep\n|turn|5\n|\n|t:|1774758797\n|move|p1b: Calyrex|Leech Seed|p2a: Miraidon|[miss]\n|-miss|p1b: Calyrex|p2a: Miraidon\n|move|p2b: Lunala|Moongeist Beam|p1b: Calyrex\n|-supereffective|p1b: Calyrex\n|-damage|p1b: Calyrex|21/100\n|move|p2a: Miraidon|Calm Mind|p2a: Miraidon\n|-boost|p2a: Miraidon|spa|1\n|-boost|p2a: Miraidon|spd|1\n|\n|-heal|p1b: Calyrex|27/100|[from] item: Leftovers\n|-fieldend|move: Electric Terrain\n|upkeep\n|turn|6\n|c|\u2606speedyturtle87|ggwp\n|-message|speedyturtle87 forfeited.\n|\n|win|Snowsquall brute\n|raw|speedyturtle87's rating: 1432 &rarr; <strong>1414</strong><br />(-18 for losing)\n|raw|Snowsquall brute's rating: 1461 &rarr; <strong>1479</strong><br />(+18 for winning)\n|c|\u2606Snowsquall brute|gg\n|l|\u2606Snowsquall brute\n|player|p2|\n|c|\u2606speedyturtle87|i played that horribly lol\n|l|\u2606speedyturtle87\n|player|p1|\n","uploadtime":1774759016,"views":13,"formatid":"gen9vgc2026regi","rating":1414,"private":0,"password":null}