{"id":"gen9vgc2026regi-2586799746","format":"[Gen 9] VGC 2026 Reg I","players":["BenSon_A27_Zong","kobeniponi"],"log":"|j|\u2606BenSon_A27_Zong\n|j|\u2606kobeniponi\n|t:|1776460879\n|gametype|doubles\n|player|p1|BenSon_A27_Zong|bugsy|1275\n|player|p2|kobeniponi|fisher-gen8|1197\n|gen|9\n|tier|[Gen 9] VGC 2026 Reg I\n|rated|\n|rule|Species Clause: Limit one of each Pok\u00e9mon\n|rule|Item Clause: Limit 1 of each item\n|clearpoke\n|poke|p1|Muk-Alola, L50, M|\n|poke|p1|Dondozo, L50, F|\n|poke|p1|Grimmsnarl, L50, M|\n|poke|p1|Incineroar, L50, M|\n|poke|p1|Tatsugiri, L50, M|\n|poke|p1|Smeargle, L50, M|\n|poke|p2|Koraidon, L50|\n|poke|p2|Jumpluff, L50, M|\n|poke|p2|Zamazenta-*, L50|\n|poke|p2|Rillaboom, L50, M|\n|poke|p2|Farigiraf, L50, M|\n|poke|p2|Raging Bolt, L50|\n|teampreview|4\n|inactive|Battle timer is ON: inactive players will automatically lose when time's up. (requested by BenSon_A27_Zong)\n|inactive|kobeniponi has 60 seconds left.\n|\n|t:|1776460924\n|teamsize|p1|4\n|teamsize|p2|4\n|start\n|switch|p1a: Grimmsnarl|Grimmsnarl, L50, M|100/100\n|switch|p1b: Incineroar|Incineroar, L50, M|100/100\n|switch|p2a: Rillaboom|Rillaboom, L50, M|100/100\n|switch|p2b: Koraidon|Koraidon, L50|100/100\n|-weather|SunnyDay|[from] ability: Orichalcum Pulse|[of] p2b: Koraidon\n|-activate|p2b: Koraidon|Orichalcum Pulse|[source]\n|-fieldstart|move: Grassy Terrain|[from] ability: Grassy Surge|[of] p2a: Rillaboom\n|-ability|p1b: Incineroar|Intimidate|boost\n|-unboost|p2a: Rillaboom|atk|1\n|-unboost|p2b: Koraidon|atk|1\n|turn|1\n|\n|t:|1776460940\n|switch|p2b: Zamazenta|Zamazenta-Crowned, L50|100/100\n|-ability|p2b: Zamazenta|Dauntless Shield|boost\n|-boost|p2b: Zamazenta|def|1\n|move|p2a: Rillaboom|Fake Out|p1b: Incineroar\n|-damage|p1b: Incineroar|92/100\n|cant|p1b: Incineroar|flinch\n|move|p1a: Grimmsnarl|Reflect|p1a: Grimmsnarl\n|-sidestart|p1: BenSon_A27_Zong|Reflect\n|\n|-weather|SunnyDay|[upkeep]\n|-heal|p1b: Incineroar|98/100|[from] Grassy Terrain\n|upkeep\n|turn|2\n|\n|t:|1776460956\n|move|p1a: Grimmsnarl|Light Screen|p1a: Grimmsnarl\n|-sidestart|p1: BenSon_A27_Zong|move: Light Screen\n|move|p2b: Zamazenta|Body Press|p1b: Incineroar\n|-supereffective|p1b: Incineroar\n|-damage|p1b: Incineroar|31/100\n|-enditem|p1b: Incineroar|Sitrus Berry|[eat]\n|-heal|p1b: Incineroar|55/100|[from] item: Sitrus Berry\n|move|p2a: Rillaboom|U-turn|p1a: Grimmsnarl\n|-damage|p1a: Grimmsnarl|88/100\n|\n|t:|1776460965\n|switch|p2a: Koraidon|Koraidon, L50|100/100|[from] U-turn\n|-activate|p2a: Koraidon|ability: Orichalcum Pulse\n|move|p1b: Incineroar|Roar|p2b: Zamazenta\n|drag|p2b: Rillaboom|Rillaboom, L50, M|100/100\n|\n|-weather|SunnyDay|[upkeep]\n|-heal|p1a: Grimmsnarl|94/100|[from] Grassy Terrain\n|-heal|p1b: Incineroar|61/100|[from] Grassy Terrain\n|upkeep\n|turn|3\n|\n|t:|1776460986\n|-terastallize|p2a: Koraidon|Fire\n|move|p2b: Rillaboom|Fake Out|p1b: Incineroar\n|-damage|p1b: Incineroar|53/100\n|move|p2a: Koraidon|Flare Blitz|p1a: Grimmsnarl\n|-damage|p1a: Grimmsnarl|0 fnt\n|faint|p1a: Grimmsnarl\n|-damage|p2a: Koraidon|65/100|[from] Recoil\n|-damage|p2a: Koraidon|56/100|[from] item: Life Orb\n|cant|p1b: Incineroar|flinch\n|\n|-weather|SunnyDay|[upkeep]\n|-heal|p2a: Koraidon|62/100|[from] Grassy Terrain\n|-heal|p1b: Incineroar|59/100|[from] Grassy Terrain\n|upkeep\n|\n|t:|1776460990\n|switch|p1a: Muk|Muk-Alola, L50, M|100/100\n|turn|4\n|\n|t:|1776461004\n|switch|p1b: Smeargle|Smeargle, L50, M|100/100\n|move|p2a: Koraidon|Flare Blitz|p1a: Muk\n|-damage|p1a: Muk|12/100\n|-damage|p2a: Koraidon|27/100|[from] Recoil\n|-damage|p2a: Koraidon|17/100|[from] item: Life Orb\n|move|p2b: Rillaboom|U-turn|p1b: Smeargle\n|-damage|p1b: Smeargle|59/100\n|\n|t:|1776461011\n|switch|p2b: Zamazenta|Zamazenta-Crowned, L50|100/100|[from] U-turn\n|move|p1a: Muk|Minimize|p1a: Muk\n|-boost|p1a: Muk|evasion|2\n|\n|-weather|SunnyDay|[upkeep]\n|-heal|p2a: Koraidon|24/100|[from] Grassy Terrain\n|-heal|p1b: Smeargle|65/100|[from] Grassy Terrain\n|-heal|p1a: Muk|18/100|[from] Grassy Terrain\n|-heal|p1a: Muk|25/100|[from] item: Leftovers\n|-ability|p1b: Smeargle|Moody|boost\n|-boost|p1b: Smeargle|atk|2\n|-unboost|p1b: Smeargle|def|1\n|upkeep\n|turn|5\n|\n|t:|1776461018\n|move|p1a: Muk|Protect|p1a: Muk\n|-singleturn|p1a: Muk|Protect\n|move|p2a: Koraidon|Close Combat|p1b: Smeargle\n|-supereffective|p1b: Smeargle\n|-damage|p1b: Smeargle|0 fnt\n|-unboost|p2a: Koraidon|def|1\n|-unboost|p2a: Koraidon|spd|1\n|faint|p1b: Smeargle\n|-ability|p1a: Muk|Moody|Power of Alchemy|[from] ability: Power of Alchemy|[of] p1b: Smeargle\n|-damage|p2a: Koraidon|14/100|[from] item: Life Orb\n|move|p2b: Zamazenta|Body Press|p1a: Muk\n|-activate|p1a: Muk|move: Protect\n|\n|-weather|none\n|-heal|p2a: Koraidon|20/100|[from] Grassy Terrain\n|-heal|p1a: Muk|31/100|[from] Grassy Terrain\n|-heal|p1a: Muk|37/100|[from] item: Leftovers\n|-fieldend|move: Grassy Terrain\n|-ability|p1a: Muk|Moody|boost\n|-boost|p1a: Muk|spa|2\n|-unboost|p1a: Muk|spd|1\n|upkeep\n|\n|t:|1776461020\n|switch|p1b: Incineroar|Incineroar, L50, M|59/100\n|-ability|p1b: Incineroar|Intimidate|boost\n|-unboost|p2a: Koraidon|atk|1\n|-unboost|p2b: Zamazenta|atk|1\n|turn|6\n|\n|t:|1776461038\n|switch|p2a: Rillaboom|Rillaboom, L50, M|100/100\n|-fieldstart|move: Grassy Terrain|[from] ability: Grassy Surge|[of] p2a: Rillaboom\n|switch|p2b: Jumpluff|Jumpluff, L50, M|100/100\n|move|p1b: Incineroar|Fake Out|p2b: Jumpluff\n|-damage|p2b: Jumpluff|86/100\n|move|p1a: Muk|Poison Jab|p2a: Rillaboom\n|-supereffective|p2a: Rillaboom\n|-damage|p2a: Rillaboom|41/100\n|\n|-heal|p2a: Rillaboom|47/100|[from] Grassy Terrain\n|-heal|p1b: Incineroar|65/100|[from] Grassy Terrain\n|-heal|p1a: Muk|43/100|[from] Grassy Terrain\n|-heal|p1a: Muk|49/100|[from] item: Leftovers\n|-ability|p1a: Muk|Moody|boost\n|-boost|p1a: Muk|spd|2\n|-unboost|p1a: Muk|spa|1\n|upkeep\n|turn|7\n|\n|t:|1776461050\n|move|p2a: Rillaboom|Fake Out|p1b: Incineroar\n|-damage|p1b: Incineroar|56/100\n|move|p2b: Jumpluff|Sleep Powder|p1a: Muk|[miss]\n|-miss|p2b: Jumpluff|p1a: Muk\n|move|p1a: Muk|Minimize|p1a: Muk\n|-boost|p1a: Muk|evasion|2\n|cant|p1b: Incineroar|flinch\n|\n|-heal|p2a: Rillaboom|52/100|[from] Grassy Terrain\n|-heal|p1b: Incineroar|62/100|[from] Grassy Terrain\n|-heal|p1a: Muk|55/100|[from] Grassy Terrain\n|-heal|p1a: Muk|61/100|[from] item: Leftovers\n|-ability|p1a: Muk|Moody|boost\n|-boost|p1a: Muk|def|2\n|-unboost|p1a: Muk|spa|1\n|upkeep\n|turn|8\n|inactive|BenSon_A27_Zong has 30 seconds left.\n|\n|t:|1776461076\n|move|p2b: Jumpluff|Sleep Powder|p1b: Incineroar\n|-status|p1b: Incineroar|slp|[from] move: Sleep Powder\n|move|p2a: Rillaboom|U-turn|p1a: Muk|[miss]\n|-miss|p2a: Rillaboom|p1a: Muk\n|cant|p1b: Incineroar|slp\n|move|p1a: Muk|Minimize|p1a: Muk\n|-boost|p1a: Muk|evasion|2\n|\n|-heal|p2a: Rillaboom|58/100|[from] Grassy Terrain\n|-heal|p1b: Incineroar|68/100 slp|[from] Grassy Terrain\n|-heal|p1a: Muk|67/100|[from] Grassy Terrain\n|-heal|p1a: Muk|74/100|[from] item: Leftovers\n|-sideend|p1: BenSon_A27_Zong|Reflect\n|-ability|p1a: Muk|Moody|boost\n|-boost|p1a: Muk|spd|2\n|-unboost|p1a: Muk|def|1\n|upkeep\n|turn|9\n|\n|t:|1776461093\n|switch|p2b: Koraidon|Koraidon, L50, tera:Fire|20/100\n|-weather|SunnyDay|[from] ability: Orichalcum Pulse|[of] p2b: Koraidon\n|-activate|p2b: Koraidon|Orichalcum Pulse|[source]\n|move|p2a: Rillaboom|Knock Off|p1a: Muk\n|-resisted|p1a: Muk\n|-damage|p1a: Muk|66/100\n|-enditem|p1a: Muk|Leftovers|[from] move: Knock Off|[of] p2a: Rillaboom\n|move|p1a: Muk|Poison Jab|p2b: Koraidon\n|-damage|p2b: Koraidon|0 fnt\n|faint|p2b: Koraidon\n|cant|p1b: Incineroar|slp\n|\n|-weather|SunnyDay|[upkeep]\n|-heal|p2a: Rillaboom|64/100|[from] Grassy Terrain\n|-heal|p1b: Incineroar|74/100 slp|[from] Grassy Terrain\n|-heal|p1a: Muk|72/100|[from] Grassy Terrain\n|-sideend|p1: BenSon_A27_Zong|move: Light Screen\n|-ability|p1a: Muk|Moody|boost\n|-boost|p1a: Muk|spd|2\n|-unboost|p1a: Muk|spe|1\n|upkeep\n|\n|t:|1776461102\n|switch|p2b: Zamazenta|Zamazenta-Crowned, L50|100/100\n|turn|10\n|\n|t:|1776461109\n|move|p1a: Muk|Protect|p1a: Muk\n|-singleturn|p1a: Muk|Protect\n|move|p2b: Zamazenta|Body Press|p1b: Incineroar\n|-supereffective|p1b: Incineroar\n|-damage|p1b: Incineroar|0 fnt\n|faint|p1b: Incineroar\n|move|p2a: Rillaboom|U-turn|p1a: Muk\n|-activate|p1a: Muk|move: Protect\n|\n|-weather|SunnyDay|[upkeep]\n|-heal|p2a: Rillaboom|70/100|[from] Grassy Terrain\n|-heal|p1a: Muk|78/100|[from] Grassy Terrain\n|-fieldend|move: Grassy Terrain\n|-ability|p1a: Muk|Moody|boost\n|-boost|p1a: Muk|spe|2\n|-unboost|p1a: Muk|atk|1\n|upkeep\n|turn|11\n|\n|t:|1776461120\n|move|p2b: Zamazenta|Body Press|p1a: Muk|[miss]\n|-miss|p2b: Zamazenta|p1a: Muk\n|move|p2a: Rillaboom|U-turn|p1a: Muk|[miss]\n|-miss|p2a: Rillaboom|p1a: Muk\n|move|p1a: Muk|Poison Jab|p2a: Rillaboom\n|-supereffective|p2a: Rillaboom\n|-damage|p2a: Rillaboom|25/100\n|-status|p2a: Rillaboom|psn\n|\n|-weather|SunnyDay|[upkeep]\n|-damage|p2a: Rillaboom|13/100 psn|[from] psn\n|-ability|p1a: Muk|Moody|boost\n|-boost|p1a: Muk|spe|2\n|-unboost|p1a: Muk|atk|1\n|upkeep\n|turn|12\n|\n|t:|1776461133\n|move|p1a: Muk|Protect|p1a: Muk\n|-singleturn|p1a: Muk|Protect\n|move|p2b: Zamazenta|Coaching|p2a: Rillaboom\n|-boost|p2a: Rillaboom|atk|1\n|-boost|p2a: Rillaboom|def|1\n|move|p2a: Rillaboom|Grassy Glide|p1a: Muk\n|-activate|p1a: Muk|move: Protect\n|\n|-weather|SunnyDay|[upkeep]\n|-damage|p2a: Rillaboom|1/100 psn|[from] psn\n|-ability|p1a: Muk|Moody|boost\n|-boost|p1a: Muk|spa|2\n|-unboost|p1a: Muk|atk|1\n|upkeep\n|turn|13\n|\n|t:|1776461154\n|move|p1a: Muk|Protect|p1a: Muk\n|-singleturn|p1a: Muk|Protect\n|move|p2b: Zamazenta|Body Press|p1a: Muk\n|-activate|p1a: Muk|move: Protect\n|move|p2a: Rillaboom|U-turn|p1a: Muk\n|-activate|p1a: Muk|move: Protect\n|\n|-weather|none\n|-damage|p2a: Rillaboom|0 fnt|[from] psn\n|faint|p2a: Rillaboom\n|-ability|p1a: Muk|Moody|boost\n|-boost|p1a: Muk|atk|2\n|-unboost|p1a: Muk|def|1\n|upkeep\n|\n|t:|1776461156\n|switch|p2a: Jumpluff|Jumpluff, L50, M|86/100\n|turn|14\n|\n|t:|1776461163\n|move|p2b: Zamazenta|Coaching|p2a: Jumpluff\n|-boost|p2a: Jumpluff|atk|1\n|-boost|p2a: Jumpluff|def|1\n|move|p2a: Jumpluff|Fling|p1a: Muk|[miss]\n|-miss|p2a: Jumpluff|p1a: Muk\n|-enditem|p2a: Jumpluff|King's Rock|[from] move: Fling\n|move|p1a: Muk|Poison Jab|p2a: Jumpluff\n|-supereffective|p2a: Jumpluff\n|-crit|p2a: Jumpluff\n|-damage|p2a: Jumpluff|0 fnt\n|faint|p2a: Jumpluff\n|\n|-ability|p1a: Muk|Moody|boost\n|-boost|p1a: Muk|spa|2\n|-unboost|p1a: Muk|spd|1\n|upkeep\n|turn|15\n|\n|t:|1776461171\n|move|p2b: Zamazenta|Coaching|p2: Jumpluff|[notarget]\n|-fail|p2b: Zamazenta\n|move|p1a: Muk|Poison Jab|p2b: Zamazenta\n|-immune|p2b: Zamazenta\n|\n|-ability|p1a: Muk|Moody|boost\n|-boost|p1a: Muk|spa|2\n|-unboost|p1a: Muk|def|1\n|upkeep\n|turn|16\n|\n|t:|1776461174\n|move|p2b: Zamazenta|Coaching|p2: Jumpluff|[notarget]\n|-fail|p2b: Zamazenta\n|move|p1a: Muk|Rest|p1a: Muk\n|-status|p1a: Muk|slp|[from] move: Rest\n|-heal|p1a: Muk|100/100 slp|[silent]\n|\n|-ability|p1a: Muk|Moody|boost\n|-boost|p1a: Muk|spe|2\n|-unboost|p1a: Muk|atk|1\n|upkeep\n|turn|17\n|c|\u2606kobeniponi|so pp stall?\n|\n|t:|1776461196\n|cant|p1a: Muk|slp\n|move|p2b: Zamazenta|Coaching|p2: Jumpluff|[notarget]\n|-fail|p2b: Zamazenta\n|\n|-ability|p1a: Muk|Moody|boost\n|-boost|p1a: Muk|atk|2\n|-unboost|p1a: Muk|spa|1\n|upkeep\n|turn|18\n|\n|t:|1776461198\n|cant|p1a: Muk|slp\n|move|p2b: Zamazenta|Coaching|p2: Jumpluff|[notarget]\n|-fail|p2b: Zamazenta\n|\n|-ability|p1a: Muk|Moody|boost\n|-boost|p1a: Muk|def|2\n|-unboost|p1a: Muk|spd|1\n|upkeep\n|turn|19\n|\n|t:|1776461203\n|-curestatus|p1a: Muk|slp|[msg]\n|move|p1a: Muk|Minimize|p1a: Muk\n|-boost|p1a: Muk|evasion|0\n|move|p2b: Zamazenta|Coaching|p2: Jumpluff|[notarget]\n|-fail|p2b: Zamazenta\n|\n|-ability|p1a: Muk|Moody|boost\n|-boost|p1a: Muk|atk|2\n|-unboost|p1a: Muk|spa|1\n|upkeep\n|turn|20\n|\n|t:|1776461205\n|move|p1a: Muk|Minimize|p1a: Muk\n|-boost|p1a: Muk|evasion|0\n|move|p2b: Zamazenta|Coaching|p2: Jumpluff|[notarget]\n|-fail|p2b: Zamazenta\n|\n|-ability|p1a: Muk|Moody|boost\n|-boost|p1a: Muk|spa|2\n|-unboost|p1a: Muk|spe|1\n|upkeep\n|turn|21\n|\n|t:|1776461208\n|move|p1a: Muk|Minimize|p1a: Muk\n|-boost|p1a: Muk|evasion|0\n|move|p2b: Zamazenta|Coaching|p2: Jumpluff|[notarget]\n|-fail|p2b: Zamazenta\n|\n|-ability|p1a: Muk|Moody|boost\n|-boost|p1a: Muk|atk|2\n|-unboost|p1a: Muk|spd|1\n|upkeep\n|turn|22\n|\n|t:|1776461210\n|move|p1a: Muk|Minimize|p1a: Muk\n|-boost|p1a: Muk|evasion|0\n|move|p2b: Zamazenta|Coaching|p2: Jumpluff|[notarget]\n|-fail|p2b: Zamazenta\n|\n|-ability|p1a: Muk|Moody|boost\n|-boost|p1a: Muk|def|2\n|-unboost|p1a: Muk|spd|1\n|upkeep\n|turn|23\n|\n|t:|1776461212\n|move|p1a: Muk|Minimize|p1a: Muk\n|-boost|p1a: Muk|evasion|0\n|move|p2b: Zamazenta|Coaching|p2: Jumpluff|[notarget]\n|-fail|p2b: Zamazenta\n|\n|-ability|p1a: Muk|Moody|boost\n|-boost|p1a: Muk|def|2\n|-unboost|p1a: Muk|spe|1\n|upkeep\n|turn|24\n|\n|t:|1776461215\n|move|p2b: Zamazenta|Coaching|p2: Jumpluff|[notarget]\n|-fail|p2b: Zamazenta\n|move|p1a: Muk|Minimize|p1a: Muk\n|-boost|p1a: Muk|evasion|0\n|\n|-ability|p1a: Muk|Moody|boost\n|-boost|p1a: Muk|spe|2\n|-unboost|p1a: Muk|spa|1\n|upkeep\n|turn|25\n|\n|t:|1776461217\n|move|p1a: Muk|Minimize|p1a: Muk\n|-boost|p1a: Muk|evasion|0\n|move|p2b: Zamazenta|Coaching|p2: Jumpluff|[notarget]\n|-fail|p2b: Zamazenta\n|\n|-ability|p1a: Muk|Moody|boost\n|-boost|p1a: Muk|spd|2\n|-unboost|p1a: Muk|spa|1\n|upkeep\n|turn|26\n|\n|t:|1776461219\n|move|p1a: Muk|Minimize|p1a: Muk\n|-boost|p1a: Muk|evasion|0\n|move|p2b: Zamazenta|Coaching|p2: Jumpluff|[notarget]\n|-fail|p2b: Zamazenta\n|\n|-ability|p1a: Muk|Moody|boost\n|-boost|p1a: Muk|spe|1\n|-unboost|p1a: Muk|atk|1\n|upkeep\n|turn|27\n|\n|t:|1776461221\n|move|p1a: Muk|Minimize|p1a: Muk\n|-boost|p1a: Muk|evasion|0\n|move|p2b: Zamazenta|Coaching|p2: Jumpluff|[notarget]\n|-fail|p2b: Zamazenta\n|\n|-ability|p1a: Muk|Moody|boost\n|-boost|p1a: Muk|atk|2\n|-unboost|p1a: Muk|spe|1\n|upkeep\n|turn|28\n|\n|t:|1776461223\n|move|p1a: Muk|Minimize|p1a: Muk\n|-boost|p1a: Muk|evasion|0\n|move|p2b: Zamazenta|Coaching|p2: Jumpluff|[notarget]\n|-fail|p2b: Zamazenta\n|\n|-ability|p1a: Muk|Moody|boost\n|-boost|p1a: Muk|spa|2\n|-unboost|p1a: Muk|spe|1\n|upkeep\n|turn|29\n|\n|t:|1776461225\n|move|p2b: Zamazenta|Wide Guard|p2b: Zamazenta\n|-singleturn|p2b: Zamazenta|Wide Guard\n|move|p1a: Muk|Minimize|p1a: Muk\n|-boost|p1a: Muk|evasion|0\n|\n|-ability|p1a: Muk|Moody|boost\n|-boost|p1a: Muk|atk|1\n|-unboost|p1a: Muk|spa|1\n|upkeep\n|turn|30\n|\n|t:|1776461232\n|move|p1a: Muk|Minimize|p1a: Muk\n|-boost|p1a: Muk|evasion|0\n|move|p2b: Zamazenta|Behemoth Bash|p1a: Muk|[miss]\n|-miss|p2b: Zamazenta|p1a: Muk\n|\n|-ability|p1a: Muk|Moody|boost\n|-boost|p1a: Muk|spa|1\n|-unboost|p1a: Muk|def|1\n|upkeep\n|turn|31\n|\n|t:|1776461236\n|move|p1a: Muk|Minimize|p1a: Muk\n|-boost|p1a: Muk|evasion|0\n|move|p2b: Zamazenta|Behemoth Bash|p1a: Muk|[miss]\n|-miss|p2b: Zamazenta|p1a: Muk\n|\n|-ability|p1a: Muk|Moody|boost\n|-boost|p1a: Muk|spe|2\n|-unboost|p1a: Muk|def|1\n|upkeep\n|turn|32\n|\n|t:|1776461246\n|move|p1a: Muk|Poison Jab|p2b: Zamazenta\n|-immune|p2b: Zamazenta\n|move|p2b: Zamazenta|Behemoth Bash|p1a: Muk|[miss]\n|-miss|p2b: Zamazenta|p1a: Muk\n|\n|-ability|p1a: Muk|Moody|boost\n|-boost|p1a: Muk|def|2\n|-unboost|p1a: Muk|spe|1\n|upkeep\n|turn|33\n|\n|t:|1776461249\n|move|p1a: Muk|Poison Jab|p2b: Zamazenta\n|-immune|p2b: Zamazenta\n|move|p2b: Zamazenta|Behemoth Bash|p1a: Muk|[miss]\n|-miss|p2b: Zamazenta|p1a: Muk\n|\n|-ability|p1a: Muk|Moody|boost\n|-boost|p1a: Muk|spe|1\n|-unboost|p1a: Muk|def|1\n|upkeep\n|turn|34\n|\n|t:|1776461252\n|move|p1a: Muk|Poison Jab|p2b: Zamazenta\n|-immune|p2b: Zamazenta\n|move|p2b: Zamazenta|Behemoth Bash|p1a: Muk|[miss]\n|-miss|p2b: Zamazenta|p1a: Muk\n|\n|-ability|p1a: Muk|Moody|boost\n|-boost|p1a: Muk|def|2\n|-unboost|p1a: Muk|spe|1\n|upkeep\n|turn|35\n|\n|t:|1776461255\n|move|p1a: Muk|Poison Jab|p2b: Zamazenta\n|-immune|p2b: Zamazenta\n|move|p2b: Zamazenta|Behemoth Bash|p1a: Muk\n|-damage|p1a: Muk|92/100\n|\n|-ability|p1a: Muk|Moody|boost\n|-boost|p1a: Muk|spe|1\n|-unboost|p1a: Muk|spa|1\n|upkeep\n|turn|36\n|\n|t:|1776461260\n|move|p1a: Muk|Rest|p1a: Muk\n|-status|p1a: Muk|slp|[from] move: Rest\n|-heal|p1a: Muk|100/100 slp|[silent]\n|move|p2b: Zamazenta|Behemoth Bash|p1a: Muk\n|-damage|p1a: Muk|92/100 slp\n|\n|-ability|p1a: Muk|Moody|boost\n|-boost|p1a: Muk|spa|1\n|-unboost|p1a: Muk|atk|1\n|upkeep\n|turn|37\n|\n|t:|1776461262\n|cant|p1a: Muk|slp\n|move|p2b: Zamazenta|Behemoth Bash|p1a: Muk|[miss]\n|-miss|p2b: Zamazenta|p1a: Muk\n|\n|-ability|p1a: Muk|Moody|boost\n|-boost|p1a: Muk|atk|1\n|-unboost|p1a: Muk|spe|1\n|upkeep\n|turn|38\n|\n|t:|1776461265\n|cant|p1a: Muk|slp\n|move|p2b: Zamazenta|Body Press|p1a: Muk\n|-damage|p1a: Muk|84/100 slp\n|\n|-ability|p1a: Muk|Moody|boost\n|-boost|p1a: Muk|spe|1\n|-unboost|p1a: Muk|spd|1\n|upkeep\n|turn|39\n|\n|t:|1776461266\n|-curestatus|p1a: Muk|slp|[msg]\n|move|p1a: Muk|Rest|p1a: Muk\n|-status|p1a: Muk|slp|[from] move: Rest\n|-heal|p1a: Muk|100/100 slp|[silent]\n|move|p2b: Zamazenta|Body Press|p1a: Muk|[miss]\n|-miss|p2b: Zamazenta|p1a: Muk\n|\n|-ability|p1a: Muk|Moody|boost\n|-boost|p1a: Muk|spd|2\n|-unboost|p1a: Muk|def|1\n|upkeep\n|turn|40\n|\n|t:|1776461273\n|cant|p1a: Muk|slp\n|move|p2b: Zamazenta|Body Press|p1a: Muk|[miss]\n|-miss|p2b: Zamazenta|p1a: Muk\n|\n|-ability|p1a: Muk|Moody|boost\n|-boost|p1a: Muk|spd|2\n|-unboost|p1a: Muk|spe|1\n|upkeep\n|turn|41\n|\n|t:|1776461275\n|cant|p1a: Muk|slp\n|move|p2b: Zamazenta|Body Press|p1a: Muk|[miss]\n|-miss|p2b: Zamazenta|p1a: Muk\n|\n|-ability|p1a: Muk|Moody|boost\n|-boost|p1a: Muk|def|1\n|-unboost|p1a: Muk|spa|1\n|upkeep\n|turn|42\n|\n|t:|1776461279\n|-curestatus|p1a: Muk|slp|[msg]\n|move|p1a: Muk|Poison Jab|p2b: Zamazenta\n|-immune|p2b: Zamazenta\n|move|p2b: Zamazenta|Body Press|p1a: Muk|[miss]\n|-miss|p2b: Zamazenta|p1a: Muk\n|\n|-ability|p1a: Muk|Moody|boost\n|-boost|p1a: Muk|spa|1\n|-unboost|p1a: Muk|spd|1\n|upkeep\n|turn|43\n|\n|t:|1776461281\n|move|p1a: Muk|Poison Jab|p2b: Zamazenta\n|-immune|p2b: Zamazenta\n|move|p2b: Zamazenta|Body Press|p1a: Muk|[miss]\n|-miss|p2b: Zamazenta|p1a: Muk\n|\n|-ability|p1a: Muk|Moody|boost\n|-boost|p1a: Muk|spe|1\n|-unboost|p1a: Muk|spa|1\n|upkeep\n|turn|44\n|\n|t:|1776461286\n|move|p1a: Muk|Poison Jab|p2b: Zamazenta\n|-immune|p2b: Zamazenta\n|move|p2b: Zamazenta|Body Press|p1a: Muk|[miss]\n|-miss|p2b: Zamazenta|p1a: Muk\n|\n|-ability|p1a: Muk|Moody|boost\n|-boost|p1a: Muk|spd|1\n|-unboost|p1a: Muk|atk|1\n|upkeep\n|turn|45\n|\n|t:|1776461299\n|move|p1a: Muk|Poison Jab|p2b: Zamazenta\n|-immune|p2b: Zamazenta\n|move|p2b: Zamazenta|Body Press|p1a: Muk|[miss]\n|-miss|p2b: Zamazenta|p1a: Muk\n|\n|-ability|p1a: Muk|Moody|boost\n|-boost|p1a: Muk|atk|1\n|-unboost|p1a: Muk|spe|1\n|upkeep\n|turn|46\n|\n|t:|1776461302\n|move|p1a: Muk|Poison Jab|p2b: Zamazenta\n|-immune|p2b: Zamazenta\n|move|p2b: Zamazenta|Body Press|p1a: Muk\n|-damage|p1a: Muk|92/100\n|\n|-ability|p1a: Muk|Moody|boost\n|-boost|p1a: Muk|spe|1\n|-unboost|p1a: Muk|def|1\n|upkeep\n|turn|47\n|c|\u2606kobeniponi|zzz\n|-message|kobeniponi forfeited.\n|\n|win|BenSon_A27_Zong\n|raw|BenSon_A27_Zong's rating: 1275 &rarr; <strong>1294</strong><br />(+19 for winning)\n|raw|kobeniponi's rating: 1197 &rarr; <strong>1178</strong><br />(-19 for losing)\n|l|\u2606kobeniponi\n|player|p2|\n|l|\u2606BenSon_A27_Zong\n|player|p1|\n","uploadtime":1776461541,"views":7,"formatid":"gen9vgc2026regi","rating":1178,"private":0,"password":null}