{"id":"gen9vgc2026regi-2555915273","format":"[Gen 9] VGC 2026 Reg I","players":["tastier","ArisHazard"],"log":"|j|\u2606tastier\n|j|\u2606ArisHazard\n|t:|1773151616\n|gametype|doubles\n|player|p1|tastier|266|1337\n|player|p2|ArisHazard|2|1403\n|gen|9\n|tier|[Gen 9] VGC 2026 Reg I\n|rated|\n|rule|Species Clause: Limit one of each Pok\u00e9mon\n|rule|Item Clause: Limit 1 of each item\n|clearpoke\n|poke|p1|Calyrex-Ice, L50|\n|poke|p1|Miraidon, L50|\n|poke|p1|Iron Hands, L50|\n|poke|p1|Grimmsnarl, L50, M|\n|poke|p1|Mienshao, L50, M|\n|poke|p1|Ursaluna, L50, F|\n|poke|p2|Calyrex-Ice, L50|\n|poke|p2|Urshifu-*, L50, M|\n|poke|p2|Miraidon, L50|\n|poke|p2|Tornadus, L50, M|\n|poke|p2|Sableye, L50, M|\n|poke|p2|Ting-Lu, L50|\n|teampreview|4\n|inactive|Battle timer is ON: inactive players will automatically lose when time's up. (requested by tastier)\n|inactive|ArisHazard has 60 seconds left.\n|\n|t:|1773151667\n|teamsize|p1|4\n|teamsize|p2|4\n|start\n|switch|p1a: Calyrex|Calyrex-Ice, L50|100/100\n|switch|p1b: Mienshao|Mienshao, L50, M|100/100\n|switch|p2a: Calyrex|Calyrex-Ice, L50|100/100\n|switch|p2b: Sableye|Sableye, L50, M|100/100\n|-ability|p1a: Calyrex|As One\n|-ability|p1a: Calyrex|Unnerve\n|-ability|p2a: Calyrex|As One\n|-ability|p2a: Calyrex|Unnerve\n|turn|1\n|\n|t:|1773151691\n|-terastallize|p1a: Calyrex|Fire\n|move|p2b: Sableye|Protect|p2b: Sableye\n|-singleturn|p2b: Sableye|Protect\n|move|p1b: Mienshao|Fake Out|p2a: Calyrex\n|-damage|p2a: Calyrex|91/100\n|move|p1a: Calyrex|Glacial Lance|p2b: Sableye|[spread] p2a\n|-activate|p2b: Sableye|move: Protect\n|-resisted|p2a: Calyrex\n|-damage|p2a: Calyrex|73/100\n|cant|p2a: Calyrex|flinch\n|\n|upkeep\n|turn|2\n|\n|t:|1773151708\n|move|p2b: Sableye|Disable|p1a: Calyrex\n|-start|p1a: Calyrex|Disable|Glacial Lance\n|move|p1b: Mienshao|Knock Off|p2a: Calyrex\n|-supereffective|p2a: Calyrex\n|-damage|p2a: Calyrex|31/100\n|-enditem|p2a: Calyrex|Clear Amulet|[from] move: Knock Off|[of] p1b: Mienshao\n|cant|p1a: Calyrex|Disable|Glacial Lance\n|move|p2a: Calyrex|Glacial Lance|p1a: Calyrex|[spread] p1a,p1b\n|-resisted|p1a: Calyrex\n|-damage|p1a: Calyrex|84/100\n|-enditem|p1b: Mienshao|Focus Sash\n|-damage|p1b: Mienshao|1/100\n|\n|upkeep\n|turn|3\n|\n|t:|1773151728\n|-terastallize|p2a: Calyrex|Fire\n|move|p2b: Sableye|Encore|p1a: Calyrex\n|-start|p1a: Calyrex|Encore\n|move|p1b: Mienshao|Close Combat|p2a: Calyrex\n|-damage|p2a: Calyrex|0 fnt\n|-unboost|p1b: Mienshao|def|1\n|-unboost|p1b: Mienshao|spd|1\n|faint|p2a: Calyrex\n|cant|p1a: Calyrex|Disable|Glacial Lance\n|\n|upkeep\n|\n|t:|1773151741\n|switch|p2a: Miraidon|Miraidon, L50|100/100\n|-fieldstart|move: Electric Terrain|[from] ability: Hadron Engine|[of] p2a: Miraidon\n|turn|4\n|\n|t:|1773151752\n|switch|p1a: Miraidon|Miraidon, L50|100/100\n|-activate|p1a: Miraidon|ability: Hadron Engine\n|move|p2a: Miraidon|Volt Switch|p1b: Mienshao\n|-damage|p1b: Mienshao|0 fnt\n|faint|p1b: Mienshao\n|\n|t:|1773151760\n|switch|p2a: Ting-Lu|Ting-Lu, L50|100/100|[from] Volt Switch\n|-ability|p2a: Ting-Lu|Vessel of Ruin\n|move|p2b: Sableye|Foul Play|p1a: Miraidon\n|-damage|p1a: Miraidon|73/100\n|\n|upkeep\n|\n|t:|1773151769\n|switch|p1b: Iron Hands|Iron Hands, L50|100/100\n|-activate|p1b: Iron Hands|ability: Quark Drive\n|-start|p1b: Iron Hands|quarkdriveatk\n|turn|5\n|\n|t:|1773151787\n|move|p2b: Sableye|Protect|p2b: Sableye\n|-singleturn|p2b: Sableye|Protect\n|move|p2a: Ting-Lu|Protect|p2a: Ting-Lu\n|-singleturn|p2a: Ting-Lu|Protect\n|move|p1a: Miraidon|Dazzling Gleam|p2a: Ting-Lu|[spread] \n|-activate|p2a: Ting-Lu|move: Protect\n|-activate|p2b: Sableye|move: Protect\n|move|p1b: Iron Hands|Thunder Punch|p2b: Sableye\n|-activate|p2b: Sableye|move: Protect\n|\n|upkeep\n|turn|6\n|\n|t:|1773151804\n|move|p2b: Sableye|Disable|p1a: Miraidon\n|-start|p1a: Miraidon|Disable|Dazzling Gleam\n|cant|p1a: Miraidon|Disable|Dazzling Gleam\n|move|p1b: Iron Hands|Thunder Punch|p2b: Sableye\n|-damage|p2b: Sableye|20/100\n|-enditem|p2b: Sableye|Sitrus Berry|[eat]\n|-heal|p2b: Sableye|45/100|[from] item: Sitrus Berry\n|move|p2a: Ting-Lu|Sand Tomb|p1b: Iron Hands|[miss]\n|-miss|p2a: Ting-Lu|p1b: Iron Hands\n|\n|upkeep\n|turn|7\n|\n|t:|1773151826\n|switch|p1a: Calyrex|Calyrex-Ice, L50, tera:Fire|84/100\n|-ability|p1a: Calyrex|As One\n|-ability|p1a: Calyrex|Unnerve\n|move|p2b: Sableye|Protect|p2b: Sableye\n|-singleturn|p2b: Sableye|Protect\n|move|p1b: Iron Hands|Close Combat|p2a: Ting-Lu\n|-supereffective|p2a: Ting-Lu\n|-damage|p2a: Ting-Lu|3/100\n|-unboost|p1b: Iron Hands|def|1\n|-unboost|p1b: Iron Hands|spd|1\n|-damage|p1b: Iron Hands|84/100|[from] item: Rocky Helmet|[of] p2a: Ting-Lu\n|move|p2a: Ting-Lu|Sand Tomb|p1a: Calyrex\n|-supereffective|p1a: Calyrex\n|-damage|p1a: Calyrex|69/100\n|-activate|p1a: Calyrex|move: Sand Tomb|[of] p2a: Ting-Lu\n|\n|-damage|p1a: Calyrex|57/100|[from] move: Sand Tomb|[partiallytrapped]\n|upkeep\n|turn|8\n|\n|t:|1773151850\n|move|p2b: Sableye|Protect||[still]\n|-fail|p2b: Sableye\n|move|p2a: Ting-Lu|Protect|p2a: Ting-Lu\n|-singleturn|p2a: Ting-Lu|Protect\n|move|p1a: Calyrex|Glacial Lance|p2b: Sableye|[spread] p2b\n|-activate|p2a: Ting-Lu|move: Protect\n|-damage|p2b: Sableye|0 fnt\n|faint|p2b: Sableye\n|-ability|p1a: Calyrex|Chilling Neigh|boost\n|-boost|p1a: Calyrex|atk|1\n|move|p1b: Iron Hands|Thunder Punch|p2a: Ting-Lu\n|-activate|p2a: Ting-Lu|move: Protect\n|\n|-damage|p1a: Calyrex|44/100|[from] move: Sand Tomb|[partiallytrapped]\n|-fieldend|move: Electric Terrain\n|-end|p1b: Iron Hands|Quark Drive\n|upkeep\n|-message|ArisHazard forfeited.\n|\n|win|tastier\n|raw|tastier's rating: 1337 &rarr; <strong>1361</strong><br />(+24 for winning)\n|raw|ArisHazard's rating: 1403 &rarr; <strong>1379</strong><br />(-24 for losing)\n|l|\u2606ArisHazard\n|player|p2|\n|l|\u2606tastier\n|player|p1|\n","uploadtime":1773152050,"views":17,"formatid":"gen9vgc2026regi","rating":1361,"private":0,"password":null}