{"id":"gen9vgc2026regi-2570205823","format":"[Gen 9] VGC 2026 Reg I","players":["sunny_zong2","Crlg92"],"log":"|j|\u2606sunny_zong2\n|j|\u2606Crlg92\n|t:|1774788401\n|gametype|doubles\n|player|p1|sunny_zong2|170|1161\n|player|p2|Crlg92|lucas|1193\n|gen|9\n|tier|[Gen 9] VGC 2026 Reg I\n|rated|\n|rule|Species Clause: Limit one of each Pok\u00e9mon\n|rule|Item Clause: Limit 1 of each item\n|clearpoke\n|poke|p1|Glimmora, L50, M|\n|poke|p1|Eternatus, L50|\n|poke|p1|Miraidon, L50|\n|poke|p1|Muk-Alola, L50, F|\n|poke|p1|Incineroar, L50, M|\n|poke|p1|Grimmsnarl, L50, M|\n|poke|p2|Ogerpon-Wellspring, L50, F|\n|poke|p2|Incineroar, L50, M|\n|poke|p2|Raging Bolt, L50|\n|poke|p2|Calyrex-Shadow, L50|\n|poke|p2|Whimsicott, L50, F|\n|poke|p2|Miraidon, L50|\n|teampreview|4\n|inactive|Battle timer is ON: inactive players will automatically lose when time's up. (requested by sunny_zong2)\n|inactive|sunny_zong2 has 60 seconds left.\n|inactive|Crlg92 has 60 seconds left.\n|\n|t:|1774788434\n|teamsize|p1|4\n|teamsize|p2|4\n|start\n|switch|p1a: Grimmsnarl|Grimmsnarl, L50, M|100/100\n|switch|p1b: Incineroar|Incineroar, L50, M|100/100\n|switch|p2a: Incineroar|Incineroar, L50, M|100/100\n|switch|p2b: Miraidon|Miraidon, L50|100/100\n|-fieldstart|move: Electric Terrain|[from] ability: Hadron Engine|[of] p2b: Miraidon\n|-ability|p1b: Incineroar|Intimidate|boost\n|-unboost|p2a: Incineroar|atk|1\n|-unboost|p2b: Miraidon|atk|1\n|-ability|p2a: Incineroar|Intimidate|boost\n|-unboost|p1a: Grimmsnarl|atk|1\n|-unboost|p1b: Incineroar|atk|1\n|turn|1\n|inactive|Crlg92 has 30 seconds left.\n|\n|t:|1774788463\n|-terastallize|p2b: Miraidon|Fairy\n|move|p1b: Incineroar|Fake Out|p2b: Miraidon\n|-damage|p2b: Miraidon|93/100\n|move|p2a: Incineroar|Fake Out|p1a: Grimmsnarl\n|-damage|p1a: Grimmsnarl|92/100\n|cant|p1a: Grimmsnarl|flinch\n|cant|p2b: Miraidon|flinch\n|\n|upkeep\n|turn|2\n|\n|t:|1774788481\n|move|p1a: Grimmsnarl|Light Screen|p1a: Grimmsnarl\n|-sidestart|p1: sunny_zong2|move: Light Screen\n|move|p2b: Miraidon|Dazzling Gleam|p1a: Grimmsnarl|[spread] p1a,p1b\n|-supereffective|p1a: Grimmsnarl\n|-damage|p1a: Grimmsnarl|26/100\n|-damage|p1b: Incineroar|56/100\n|move|p1b: Incineroar|Parting Shot|p2b: Miraidon\n|-unboost|p2b: Miraidon|atk|1\n|-unboost|p2b: Miraidon|spa|1\n|\n|t:|1774788485\n|switch|p1b: Glimmora|Glimmora, L50, M|100/100|[from] Parting Shot\n|move|p2a: Incineroar|U-turn|p1a: Grimmsnarl\n|-damage|p1a: Grimmsnarl|11/100\n|\n|t:|1774788498\n|switch|p2a: Calyrex|Calyrex-Shadow, L50|100/100|[from] U-turn\n|-ability|p2a: Calyrex|As One\n|-ability|p2a: Calyrex|Unnerve\n|\n|upkeep\n|turn|3\n|\n|t:|1774788514\n|move|p1a: Grimmsnarl|Thunder Wave|p2a: Calyrex\n|-status|p2a: Calyrex|par\n|move|p2b: Miraidon|Dazzling Gleam|p1b: Glimmora|[spread] p1a,p1b\n|-supereffective|p1a: Grimmsnarl\n|-resisted|p1b: Glimmora\n|-damage|p1a: Grimmsnarl|0 fnt\n|-damage|p1b: Glimmora|78/100\n|faint|p1a: Grimmsnarl\n|move|p1b: Glimmora|Sludge Bomb|p2b: Miraidon\n|-supereffective|p2b: Miraidon\n|-damage|p2b: Miraidon|4/100\n|move|p2a: Calyrex|Astral Barrage|p1b: Glimmora\n|-damage|p1b: Glimmora|0 fnt\n|faint|p1b: Glimmora\n|-ability|p2a: Calyrex|Grim Neigh|boost\n|-boost|p2a: Calyrex|spa|1\n|-damage|p2a: Calyrex|91/100 par|[from] item: Life Orb\n|\n|upkeep\n|\n|t:|1774788516\n|switch|p1b: Incineroar|Incineroar, L50, M|56/100\n|switch|p1a: Eternatus|Eternatus, L50|100/100\n|-ability|p1a: Eternatus|Pressure\n|-ability|p1b: Incineroar|Intimidate|boost\n|-unboost|p2a: Calyrex|atk|1\n|-unboost|p2b: Miraidon|atk|1\n|turn|4\n|inactive|Crlg92 has 30 seconds left.\n|\n|t:|1774788542\n|move|p2b: Miraidon|Dazzling Gleam|p1b: Incineroar|[spread] p1a,p1b\n|-damage|p1a: Eternatus|82/100\n|-damage|p1b: Incineroar|27/100\n|move|p1a: Eternatus|Cosmic Power|p1a: Eternatus\n|-boost|p1a: Eternatus|def|1\n|-boost|p1a: Eternatus|spd|1\n|cant|p2a: Calyrex|par\n|move|p1b: Incineroar|Darkest Lariat|p2a: Calyrex\n|-supereffective|p2a: Calyrex\n|-damage|p2a: Calyrex|0 fnt\n|faint|p2a: Calyrex\n|\n|-heal|p1a: Eternatus|88/100|[from] item: Leftovers\n|upkeep\n|\n|t:|1774788562\n|switch|p2a: Raging Bolt|Raging Bolt, L50|100/100\n|-enditem|p2a: Raging Bolt|Booster Energy\n|-activate|p2a: Raging Bolt|ability: Protosynthesis|[fromitem]\n|-start|p2a: Raging Bolt|protosynthesisspa\n|turn|5\n|\n|t:|1774788579\n|-terastallize|p1a: Eternatus|Grass\n|move|p2b: Miraidon|Dazzling Gleam|p1a: Eternatus|[spread] p1a,p1b\n|-damage|p1a: Eternatus|76/100\n|-damage|p1b: Incineroar|0 fnt\n|faint|p1b: Incineroar\n|move|p1a: Eternatus|Cosmic Power|p1a: Eternatus\n|-boost|p1a: Eternatus|def|1\n|-boost|p1a: Eternatus|spd|1\n|move|p2a: Raging Bolt|Draco Meteor|p1a: Eternatus\n|-damage|p1a: Eternatus|53/100\n|-unboost|p2a: Raging Bolt|spa|2\n|\n|-heal|p1a: Eternatus|59/100|[from] item: Leftovers\n|-fieldend|move: Electric Terrain\n|upkeep\n|turn|6\n|\n|t:|1774788602\n|-end|p2a: Raging Bolt|Protosynthesis|[silent]\n|switch|p2a: Incineroar|Incineroar, L50, M|100/100\n|-ability|p2a: Incineroar|Intimidate|boost\n|-unboost|p1a: Eternatus|atk|1\n|move|p2b: Miraidon|Dazzling Gleam|p1a: Eternatus\n|-damage|p1a: Eternatus|50/100\n|move|p1a: Eternatus|Sludge Bomb|p2b: Miraidon\n|-supereffective|p2b: Miraidon\n|-damage|p2b: Miraidon|0 fnt\n|faint|p2b: Miraidon\n|\n|-heal|p1a: Eternatus|56/100|[from] item: Leftovers\n|upkeep\n|\n|t:|1774788616\n|switch|p2b: Raging Bolt|Raging Bolt, L50|100/100\n|turn|7\n|\n|t:|1774788632\n|move|p1a: Eternatus|Protect|p1a: Eternatus\n|-singleturn|p1a: Eternatus|Protect\n|move|p2b: Raging Bolt|Rising Voltage|p1a: Eternatus\n|-activate|p1a: Eternatus|move: Protect\n|move|p2a: Incineroar|Knock Off|p1a: Eternatus\n|-activate|p1a: Eternatus|move: Protect\n|\n|-heal|p1a: Eternatus|62/100|[from] item: Leftovers\n|upkeep\n|turn|8\n|-message|Crlg92 forfeited.\n|\n|win|sunny_zong2\n|raw|sunny_zong2's rating: 1161 &rarr; <strong>1188</strong><br />(+27 for winning)\n|raw|Crlg92's rating: 1193 &rarr; <strong>1166</strong><br />(-27 for losing)\n|l|\u2606Crlg92\n|player|p2|\n|l|\u2606sunny_zong2\n|player|p1|\n","uploadtime":1774788900,"views":10,"formatid":"gen9vgc2026regi","rating":1166,"private":0,"password":null}