{"id":"gen9vgc2026regi-2573641602","format":"[Gen 9] VGC 2026 Reg I","players":["whypurple","sunny_zong3"],"log":"|j|\u2606whypurple\n|j|\u2606sunny_zong3\n|t:|1775153093\n|gametype|doubles\n|player|p1|whypurple|will|1147\n|player|p2|sunny_zong3|1|1222\n|gen|9\n|tier|[Gen 9] VGC 2026 Reg I\n|rated|\n|rule|Species Clause: Limit one of each Pok\u00e9mon\n|rule|Item Clause: Limit 1 of each item\n|clearpoke\n|poke|p1|Calyrex-Shadow, L50|\n|poke|p1|Koraidon, L50|\n|poke|p1|Flutter Mane, L50|\n|poke|p1|Urshifu-*, L50, F|\n|poke|p1|Probopass, L50, M|\n|poke|p1|Whimsicott, L50, F|\n|poke|p2|Typhlosion-Hisui, L50, M|\n|poke|p2|Miraidon, L50|\n|poke|p2|Calyrex-Shadow, L50|\n|poke|p2|Ursaluna, L50, M|\n|poke|p2|Incineroar, L50, M|\n|poke|p2|Murkrow, L50, M|\n|teampreview|4\n|inactive|Battle timer is ON: inactive players will automatically lose when time's up. (requested by whypurple)\n|inactive|sunny_zong3 also wants the timer to be on.\n|inactive|whypurple has 60 seconds left.\n|\n|t:|1775153124\n|teamsize|p1|4\n|teamsize|p2|4\n|start\n|switch|p1a: Fear|Calyrex-Shadow, L50|100/100\n|switch|p1b: Savior|Probopass, L50, M|100/100\n|switch|p2a: Murkrow|Murkrow, L50, M|100/100\n|switch|p2b: Miraidon|Miraidon, L50|100/100\n|-ability|p1a: Fear|As One\n|-ability|p1a: Fear|Unnerve\n|-fieldstart|move: Electric Terrain|[from] ability: Hadron Engine|[of] p2b: Miraidon\n|turn|1\n|inactive|whypurple has 30 seconds left.\n|inactive|sunny_zong3 has 30 seconds left.\n|inactive|whypurple has 20 seconds left.\n|inactive|sunny_zong3 has 20 seconds left.\n|inactive|whypurple has 15 seconds left.\n|inactive|sunny_zong3 has 15 seconds left.\n|inactive|whypurple has 10 seconds left.\n|inactive|sunny_zong3 has 10 seconds left.\n|\n|t:|1775153172\n|switch|p2b: Ursaluna|Ursaluna, L50, M|100/100\n|move|p2a: Murkrow|Taunt|p1b: Savior\n|-start|p1b: Savior|move: Taunt\n|move|p1a: Fear|Astral Barrage|p2b: Ursaluna|[spread] p2a\n|-immune|p2b: Ursaluna\n|-resisted|p2a: Murkrow\n|-damage|p2a: Murkrow|3/100\n|move|p1b: Savior|Body Press|p2b: Ursaluna\n|-supereffective|p2b: Ursaluna\n|-damage|p2b: Ursaluna|57/100\n|\n|-status|p2b: Ursaluna|brn|[from] item: Flame Orb\n|upkeep\n|turn|2\n|\n|t:|1775153193\n|switch|p1a: Envy|Flutter Mane, L50|100/100\n|move|p2b: Ursaluna|Protect|p2b: Ursaluna\n|-singleturn|p2b: Ursaluna|Protect\n|move|p2a: Murkrow|Tailwind|p2a: Murkrow\n|-sidestart|p2: sunny_zong3|move: Tailwind\n|move|p1b: Savior|Body Press|p2a: Murkrow\n|-crit|p2a: Murkrow\n|-damage|p2a: Murkrow|0 fnt\n|faint|p2a: Murkrow\n|\n|-damage|p2b: Ursaluna|52/100 brn|[from] brn\n|upkeep\n|\n|t:|1775153199\n|switch|p2a: Calyrex|Calyrex-Shadow, L50|100/100\n|-ability|p2a: Calyrex|As One\n|-ability|p2a: Calyrex|Unnerve\n|turn|3\n|inactive|whypurple has 30 seconds left.\n|inactive|sunny_zong3 has 30 seconds left.\n|\n|t:|1775153229\n|-terastallize|p2a: Calyrex|Dark\n|move|p2a: Calyrex|Astral Barrage|p1a: Envy|[spread] p1a,p1b\n|-supereffective|p1a: Envy\n|-enditem|p1a: Envy|Focus Sash\n|-damage|p1a: Envy|1/100\n|-damage|p1b: Savior|54/100\n|-damage|p2a: Calyrex|91/100|[from] item: Life Orb\n|move|p1a: Envy|Icy Wind|p2b: Ursaluna|[spread] p2a,p2b\n|-supereffective|p2b: Ursaluna\n|-damage|p2a: Calyrex|75/100\n|-damage|p2b: Ursaluna|28/100 brn\n|-unboost|p2a: Calyrex|spe|1\n|-unboost|p2b: Ursaluna|spe|1\n|move|p2b: Ursaluna|Headlong Rush|p1b: Savior\n|-supereffective|p1b: Savior\n|-damage|p1b: Savior|0 fnt\n|-unboost|p2b: Ursaluna|def|1\n|-unboost|p2b: Ursaluna|spd|1\n|faint|p1b: Savior\n|\n|-damage|p2b: Ursaluna|22/100 brn|[from] brn\n|upkeep\n|\n|t:|1775153247\n|switch|p1b: Wrath|Koraidon, L50|100/100\n|-weather|SunnyDay|[from] ability: Orichalcum Pulse|[of] p1b: Wrath\n|-activate|p1a: Envy|ability: Protosynthesis\n|-start|p1a: Envy|protosynthesisspe\n|-activate|p1b: Wrath|Orichalcum Pulse|[source]\n|turn|4\n|\n|t:|1775153256\n|switch|p2b: Miraidon|Miraidon, L50|100/100\n|-activate|p2b: Miraidon|ability: Hadron Engine\n|move|p1a: Envy|Moonblast|p2a: Calyrex\n|-supereffective|p2a: Calyrex\n|-damage|p2a: Calyrex|0 fnt\n|faint|p2a: Calyrex\n|move|p1b: Wrath|Flame Charge|p2b: Miraidon\n|-resisted|p2b: Miraidon\n|-damage|p2b: Miraidon|78/100\n|-boost|p1b: Wrath|spe|1\n|-damage|p1b: Wrath|91/100|[from] item: Life Orb\n|\n|-weather|SunnyDay|[upkeep]\n|upkeep\n|\n|t:|1775153259\n|switch|p2a: Ursaluna|Ursaluna, L50, M|22/100 brn\n|turn|5\n|\n|t:|1775153280\n|-terastallize|p1b: Wrath|Fire\n|move|p2b: Miraidon|Dazzling Gleam|p1a: Envy|[spread] p1a,p1b\n|-resisted|p1b: Wrath\n|-damage|p1a: Envy|0 fnt\n|-damage|p1b: Wrath|69/100\n|faint|p1a: Envy\n|-end|p1a: Envy|Protosynthesis|[silent]\n|move|p1b: Wrath|Flame Charge|p2a: Ursaluna\n|-damage|p2a: Ursaluna|0 fnt\n|-boost|p1b: Wrath|spe|1\n|faint|p2a: Ursaluna\n|-damage|p1b: Wrath|59/100|[from] item: Life Orb\n|\n|-weather|SunnyDay|[upkeep]\n|-sideend|p2: sunny_zong3|move: Tailwind\n|-fieldend|move: Electric Terrain\n|upkeep\n|\n|t:|1775153290\n|switch|p1a: Fear|Calyrex-Shadow, L50|100/100\n|-ability|p1a: Fear|As One\n|-ability|p1a: Fear|Unnerve\n|turn|6\n|\n|t:|1775153302\n|move|p1b: Wrath|Close Combat|p2b: Miraidon\n|-damage|p2b: Miraidon|0 fnt\n|-unboost|p1b: Wrath|def|1\n|-unboost|p1b: Wrath|spd|1\n|faint|p2b: Miraidon\n|-damage|p1b: Wrath|50/100|[from] item: Life Orb\n|\n|win|whypurple\n|raw|whypurple's rating: 1147 &rarr; <strong>1177</strong><br />(+30 for winning)\n|raw|sunny_zong3's rating: 1222 &rarr; <strong>1192</strong><br />(-30 for losing)\n|l|\u2606sunny_zong3\n|player|p2|\n|l|\u2606whypurple\n|player|p1|\n","uploadtime":1775153469,"views":12,"formatid":"gen9vgc2026regi","rating":1177,"private":0,"password":null}