{"id":"gen9vgc2026regi-2560481968","format":"[Gen 9] VGC 2026 Reg I","players":["SonPabloZ","firefalls"],"log":"|j|\u2606SonPabloZ\n|j|\u2606firefalls\n|t:|1773692043\n|gametype|doubles\n|player|p1|SonPabloZ|2|1048\n|player|p2|firefalls|n|1000\n|gen|9\n|tier|[Gen 9] VGC 2026 Reg I\n|rated|\n|rule|Species Clause: Limit one of each Pok\u00e9mon\n|rule|Item Clause: Limit 1 of each item\n|clearpoke\n|poke|p1|Ursaluna, L50, F|\n|poke|p1|Ho-Oh, L50|\n|poke|p1|Farigiraf, L50, F|\n|poke|p1|Miraidon, L50|\n|poke|p1|Iron Hands, L50|\n|poke|p1|Grimmsnarl, L50, M|\n|poke|p2|Calyrex-Ice, L50|\n|poke|p2|Terapagos, L50, M|\n|poke|p2|Talonflame, L50, M|\n|poke|p2|Ursaluna, L50, M|\n|poke|p2|Incineroar, L50, F|\n|poke|p2|Scream Tail, L50|\n|teampreview|4\nfirefalls rejected open team sheets.\n|inactive|Battle timer is ON: inactive players will automatically lose when time's up. (requested by firefalls)\n|\n|t:|1773692077\n|teamsize|p1|4\n|teamsize|p2|4\n|start\n|switch|p1a: Grimmsnarl|Grimmsnarl, L50, M|100/100\n|switch|p1b: Iron Hands|Iron Hands, L50|100/100\n|switch|p2a: Talonflame|Talonflame, L50, M|100/100\n|switch|p2b: Calyrex|Calyrex-Ice, L50|100/100\n|-ability|p2b: Calyrex|As One\n|-ability|p2b: Calyrex|Unnerve\n|turn|1\n|inactive|firefalls has 30 seconds left.\n|\n|t:|1773692105\n|switch|p2b: Ursaluna|Ursaluna, L50, M|100/100\n|move|p2a: Talonflame|Tailwind|p2a: Talonflame\n|-sidestart|p2: firefalls|move: Tailwind\n|move|p1a: Grimmsnarl|Parting Shot|p2b: Ursaluna\n|-unboost|p2b: Ursaluna|atk|1\n|-unboost|p2b: Ursaluna|spa|1\n|\n|t:|1773692115\n|switch|p1a: Ho-Oh|Ho-Oh, L50|100/100|[from] Parting Shot\n|move|p1b: Iron Hands|Wild Charge|p2a: Talonflame\n|-supereffective|p2a: Talonflame\n|-damage|p2a: Talonflame|6/100\n|-damage|p1b: Iron Hands|84/100|[from] Recoil\n|\n|-status|p2b: Ursaluna|brn|[from] item: Flame Orb\n|upkeep\n|turn|2\n|inactive|firefalls has 30 seconds left.\n|inactive|firefalls has 20 seconds left.\n|\n|t:|1773692150\n|move|p2a: Talonflame|Air Slash|p1a: Ho-Oh\n|-damage|p1a: Ho-Oh|86/100\n|move|p2b: Ursaluna|Facade|p1a: Ho-Oh\n|-damage|p1a: Ho-Oh|5/100\n|move|p1a: Ho-Oh|Tailwind|p1a: Ho-Oh\n|-sidestart|p1: SonPabloZ|move: Tailwind\n|move|p1b: Iron Hands|Low Kick|p2b: Ursaluna\n|-supereffective|p2b: Ursaluna\n|-damage|p2b: Ursaluna|0 fnt\n|faint|p2b: Ursaluna\n|\n|-heal|p1a: Ho-Oh|12/100|[from] item: Leftovers\n|upkeep\n|\n|t:|1773692174\n|switch|p2b: Calyrex|Calyrex-Ice, L50|100/100\n|-ability|p2b: Calyrex|As One\n|-ability|p2b: Calyrex|Unnerve\n|turn|3\n|inactive|firefalls has 30 seconds left.\n|\n|t:|1773692204\n|switch|p1a: Miraidon|Miraidon, L50|100/100\n|-fieldstart|move: Electric Terrain|[from] ability: Hadron Engine|[of] p1a: Miraidon\n|-activate|p1b: Iron Hands|ability: Quark Drive\n|-start|p1b: Iron Hands|quarkdriveatk\n|switch|p2a: Terapagos|Terapagos, L50, M|100/100\n|-activate|p2a: Terapagos|ability: Tera Shift\n|detailschange|p2a: Terapagos|Terapagos-Terastal, L50, M\n|-heal|p2a: Terapagos|100/100|[silent]\n|move|p2b: Calyrex|Glacial Lance|p1b: Iron Hands|[spread] p1a,p1b\n|-supereffective|p1a: Miraidon\n|-damage|p1a: Miraidon|0 fnt\n|-damage|p1b: Iron Hands|41/100\n|faint|p1a: Miraidon\n|-ability|p2b: Calyrex|Chilling Neigh|boost\n|-boost|p2b: Calyrex|atk|1\n|move|p1b: Iron Hands|Wild Charge|p2b: Calyrex\n|-damage|p2b: Calyrex|40/100\n|-damage|p1b: Iron Hands|30/100|[from] Recoil\n|\n|upkeep\n|inactive|SonPabloZ has 30 seconds left.\n|\n|t:|1773692234\n|switch|p1a: Ho-Oh|Ho-Oh, L50|45/100\n|turn|4\n|\n|t:|1773692246\n|-terastallize|p2a: Terapagos|Stellar\n|detailschange|p2a: Terapagos|Terapagos-Stellar, L50, M, tera:Stellar\n|-heal|p2a: Terapagos|100/100|[silent]\n|-ability|p2a: Terapagos|Teraform Zero\n|-fieldend|move: Electric Terrain\n|-end|p1b: Iron Hands|Quark Drive\n|move|p1a: Ho-Oh|Sacred Fire|p2b: Calyrex\n|-supereffective|p2b: Calyrex\n|-damage|p2b: Calyrex|0 fnt\n|faint|p2b: Calyrex\n|move|p2a: Terapagos|Tera Starstorm|p1b: Iron Hands|[spread] p1a,p1b\n|-damage|p1a: Ho-Oh|2/100\n|-damage|p1b: Iron Hands|0 fnt\n|faint|p1b: Iron Hands\n|-end|p1b: Iron Hands|Quark Drive|[silent]\n|\n|-heal|p1a: Ho-Oh|8/100|[from] item: Leftovers\n|-sideend|p2: firefalls|move: Tailwind\n|upkeep\n|\n|t:|1773692263\n|switch|p2b: Talonflame|Talonflame, L50, M|6/100\n|switch|p1b: Grimmsnarl|Grimmsnarl, L50, M|100/100\n|turn|5\n|\n|t:|1773692283\n|move|p1a: Ho-Oh|Protect|p1a: Ho-Oh\n|-singleturn|p1a: Ho-Oh|Protect\n|move|p2b: Talonflame|Protect|p2b: Talonflame\n|-singleturn|p2b: Talonflame|Protect\n|move|p1b: Grimmsnarl|Spirit Break|p2b: Talonflame\n|-activate|p2b: Talonflame|move: Protect\n|move|p2a: Terapagos|Tera Starstorm|p1a: Ho-Oh|[spread] p1b\n|-activate|p1a: Ho-Oh|move: Protect\n|-damage|p1b: Grimmsnarl|50/100\n|\n|-heal|p1a: Ho-Oh|14/100|[from] item: Leftovers\n|-sideend|p1: SonPabloZ|move: Tailwind\n|upkeep\n|turn|6\n|\n|t:|1773692300\n|move|p1b: Grimmsnarl|Light Screen|p1b: Grimmsnarl\n|-sidestart|p1: SonPabloZ|move: Light Screen\n|move|p1a: Ho-Oh|Sacred Fire|p2a: Terapagos\n|-damage|p2a: Terapagos|66/100\n|-status|p2a: Terapagos|brn\n|move|p2b: Talonflame|Air Slash|p1b: Grimmsnarl\n|-damage|p1b: Grimmsnarl|39/100\n|move|p2a: Terapagos|Tera Starstorm|p1b: Grimmsnarl|[spread] p1a,p1b\n|-damage|p1a: Ho-Oh|0 fnt\n|-damage|p1b: Grimmsnarl|9/100\n|faint|p1a: Ho-Oh\n|\n|-damage|p2a: Terapagos|60/100 brn|[from] brn\n|upkeep\n|turn|7\n|\n|t:|1773692318\n|move|p1b: Grimmsnarl|Parting Shot|p2a: Terapagos\n|-unboost|p2a: Terapagos|atk|1\n|-unboost|p2a: Terapagos|spa|1\n|move|p2b: Talonflame|Air Slash|p1b: Grimmsnarl\n|-damage|p1b: Grimmsnarl|0 fnt\n|faint|p1b: Grimmsnarl\n|\n|win|firefalls\n|raw|SonPabloZ's rating: 1048 &rarr; <strong>1028</strong><br />(-20 for losing)\n|raw|firefalls's rating: 1000 &rarr; <strong>1045</strong><br />(+45 for winning)\n|l|\u2606SonPabloZ\n|player|p1|\n","uploadtime":1773692339,"views":14,"formatid":"gen9vgc2026regi","rating":1028,"private":0,"password":null}