{"id":"gen9vgc2026regi-2522406290","format":"[Gen 9] VGC 2026 Reg I","players":["lior97h","xiaoliyunVGC"],"log":"|j|\u2606lior97h\n|j|\u2606xiaoliyunVGC\n|t:|1768902574\n|gametype|doubles\n|player|p1|lior97h|lucas|1216\n|player|p2|xiaoliyunVGC|liko|1162\n|gen|9\n|tier|[Gen 9] VGC 2026 Reg I\n|rated|\n|rule|Species Clause: Limit one of each Pok\u00e9mon\n|rule|Item Clause: Limit 1 of each item\n|clearpoke\n|poke|p1|Zamazenta-*, L50|\n|poke|p1|Gengar, L50, F|\n|poke|p1|Whimsicott, L50, M|\n|poke|p1|Calyrex-Shadow, L50|\n|poke|p1|Sableye, L50, M|\n|poke|p1|Oranguru, L50, M|\n|poke|p2|Zamazenta-*, L50|\n|poke|p2|Kyogre, L50|\n|poke|p2|Raichu, L50, F|\n|poke|p2|Flutter Mane, L50|\n|poke|p2|Tornadus, L50, M|\n|poke|p2|Urshifu-*, L50, M|\n|teampreview|4\n|inactive|Battle timer is ON: inactive players will automatically lose when time's up. (requested by lior97h)\n|inactive|xiaoliyunVGC also wants the timer to be on.\n|\n|t:|1768902600\n|teamsize|p1|4\n|teamsize|p2|4\n|start\n|switch|p1a: Whimsicott|Whimsicott, L50, M|100/100\n|switch|p1b: Gengar|Gengar, L50, F|100/100\n|switch|p2a: Kyogre|Kyogre, L50|100/100\n|switch|p2b: Raichu|Raichu, L50, F|100/100\n|-weather|RainDance|[from] ability: Drizzle|[of] p2a: Kyogre\n|turn|1\n|inactive|lior97h has 30 seconds left.\n|inactive|lior97h has 20 seconds left.\n|inactive|lior97h has 15 seconds left.\n|inactive|lior97h has 10 seconds left.\n|\n|t:|1768902646\n|switch|p2a: Tornadus|Tornadus, L50, M|100/100\n|-terastallize|p1b: Gengar|Grass\n|move|p1a: Whimsicott|Endeavor|p2b: Raichu\n|-damage|p2b: Raichu|82/100\n|move|p2b: Raichu|Nuzzle|p1b: Gengar\n|-resisted|p1b: Gengar\n|-damage|p1b: Gengar|96/100\n|-status|p1b: Gengar|par\n|-start|p2b: Raichu|Disable|Nuzzle|[from] ability: Cursed Body|[of] p1b: Gengar\n|move|p1b: Gengar|Giga Drain|p2a: Tornadus\n|-resisted|p2a: Tornadus\n|-damage|p2a: Tornadus|84/100\n|-heal|p1b: Gengar|100/100 par|[from] drain|[of] p2a: Tornadus\n|\n|-weather|RainDance|[upkeep]\n|upkeep\n|turn|2\n|inactive|xiaoliyunVGC has 30 seconds left.\n|\n|t:|1768902676\n|switch|p2b: Zamazenta|Zamazenta-Crowned, L50, shiny|100/100\n|-ability|p2b: Zamazenta|Dauntless Shield|boost\n|-boost|p2b: Zamazenta|def|1\n|move|p1a: Whimsicott|Tailwind|p1a: Whimsicott\n|-sidestart|p1: lior97h|move: Tailwind\n|move|p2a: Tornadus|Tailwind|p2a: Tornadus\n|-sidestart|p2: xiaoliyunVGC|move: Tailwind\n|move|p1b: Gengar|Destiny Bond|p1b: Gengar\n|-singlemove|p1b: Gengar|Destiny Bond\n|\n|-weather|RainDance|[upkeep]\n|upkeep\n|turn|3\n|\n|t:|1768902698\n|move|p1a: Whimsicott|Endeavor|p2b: Zamazenta\n|-damage|p2b: Zamazenta|69/100\n|move|p2b: Zamazenta|Behemoth Bash|p1a: Whimsicott\n|-supereffective|p1a: Whimsicott\n|-enditem|p1a: Whimsicott|Focus Sash\n|-damage|p1a: Whimsicott|1/100\n|move|p2a: Tornadus|Bleakwind Storm|p1b: Gengar|[spread] p1a,p1b\n|-supereffective|p1a: Whimsicott\n|-supereffective|p1b: Gengar\n|-damage|p1a: Whimsicott|0 fnt\n|-damage|p1b: Gengar|18/100 par\n|-enditem|p1b: Gengar|Sitrus Berry|[eat]\n|-heal|p1b: Gengar|42/100 par|[from] item: Sitrus Berry\n|faint|p1a: Whimsicott\n|move|p1b: Gengar|Sludge Bomb|p2a: Tornadus\n|-damage|p2a: Tornadus|40/100\n|\n|-weather|RainDance|[upkeep]\n|upkeep\n|\n|t:|1768902717\n|switch|p1a: Zamazenta|Zamazenta-Crowned, L50|100/100\n|-ability|p1a: Zamazenta|Dauntless Shield|boost\n|-boost|p1a: Zamazenta|def|1\n|turn|4\n|\n|t:|1768902733\n|move|p2b: Zamazenta|Body Press|p1b: Gengar\n|-damage|p1b: Gengar|0 fnt\n|faint|p1b: Gengar\n|move|p1a: Zamazenta|Body Press|p2b: Zamazenta\n|-supereffective|p2b: Zamazenta\n|-damage|p2b: Zamazenta|11/100\n|move|p2a: Tornadus|Bleakwind Storm|p1a: Zamazenta\n|-damage|p1a: Zamazenta|68/100\n|\n|-weather|RainDance|[upkeep]\n|upkeep\n|\n|t:|1768902744\n|switch|p1b: Calyrex|Calyrex-Shadow, L50|100/100\n|-ability|p1b: Calyrex|As One\n|-ability|p1b: Calyrex|Unnerve\n|turn|5\n|\n|t:|1768902763\n|switch|p2a: Raichu|Raichu, L50, F|82/100\n|move|p2b: Zamazenta|Protect|p2b: Zamazenta\n|-singleturn|p2b: Zamazenta|Protect\n|move|p1b: Calyrex|Astral Barrage|p2b: Zamazenta|[spread] p2a\n|-activate|p2b: Zamazenta|move: Protect\n|-damage|p2a: Raichu|14/100\n|move|p1a: Zamazenta|Body Press|p2a: Raichu\n|-damage|p2a: Raichu|0 fnt\n|faint|p2a: Raichu\n|\n|-weather|none\n|-sideend|p1: lior97h|move: Tailwind\n|-sideend|p2: xiaoliyunVGC|move: Tailwind\n|upkeep\n|\n|t:|1768902767\n|switch|p2a: Tornadus|Tornadus, L50, M|40/100\n|turn|6\n|inactive|xiaoliyunVGC has 30 seconds left.\n|\n|t:|1768902804\n|move|p2b: Zamazenta|Wide Guard|p2b: Zamazenta\n|-singleturn|p2b: Zamazenta|Wide Guard\n|move|p2a: Tornadus|Tailwind|p2a: Tornadus\n|-sidestart|p2: xiaoliyunVGC|move: Tailwind\n|move|p1b: Calyrex|Astral Barrage|p2b: Zamazenta|[spread] \n|-activate|p2a: Tornadus|move: Wide Guard\n|-activate|p2b: Zamazenta|move: Wide Guard\n|move|p1a: Zamazenta|Iron Defense|p1a: Zamazenta\n|-boost|p1a: Zamazenta|def|2\n|\n|upkeep\n|turn|7\n|\n|t:|1768902821\n|move|p1b: Calyrex|Astral Barrage|p2a: Tornadus|[spread] p2a,p2b\n|-damage|p2a: Tornadus|0 fnt\n|-damage|p2b: Zamazenta|0 fnt\n|faint|p2a: Tornadus\n|faint|p2b: Zamazenta\n|-ability|p1b: Calyrex|Grim Neigh|boost\n|-boost|p1b: Calyrex|spa|2\n|move|p1a: Zamazenta|Body Press|p2: Tornadus|[notarget]\n|-fail|p1a: Zamazenta\n|\n|upkeep\n|\n|t:|1768902828\n|switch|p2a: Kyogre|Kyogre, L50|100/100\n|-weather|RainDance|[from] ability: Drizzle|[of] p2a: Kyogre\n|turn|8\n|\n|t:|1768902836\n|-terastallize|p2a: Kyogre|Water\n|move|p2a: Kyogre|Water Spout|p1b: Calyrex|[spread] p1a,p1b\n|-damage|p1a: Zamazenta|0 fnt\n|-damage|p1b: Calyrex|0 fnt\n|faint|p1a: Zamazenta\n|faint|p1b: Calyrex\n|\n|win|xiaoliyunVGC\n|raw|lior97h's rating: 1216 &rarr; <strong>1187</strong><br />(-29 for losing)\n|raw|xiaoliyunVGC's rating: 1162 &rarr; <strong>1191</strong><br />(+29 for winning)\n","uploadtime":1768903172,"views":14,"formatid":"gen9vgc2026regi","rating":1187,"private":0,"password":null}