{"id":"gen9vgc2026regi-2581197221","format":"[Gen 9] VGC 2026 Reg I","players":["phoeniKSP","blackred123"],"log":"|j|\u2606phoeniKSP\n|j|\u2606blackred123\n|t:|1775969665\n|gametype|doubles\n|player|p1|phoeniKSP|barry|1457\n|player|p2|blackred123|iono-masters|1654\n|gen|9\n|tier|[Gen 9] VGC 2026 Reg I\n|rated|\n|rule|Species Clause: Limit one of each Pok\u00e9mon\n|rule|Item Clause: Limit 1 of each item\n|clearpoke\n|poke|p1|Giratina-Origin, L50|\n|poke|p1|Zamazenta-*, L50|\n|poke|p1|Chien-Pao, L50|\n|poke|p1|Entei, L50|\n|poke|p1|Urshifu-*, L50, M|\n|poke|p1|Rillaboom, L50, F|\n|poke|p2|Zamazenta-*, L50|\n|poke|p2|Calyrex-Shadow, L50|\n|poke|p2|Tornadus, L50, M|\n|poke|p2|Rillaboom, L50, M|\n|poke|p2|Smeargle, L50, F|\n|poke|p2|Raging Bolt, L50|\n|teampreview|4\n|inactive|Battle timer is ON: inactive players will automatically lose when time's up. (requested by blackred123)\n|\n|t:|1775969691\n|teamsize|p1|4\n|teamsize|p2|4\n|start\n|switch|p1a: Entei|Entei, L50|100/100\n|switch|p1b: Chien-Pao|Chien-Pao, L50|100/100\n|switch|p2a: \u9a6c\u6b7b\u4e86|Calyrex-Shadow, L50|100/100\n|switch|p2b: \u72d7\u7b14\u517b\u7684|Smeargle, L50, F|100/100\n|-ability|p2a: \u9a6c\u6b7b\u4e86|As One\n|-ability|p2a: \u9a6c\u6b7b\u4e86|Unnerve\n|-ability|p1b: Chien-Pao|Sword of Ruin\n|turn|1\n|\n|t:|1775969711\n|-terastallize|p2a: \u9a6c\u6b7b\u4e86|Dark\n|move|p2b: \u72d7\u7b14\u517b\u7684|Fake Out|p1a: Entei\n|-damage|p1a: Entei|95/100\n|move|p1a: Entei|Extreme Speed|p2b: \u72d7\u7b14\u517b\u7684\n|-damage|p2b: \u72d7\u7b14\u517b\u7684|6/100\n|-damage|p1a: Entei|85/100|[from] item: Life Orb\n|move|p2a: \u9a6c\u6b7b\u4e86|Nasty Plot|p2a: \u9a6c\u6b7b\u4e86\n|-boost|p2a: \u9a6c\u6b7b\u4e86|spa|2\n|move|p1b: Chien-Pao|Crunch|p2b: \u72d7\u7b14\u517b\u7684\n|-damage|p2b: \u72d7\u7b14\u517b\u7684|0 fnt\n|faint|p2b: \u72d7\u7b14\u517b\u7684\n|\n|upkeep\n|\n|t:|1775969726\n|switch|p2b: \u556a\u53fd\u556a\uff08\u5657\u53fd\u58f0\uff09|Zamazenta-Crowned, L50|100/100\n|-ability|p2b: \u556a\u53fd\u556a\uff08\u5657\u53fd\u58f0\uff09|Dauntless Shield|boost\n|-boost|p2b: \u556a\u53fd\u556a\uff08\u5657\u53fd\u58f0\uff09|def|1\n|turn|2\n|inactive|phoeniKSP has 30 seconds left.\n|inactive|phoeniKSP has 20 seconds left.\n|inactive|phoeniKSP has 15 seconds left.\n|\n|t:|1775969769\n|-terastallize|p1a: Entei|Normal\n|move|p1a: Entei|Extreme Speed|p2a: \u9a6c\u6b7b\u4e86\n|-damage|p2a: \u9a6c\u6b7b\u4e86|19/100\n|-damage|p1a: Entei|76/100|[from] item: Life Orb\n|move|p1b: Chien-Pao|Sucker Punch|p2a: \u9a6c\u6b7b\u4e86\n|-resisted|p2a: \u9a6c\u6b7b\u4e86\n|-damage|p2a: \u9a6c\u6b7b\u4e86|0 fnt\n|faint|p2a: \u9a6c\u6b7b\u4e86\n|move|p2b: \u556a\u53fd\u556a\uff08\u5657\u53fd\u58f0\uff09|Body Press|p1a: Entei\n|-supereffective|p1a: Entei\n|-crit|p1a: Entei\n|-damage|p1a: Entei|0 fnt\n|faint|p1a: Entei\n|\n|upkeep\n|\n|t:|1775969789\n|switch|p2a: \u7acb\u4e86|Raging Bolt, L50|100/100\n|switch|p1a: Giratina|Giratina-Origin, L50|100/100\n|-enditem|p2a: \u7acb\u4e86|Booster Energy\n|-activate|p2a: \u7acb\u4e86|ability: Protosynthesis|[fromitem]\n|-start|p2a: \u7acb\u4e86|protosynthesisspa\n|turn|3\n|\n|t:|1775969811\n|move|p2a: \u7acb\u4e86|Protect|p2a: \u7acb\u4e86\n|-singleturn|p2a: \u7acb\u4e86|Protect\n|move|p1b: Chien-Pao|Icicle Crash|p2a: \u7acb\u4e86\n|-activate|p2a: \u7acb\u4e86|move: Protect\n|move|p2b: \u556a\u53fd\u556a\uff08\u5657\u53fd\u58f0\uff09|Body Press|p1b: Chien-Pao\n|-supereffective|p1b: Chien-Pao\n|-enditem|p1b: Chien-Pao|Focus Sash\n|-damage|p1b: Chien-Pao|1/100\n|move|p1a: Giratina|Draco Meteor|p2a: \u7acb\u4e86\n|-activate|p2a: \u7acb\u4e86|move: Protect\n|\n|upkeep\n|turn|4\n|\n|t:|1775969834\n|move|p1b: Chien-Pao|Protect|p1b: Chien-Pao\n|-singleturn|p1b: Chien-Pao|Protect\n|move|p2a: \u7acb\u4e86|Thunderclap||[still]\n|-fail|p2a: \u7acb\u4e86\n|move|p2b: \u556a\u53fd\u556a\uff08\u5657\u53fd\u58f0\uff09|Heavy Slam|p1a: Giratina\n|-crit|p1a: Giratina\n|-damage|p1a: Giratina|75/100\n|move|p1a: Giratina|Draco Meteor|p2a: \u7acb\u4e86\n|-supereffective|p2a: \u7acb\u4e86\n|-damage|p2a: \u7acb\u4e86|0 fnt\n|-unboost|p1a: Giratina|spa|2\n|faint|p2a: \u7acb\u4e86\n|-end|p2a: \u7acb\u4e86|Protosynthesis|[silent]\n|\n|upkeep\n|turn|5\n|\n|t:|1775969849\n|move|p1b: Chien-Pao|Icicle Crash|p2b: \u556a\u53fd\u556a\uff08\u5657\u53fd\u58f0\uff09\n|-resisted|p2b: \u556a\u53fd\u556a\uff08\u5657\u53fd\u58f0\uff09\n|-damage|p2b: \u556a\u53fd\u556a\uff08\u5657\u53fd\u58f0\uff09|89/100\n|move|p2b: \u556a\u53fd\u556a\uff08\u5657\u53fd\u58f0\uff09|Body Press|p1a: Giratina\n|-immune|p1a: Giratina\n|move|p1a: Giratina|Poltergeist|p2b: \u556a\u53fd\u556a\uff08\u5657\u53fd\u58f0\uff09\n|-activate|p2b: \u556a\u53fd\u556a\uff08\u5657\u53fd\u58f0\uff09|move: Poltergeist|Rusted Shield\n|-damage|p2b: \u556a\u53fd\u556a\uff08\u5657\u53fd\u58f0\uff09|55/100\n|\n|upkeep\n|turn|6\n|\n|t:|1775969862\n|move|p1b: Chien-Pao|Icicle Crash|p2b: \u556a\u53fd\u556a\uff08\u5657\u53fd\u58f0\uff09\n|-resisted|p2b: \u556a\u53fd\u556a\uff08\u5657\u53fd\u58f0\uff09\n|-damage|p2b: \u556a\u53fd\u556a\uff08\u5657\u53fd\u58f0\uff09|45/100\n|move|p2b: \u556a\u53fd\u556a\uff08\u5657\u53fd\u58f0\uff09|Body Press|p1b: Chien-Pao\n|-supereffective|p1b: Chien-Pao\n|-damage|p1b: Chien-Pao|0 fnt\n|faint|p1b: Chien-Pao\n|move|p1a: Giratina|Poltergeist|p2b: \u556a\u53fd\u556a\uff08\u5657\u53fd\u58f0\uff09\n|-activate|p2b: \u556a\u53fd\u556a\uff08\u5657\u53fd\u58f0\uff09|move: Poltergeist|Rusted Shield\n|-damage|p2b: \u556a\u53fd\u556a\uff08\u5657\u53fd\u58f0\uff09|15/100\n|\n|upkeep\n|\n|t:|1775969869\n|switch|p1b: Zamazenta|Zamazenta-Crowned, L50|100/100\n|-ability|p1b: Zamazenta|Dauntless Shield|boost\n|-boost|p1b: Zamazenta|def|1\n|turn|7\n|-message|blackred123 forfeited.\n|\n|win|phoeniKSP\n|raw|phoeniKSP's rating: 1457 &rarr; <strong>1487</strong><br />(+30 for winning)\n|raw|blackred123's rating: 1654 &rarr; <strong>1624</strong><br />(-30 for losing)\n|l|\u2606blackred123\n|player|p2|\n","uploadtime":1775969874,"views":10,"formatid":"gen9vgc2026regi","rating":1487,"private":0,"password":null}