{"id":"gen9vgc2026regi-2551603302","format":"[Gen 9] VGC 2026 Reg I","players":["blackred123\u6c38\u96cf\u5854\u83f2\u4fa0","Momoka qwq"],"log":"|j|\u2606blackred123\u6c38\u96cf\u5854\u83f2\u4fa0\n|j|\u2606Momoka qwq\n|t:|1772627339\n|gametype|doubles\n|player|p1|blackred123\u6c38\u96cf\u5854\u83f2\u4fa0|iono-masters|1413\n|player|p2|Momoka qwq|cynthia-gen4|1395\n|gen|9\n|tier|[Gen 9] VGC 2026 Reg I\n|rated|\n|rule|Species Clause: Limit one of each Pok\u00e9mon\n|rule|Item Clause: Limit 1 of each item\n|clearpoke\n|poke|p1|Kyogre, L50|\n|poke|p1|Zamazenta-*, L50|\n|poke|p1|Chien-Pao, L50|\n|poke|p1|Amoonguss, L50, M|\n|poke|p1|Dragonite, L50, F|\n|poke|p1|Rillaboom, L50, M|\n|poke|p2|Miraidon, L50|\n|poke|p2|Lunala, L50|\n|poke|p2|Incineroar, L50, M|\n|poke|p2|Grimmsnarl, L50, M|\n|poke|p2|Landorus, L50, M|\n|poke|p2|Ditto, L50|\n|teampreview|4\n|inactive|Battle timer is ON: inactive players will automatically lose when time's up. (requested by blackred123\u6c38\u96cf\u5854\u83f2\u4fa0)\n|inactive|Momoka qwq has 60 seconds left.\n|inactive|Momoka qwq has 30 seconds left.\n|inactive|Momoka qwq has 20 seconds left.\n|\n|t:|1772627413\n|teamsize|p1|4\n|teamsize|p2|4\n|start\n|switch|p1a: Zamazenta|Zamazenta-Crowned, L50|100/100\n|switch|p1b: Chien-Pao|Chien-Pao, L50|100/100\n|switch|p2a: Incineroar|Incineroar, L50, M, shiny|100/100\n|switch|p2b: Lunala|Lunala, L50|100/100\n|-ability|p1b: Chien-Pao|Sword of Ruin\n|-ability|p1a: Zamazenta|Dauntless Shield|boost\n|-boost|p1a: Zamazenta|def|1\n|-ability|p2a: Incineroar|Intimidate|boost\n|-unboost|p1a: Zamazenta|atk|1\n|-unboost|p1b: Chien-Pao|atk|1\n|turn|1\n|inactive|blackred123\u6c38\u96cf\u5854\u83f2\u4fa0 has 30 seconds left.\n|inactive|Momoka qwq has 30 seconds left.\n|inactive|Momoka qwq has 20 seconds left.\n|inactive|Momoka qwq has 15 seconds left.\n|inactive|Momoka qwq has 10 seconds left.\n|inactive|Momoka qwq has 5 seconds left.\n|\n|t:|1772627466\n|-terastallize|p2a: Incineroar|Ghost\n|move|p2a: Incineroar|Fake Out|p1b: Chien-Pao\n|-damage|p1b: Chien-Pao|86/100\n|cant|p1b: Chien-Pao|flinch\n|move|p1a: Zamazenta|Body Press|p2a: Incineroar\n|-immune|p2a: Incineroar\n|move|p2b: Lunala|Moonblast|p1b: Chien-Pao\n|-supereffective|p1b: Chien-Pao\n|-damage|p1b: Chien-Pao|0 fnt\n|faint|p1b: Chien-Pao\n|\n|upkeep\n|\n|t:|1772627482\n|switch|p1b: Kyogre|Kyogre, L50|100/100\n|-weather|RainDance|[from] ability: Drizzle|[of] p1b: Kyogre\n|turn|2\n|\n|t:|1772627497\n|move|p2b: Lunala|Wide Guard|p2b: Lunala\n|-singleturn|p2b: Lunala|Wide Guard\n|move|p1b: Kyogre|Hydro Pump|p2a: Incineroar\n|-damage|p2a: Incineroar|37/100\n|move|p1a: Zamazenta|Heavy Slam|p2a: Incineroar\n|-damage|p2a: Incineroar|10/100\n|-damage|p1a: Zamazenta|84/100|[from] item: Rocky Helmet|[of] p2a: Incineroar\n|move|p2a: Incineroar|Parting Shot|p1b: Kyogre\n|-unboost|p1b: Kyogre|atk|1\n|-unboost|p1b: Kyogre|spa|1\n|inactive|Momoka qwq has 30 seconds left.\n|\n|t:|1772627523\n|switch|p2a: Miraidon|Miraidon, L50|100/100|[from] Parting Shot\n|-fieldstart|move: Electric Terrain|[from] ability: Hadron Engine|[of] p2a: Miraidon\n|\n|-weather|RainDance|[upkeep]\n|upkeep\n|turn|3\n|inactive|Momoka qwq has 30 seconds left.\n|inactive|Momoka qwq has 20 seconds left.\n|inactive|Momoka qwq has 15 seconds left.\n|inactive|Momoka qwq has 10 seconds left.\n|\n|t:|1772627568\n|switch|p1b: Dragonite|Dragonite, L50, F|100/100\n|-terastallize|p1a: Zamazenta|Grass\n|move|p2a: Miraidon|Volt Switch|p1b: Dragonite\n|-damage|p1b: Dragonite|26/100\n|\n|t:|1772627578\n|switch|p2a: Incineroar|Incineroar, L50, M, shiny, tera:Ghost|10/100|[from] Volt Switch\n|-ability|p2a: Incineroar|Intimidate|boost\n|-unboost|p1a: Zamazenta|atk|1\n|-fail|p1b: Dragonite|unboost|Attack|[from] ability: Inner Focus|[of] p1b: Dragonite\n|move|p1a: Zamazenta|Body Press|p2a: Incineroar\n|-immune|p2a: Incineroar\n|move|p2b: Lunala|Moongeist Beam|p1a: Zamazenta\n|-damage|p1a: Zamazenta|43/100\n|\n|-weather|RainDance|[upkeep]\n|upkeep\n|turn|4\n|\n|t:|1772627597\n|move|p2a: Incineroar|Fake Out|p1a: Zamazenta\n|-damage|p1a: Zamazenta|39/100\n|cant|p1a: Zamazenta|flinch\n|move|p1b: Dragonite|Aerial Ace|p2b: Lunala\n|-damage|p2b: Lunala|80/100\n|move|p2b: Lunala|Moonblast|p1b: Dragonite\n|-supereffective|p1b: Dragonite\n|-damage|p1b: Dragonite|0 fnt\n|faint|p1b: Dragonite\n|\n|-weather|RainDance|[upkeep]\n|-heal|p2b: Lunala|86/100|[from] item: Leftovers\n|upkeep\n|\n|t:|1772627607\n|switch|p1b: Kyogre|Kyogre, L50|100/100\n|turn|5\n|inactive|Momoka qwq has 30 seconds left.\n|\n|t:|1772627640\n|move|p1b: Kyogre|Water Spout|p2b: Lunala|[spread] p2a,p2b\n|-crit|p2b: Lunala\n|-damage|p2a: Incineroar|0 fnt\n|-damage|p2b: Lunala|0 fnt\n|faint|p2a: Incineroar\n|faint|p2b: Lunala\n|move|p1a: Zamazenta|Heavy Slam|p2: Incineroar|[notarget]\n|-fail|p1a: Zamazenta\n|\n|-weather|RainDance|[upkeep]\n|upkeep\n|inactive|Momoka qwq has 30 seconds left.\n|\n|t:|1772627671\n|switch|p2b: Ditto|Ditto, L50, shiny|100/100\n|switch|p2a: Miraidon|Miraidon, L50|100/100\n|-activate|p2a: Miraidon|ability: Hadron Engine\n|-transform|p2b: Ditto|p1a: Zamazenta|[from] ability: Imposter\n|-ability|p2b: Ditto|Dauntless Shield|boost\n|-boost|p2b: Ditto|def|1\n|-start|p2b: Ditto|typechange|Fighting/Steel|[silent]\n|turn|6\n|\n|t:|1772627693\n|move|p2a: Miraidon|Electro Drift|p1b: Kyogre\n|-supereffective|p1b: Kyogre\n|-damage|p1b: Kyogre|0 fnt\n|faint|p1b: Kyogre\n|move|p1a: Zamazenta|Imprison|p1a: Zamazenta\n|-start|p1a: Zamazenta|move: Imprison\n|cant|p2b: Ditto|move: Imprison|Imprison\n|\n|-weather|none\n|-fieldend|move: Electric Terrain\n|upkeep\n|turn|7\n|\n|t:|1772627711\n|move|p2a: Miraidon|Electro Drift|p1a: Zamazenta\n|-resisted|p1a: Zamazenta\n|-damage|p1a: Zamazenta|18/100\n|-activate|p2b: Ditto|move: Struggle\n|move|p2b: Ditto|Struggle|p1a: Zamazenta\n|-damage|p1a: Zamazenta|15/100\n|-damage|p2b: Ditto|75/100|[from] recoil\n|move|p1a: Zamazenta|Body Press|p2a: Miraidon\n|-damage|p2a: Miraidon|35/100\n|\n|upkeep\n|turn|8\n|\n|t:|1772627726\n|move|p2a: Miraidon|Electro Drift|p1a: Zamazenta\n|-resisted|p1a: Zamazenta\n|-damage|p1a: Zamazenta|0 fnt\n|faint|p1a: Zamazenta\n|\n|win|Momoka qwq\n|raw|blackred123\u6c38\u96cf\u5854\u83f2\u4fa0's rating: 1413 &rarr; <strong>1392</strong><br />(-21 for losing)\n|raw|Momoka qwq's rating: 1395 &rarr; <strong>1416</strong><br />(+21 for winning)\n|j| Yancy0721\u56fe\u56fe\u72ac\u4fa0\n|l|\u2606Momoka qwq\n|player|p2|\n|l| Yancy0721\u56fe\u56fe\u72ac\u4fa0\n","uploadtime":1772627981,"views":13,"formatid":"gen9vgc2026regi","rating":1392,"private":0,"password":null}