{"id":"gen9vgc2026regi-2519442274","format":"[Gen 9] VGC 2026 Reg I","players":["JOJOJEJEJA","kojimuranishi"],"log":"|j|\u2606JOJOJEJEJA\n|j|\u2606kojimuranishi\n|t:|1768506320\n|gametype|doubles\n|player|p1|JOJOJEJEJA|101|1381\n|player|p2|kojimuranishi|265|1477\n|gen|9\n|tier|[Gen 9] VGC 2026 Reg I\n|rated|\n|rule|Species Clause: Limit one of each Pok\u00e9mon\n|rule|Item Clause: Limit 1 of each item\n|clearpoke\n|poke|p1|Dondozo, L50, F|\n|poke|p1|Tatsugiri, L50, F|\n|poke|p1|Calyrex-Shadow, L50|\n|poke|p1|Kyogre, L50|\n|poke|p1|Rillaboom, L50, M|\n|poke|p1|Raichu, L50, F|\n|poke|p2|Zamazenta-*, L50|\n|poke|p2|Lunala, L50|\n|poke|p2|Chien-Pao, L50|\n|poke|p2|Dragonite, L50, M|\n|poke|p2|Chi-Yu, L50|\n|poke|p2|Urshifu-*, L50, M|\n|teampreview|4\n|inactive|Battle timer is ON: inactive players will automatically lose when time's up. (requested by kojimuranishi)\n|inactive|kojimuranishi has 60 seconds left.\n|\n|t:|1768506360\n|teamsize|p1|4\n|teamsize|p2|4\n|start\n|switch|p1a: Dondozo|Dondozo, L50, F|100/100\n|switch|p1b: Kyogre|Kyogre, L50|100/100\n|switch|p2a: Lunala|Lunala, L50|100/100\n|switch|p2b: Chien-Pao|Chien-Pao, L50|100/100\n|-weather|RainDance|[from] ability: Drizzle|[of] p1b: Kyogre\n|-ability|p2b: Chien-Pao|Sword of Ruin\n|turn|1\n|inactive|JOJOJEJEJA has 30 seconds left.\n|inactive|kojimuranishi has 30 seconds left.\n|\n|t:|1768506392\n|move|p2b: Chien-Pao|Protect|p2b: Chien-Pao\n|-singleturn|p2b: Chien-Pao|Protect\n|move|p1b: Kyogre|Water Pulse|p2b: Chien-Pao\n|-activate|p2b: Chien-Pao|move: Protect\n|move|p2a: Lunala|Meteor Beam||[still]\n|-prepare|p2a: Lunala|Meteor Beam\n|-boost|p2a: Lunala|spa|1\n|-enditem|p2a: Lunala|Power Herb\n|-anim|p2a: Lunala|Meteor Beam|p1a: Dondozo\n|-damage|p1a: Dondozo|58/100\n|move|p1a: Dondozo|Substitute|p1a: Dondozo\n|-start|p1a: Dondozo|Substitute\n|-damage|p1a: Dondozo|34/100\n|\n|-weather|RainDance|[upkeep]\n|-heal|p1a: Dondozo|40/100|[from] item: Leftovers\n|upkeep\n|turn|2\n|\n|t:|1768506411\n|move|p1a: Dondozo|Protect|p1a: Dondozo\n|-singleturn|p1a: Dondozo|Protect\n|move|p1b: Kyogre|Water Pulse|p2b: Chien-Pao\n|-damage|p2b: Chien-Pao|19/100\n|move|p2b: Chien-Pao|Crunch|p1a: Dondozo\n|-activate|p1a: Dondozo|move: Protect\n|move|p2a: Lunala|Moongeist Beam|p1a: Dondozo\n|-activate|p1a: Dondozo|move: Protect\n|\n|-weather|RainDance|[upkeep]\n|-heal|p1a: Dondozo|46/100|[from] item: Leftovers\n|upkeep\n|turn|3\n|\n|t:|1768506433\n|move|p2b: Chien-Pao|Protect|p2b: Chien-Pao\n|-singleturn|p2b: Chien-Pao|Protect\n|move|p1b: Kyogre|Water Pulse|p2b: Chien-Pao\n|-activate|p2b: Chien-Pao|move: Protect\n|move|p2a: Lunala|Moongeist Beam|p1a: Dondozo\n|-end|p1a: Dondozo|Substitute\n|move|p1a: Dondozo|Yawn|p2a: Lunala\n|-start|p2a: Lunala|move: Yawn|[of] p1a: Dondozo\n|\n|-weather|RainDance|[upkeep]\n|-heal|p1a: Dondozo|52/100|[from] item: Leftovers\n|upkeep\n|turn|4\n|\n|t:|1768506454\n|move|p1a: Dondozo|Protect|p1a: Dondozo\n|-singleturn|p1a: Dondozo|Protect\n|move|p2b: Chien-Pao|Sucker Punch|p1b: Kyogre\n|-damage|p1b: Kyogre|34/100\n|-damage|p2b: Chien-Pao|9/100|[from] item: Life Orb\n|move|p1b: Kyogre|Water Pulse|p2a: Lunala\n|-damage|p2a: Lunala|83/100\n|move|p2a: Lunala|Moongeist Beam|p1a: Dondozo\n|-activate|p1a: Dondozo|move: Protect\n|\n|-weather|RainDance|[upkeep]\n|-heal|p1a: Dondozo|58/100|[from] item: Leftovers\n|-end|p2a: Lunala|move: Yawn|[silent]\n|-status|p2a: Lunala|slp\n|upkeep\n|turn|5\n|j| riyuezi\n|inactive|kojimuranishi has 30 seconds left.\n|\n|t:|1768506484\n|switch|p1b: Tatsugiri|Tatsugiri, L50, F|100/100\n|-activate|p1b: Tatsugiri|ability: Commander|[of] p1a: Dondozo\n|-boost|p1a: Dondozo|atk|2\n|-boost|p1a: Dondozo|spa|2\n|-boost|p1a: Dondozo|spe|2\n|-boost|p1a: Dondozo|def|2\n|-boost|p1a: Dondozo|spd|2\n|-terastallize|p1a: Dondozo|Water\n|move|p2b: Chien-Pao|Sucker Punch||[still]\n|-fail|p2b: Chien-Pao\n|cant|p2a: Lunala|slp\n|move|p1a: Dondozo|Surf|p2b: Chien-Pao|[spread] p2a,p2b\n|-miss|p1a: Dondozo|p1b: Tatsugiri\n|-damage|p2a: Lunala|27/100 slp\n|-damage|p2b: Chien-Pao|0 fnt\n|faint|p2b: Chien-Pao\n|\n|-weather|none\n|-heal|p1a: Dondozo|65/100|[from] item: Leftovers\n|upkeep\n|l| riyuezi\n|inactive|kojimuranishi has 30 seconds left.\n|inactive|kojimuranishi has 20 seconds left.\n|inactive|kojimuranishi has 15 seconds left.\n|inactive|kojimuranishi has 10 seconds left.\n|\n|t:|1768506530\n|switch|p2b: Zamazenta|Zamazenta-Crowned, L50|100/100\n|-ability|p2b: Zamazenta|Dauntless Shield|boost\n|-boost|p2b: Zamazenta|def|1\n|turn|6\n|\n|t:|1768506544\n|move|p2b: Zamazenta|Body Press|p1a: Dondozo\n|-damage|p1a: Dondozo|51/100\n|-curestatus|p2a: Lunala|slp|[msg]\n|move|p2a: Lunala|Moongeist Beam|p1a: Dondozo\n|-damage|p1a: Dondozo|12/100\n|move|p1a: Dondozo|Yawn|p2b: Zamazenta\n|-start|p2b: Zamazenta|move: Yawn|[of] p1a: Dondozo\n|\n|-heal|p1a: Dondozo|18/100|[from] item: Leftovers\n|upkeep\n|turn|7\n|\n|t:|1768506562\n|switch|p2b: Urshifu|Urshifu-Rapid-Strike, L50, M|100/100\n|move|p2a: Lunala|Moongeist Beam|p1a: Dondozo\n|-damage|p1a: Dondozo|0 fnt\n|faint|p1a: Dondozo\n|\n|upkeep\n|\n|t:|1768506569\n|switch|p1a: Kyogre|Kyogre, L50|34/100\n|-weather|RainDance|[from] ability: Drizzle|[of] p1a: Kyogre\n|turn|8\n|inactive|kojimuranishi has 30 seconds left.\n|\n|t:|1768506604\n|move|p1a: Kyogre|Thunder|p2b: Urshifu\n|-supereffective|p2b: Urshifu\n|-enditem|p2b: Urshifu|Focus Sash\n|-damage|p2b: Urshifu|1/100\n|move|p2b: Urshifu|Surging Strikes|p1a: Kyogre\n|-resisted|p1a: Kyogre\n|-crit|p1a: Kyogre\n|-damage|p1a: Kyogre|16/100\n|-resisted|p1a: Kyogre\n|-crit|p1a: Kyogre\n|-damage|p1a: Kyogre|0 fnt\n|faint|p1a: Kyogre\n|-hitcount|p1: Kyogre|2\n|move|p1b: Tatsugiri|Icy Wind|p2a: Lunala|[spread] p2a,p2b\n|-resisted|p2b: Urshifu\n|-damage|p2a: Lunala|17/100\n|-damage|p2b: Urshifu|0 fnt\n|-unboost|p2a: Lunala|spe|1\n|faint|p2b: Urshifu\n|move|p2a: Lunala|Trick Room|p2a: Lunala\n|-fieldstart|move: Trick Room|[of] p2a: Lunala\n|\n|-weather|RainDance|[upkeep]\n|upkeep\n|\n|t:|1768506623\n|switch|p1a: Rillaboom|Rillaboom, L50, M|100/100\n|switch|p2b: Zamazenta|Zamazenta-Crowned, L50|100/100\n|-fieldstart|move: Grassy Terrain|[from] ability: Grassy Surge|[of] p1a: Rillaboom\n|turn|9\n|\n|t:|1768506637\n|move|p1a: Rillaboom|Grassy Glide|p2a: Lunala\n|-damage|p2a: Lunala|0 fnt\n|faint|p2a: Lunala\n|move|p1b: Tatsugiri|Muddy Water|p2b: Zamazenta\n|-damage|p2b: Zamazenta|55/100\n|move|p2b: Zamazenta|Body Press|p1a: Rillaboom\n|-damage|p1a: Rillaboom|59/100\n|\n|-weather|RainDance|[upkeep]\n|-heal|p1a: Rillaboom|65/100|[from] Grassy Terrain\n|-heal|p2b: Zamazenta|61/100|[from] Grassy Terrain\n|upkeep\n|turn|10\n|\n|t:|1768506662\n|move|p1a: Rillaboom|Grassy Glide|p2b: Zamazenta\n|-resisted|p2b: Zamazenta\n|-damage|p2b: Zamazenta|44/100\n|move|p1b: Tatsugiri|Muddy Water|p2b: Zamazenta\n|-damage|p2b: Zamazenta|0 fnt\n|faint|p2b: Zamazenta\n|\n|win|JOJOJEJEJA\n|raw|JOJOJEJEJA's rating: 1381 &rarr; <strong>1406</strong><br />(+25 for winning)\n|raw|kojimuranishi's rating: 1477 &rarr; <strong>1452</strong><br />(-25 for losing)\n|l|\u2606JOJOJEJEJA\n|player|p1|\n|l|\u2606kojimuranishi\n|player|p2|\n","uploadtime":1768506824,"views":20,"formatid":"gen9vgc2026regi","rating":1406,"private":0,"password":null}