{"id":"gen9vgc2026regi-2564529966","format":"[Gen 9] VGC 2026 Reg I","players":["shangenb4","TheManOfSausage"],"log":"|j|\u2606shangenb4\n|j|\u2606TheManOfSausage\n|t:|1774158254\n|gametype|doubles\n|player|p1|shangenb4|101|1526\n|player|p2|TheManOfSausage|miku-water|1523\n|gen|9\n|tier|[Gen 9] VGC 2026 Reg I\n|rated|\n|rule|Species Clause: Limit one of each Pok\u00e9mon\n|rule|Item Clause: Limit 1 of each item\n|clearpoke\n|poke|p1|Koraidon, L50|\n|poke|p1|Lunala, L50|\n|poke|p1|Flutter Mane, L50|\n|poke|p1|Chi-Yu, L50|\n|poke|p1|Raging Bolt, L50|\n|poke|p1|Indeedee-F, L50, F|\n|poke|p2|Calyrex-Ice, L50|\n|poke|p2|Kyogre, L50|\n|poke|p2|Rillaboom, L50, M|\n|poke|p2|Urshifu-*, L50, M|\n|poke|p2|Roaring Moon, L50|\n|poke|p2|Landorus, L50, M|\n|teampreview|4\n|inactive|Battle timer is ON: inactive players will automatically lose when time's up. (requested by shangenb4)\nTheManOfSausage has agreed to open team sheets.\n|\n|t:|1774158272\n|teamsize|p1|4\n|teamsize|p2|4\n|start\n|switch|p1a: Flutter Mane|Flutter Mane, L50|100/100\n|switch|p1b: Chi-Yu|Chi-Yu, L50|100/100\n|switch|p2a: Ogurin|Calyrex-Ice, L50|100/100\n|switch|p2b: Rillaboom|Rillaboom, L50, M|100/100\n|-ability|p2a: Ogurin|As One\n|-ability|p2a: Ogurin|Unnerve\n|-ability|p1b: Chi-Yu|Beads of Ruin\n|-fieldstart|move: Grassy Terrain|[from] ability: Grassy Surge|[of] p2b: Rillaboom\n|turn|1\n|\n|t:|1774158292\n|-terastallize|p1b: Chi-Yu|Ghost\n|-terastallize|p2a: Ogurin|Fairy\n|move|p1b: Chi-Yu|Heat Wave|p2a: Ogurin|[spread] p2b\n|-miss|p1b: Chi-Yu|p2a: Ogurin\n|-supereffective|p2b: Rillaboom\n|-damage|p2b: Rillaboom|31/100\n|move|p1a: Flutter Mane|Taunt|p2a: Ogurin\n|-start|p2a: Ogurin|move: Taunt\n|move|p2b: Rillaboom|U-turn|p1a: Flutter Mane\n|-resisted|p1a: Flutter Mane\n|-crit|p1a: Flutter Mane\n|-damage|p1a: Flutter Mane|84/100\n|\n|t:|1774158298\n|switch|p2b: Kyogre|Kyogre, L50|100/100|[from] U-turn\n|-weather|RainDance|[from] ability: Drizzle|[of] p2b: Kyogre\n|cant|p2a: Ogurin|move: Taunt|Trick Room\n|\n|-weather|RainDance|[upkeep]\n|-heal|p1a: Flutter Mane|90/100|[from] Grassy Terrain\n|upkeep\n|turn|2\n|\n|t:|1774158319\n|-end|p1a: Flutter Mane|Protosynthesis|[silent]\n|switch|p1a: Koraidon|Koraidon, L50|100/100\n|-weather|SunnyDay|[from] ability: Orichalcum Pulse|[of] p1a: Koraidon\n|-activate|p1a: Koraidon|Orichalcum Pulse|[source]\n|move|p2b: Kyogre|Protect|p2b: Kyogre\n|-singleturn|p2b: Kyogre|Protect\n|move|p1b: Chi-Yu|Heat Wave|p2b: Kyogre|[spread] \n|-activate|p2b: Kyogre|move: Protect\n|-miss|p1b: Chi-Yu|p2a: Ogurin\n|move|p2a: Ogurin|Glacial Lance|p1b: Chi-Yu|[spread] p1a,p1b\n|-supereffective|p1a: Koraidon\n|-damage|p1a: Koraidon|18/100\n|-damage|p1b: Chi-Yu|10/100\n|\n|-weather|SunnyDay|[upkeep]\n|-heal|p1b: Chi-Yu|17/100|[from] Grassy Terrain\n|-heal|p1a: Koraidon|24/100|[from] Grassy Terrain\n|upkeep\n|turn|3\n|\n|t:|1774158339\n|switch|p2a: Triple T|Landorus, L50, M|100/100\n|move|p1b: Chi-Yu|Heat Wave|p2b: Kyogre|[spread] p2a,p2b\n|-resisted|p2b: Kyogre\n|-damage|p2a: Triple T|0 fnt\n|-damage|p2b: Kyogre|72/100\n|faint|p2a: Triple T\n|move|p1a: Koraidon|Flare Blitz|p2b: Kyogre\n|-resisted|p2b: Kyogre\n|-damage|p2b: Kyogre|29/100\n|-status|p2b: Kyogre|brn\n|-damage|p1a: Koraidon|10/100|[from] Recoil\n|move|p2b: Kyogre|Water Spout|p1a: Koraidon|[spread] p1a,p1b\n|-resisted|p1a: Koraidon\n|-damage|p1a: Koraidon|3/100\n|-damage|p1b: Chi-Yu|2/100\n|\n|-weather|SunnyDay|[upkeep]\n|-heal|p1b: Chi-Yu|8/100|[from] Grassy Terrain\n|-heal|p1a: Koraidon|9/100|[from] Grassy Terrain\n|-heal|p2b: Kyogre|35/100 brn|[from] Grassy Terrain\n|-damage|p2b: Kyogre|29/100 brn|[from] brn\n|upkeep\n|\n|t:|1774158342\n|switch|p2a: Ogurin|Calyrex-Ice, L50, tera:Fairy|100/100\n|-ability|p2a: Ogurin|As One\n|-ability|p2a: Ogurin|Unnerve\n|turn|4\n|\n|t:|1774158366\n|switch|p1a: Lunala|Lunala, L50|100/100\n|move|p2b: Kyogre|Protect|p2b: Kyogre\n|-singleturn|p2b: Kyogre|Protect\n|move|p1b: Chi-Yu|Heat Wave|p2b: Kyogre|[spread] p2a\n|-activate|p2b: Kyogre|move: Protect\n|-damage|p2a: Ogurin|52/100\n|move|p2a: Ogurin|Trick Room|p2a: Ogurin\n|-fieldstart|move: Trick Room|[of] p2a: Ogurin\n|\n|-weather|SunnyDay|[upkeep]\n|-heal|p2a: Ogurin|58/100|[from] Grassy Terrain\n|-heal|p2a: Ogurin|64/100|[from] item: Leftovers\n|-heal|p2b: Kyogre|35/100 brn|[from] Grassy Terrain\n|-heal|p1b: Chi-Yu|14/100|[from] Grassy Terrain\n|-damage|p2b: Kyogre|29/100 brn|[from] brn\n|upkeep\n|turn|5\n|inactive|shangenb4 has 30 seconds left.\n|\n|t:|1774158392\n|switch|p2b: Rillaboom|Rillaboom, L50, M|31/100\n|move|p2a: Ogurin|Glacial Lance|p1b: Chi-Yu|[spread] p1a,p1b\n|-damage|p1a: Lunala|74/100\n|-damage|p1b: Chi-Yu|0 fnt\n|faint|p1b: Chi-Yu\n|-ability|p2a: Ogurin|Chilling Neigh|boost\n|-boost|p2a: Ogurin|atk|1\n|move|p1a: Lunala|Meteor Beam||[still]\n|-prepare|p1a: Lunala|Meteor Beam\n|-boost|p1a: Lunala|spa|1\n|-enditem|p1a: Lunala|Power Herb\n|-anim|p1a: Lunala|Meteor Beam|p2a: Ogurin|[miss]\n|-miss|p1a: Lunala|p2a: Ogurin\n|\n|-weather|SunnyDay|[upkeep]\n|-heal|p2a: Ogurin|69/100|[from] Grassy Terrain\n|-heal|p2a: Ogurin|75/100|[from] item: Leftovers\n|-heal|p2b: Rillaboom|37/100|[from] Grassy Terrain\n|-heal|p1a: Lunala|80/100|[from] Grassy Terrain\n|-fieldend|move: Grassy Terrain\n|upkeep\n|-message|shangenb4 forfeited.\n|\n|win|TheManOfSausage\n|raw|shangenb4's rating: 1526 &rarr; <strong>1506</strong><br />(-20 for losing)\n|raw|TheManOfSausage's rating: 1523 &rarr; <strong>1543</strong><br />(+20 for winning)\n|l|\u2606shangenb4\n|player|p1|\n|l|\u2606TheManOfSausage\n|player|p2|\n","uploadtime":1774158587,"views":16,"formatid":"gen9vgc2026regi","rating":1506,"private":0,"password":null}