{"id":"gen9vgc2026regi-2551867484","format":"[Gen 9] VGC 2026 Reg I","players":["j0l0k0","Cello L."],"log":"|j|\u2606j0l0k0\n|j|\u2606Cello L.\n|t:|1772651946\n|gametype|doubles\n|player|p1|j0l0k0|brycen|1445\n|player|p2|Cello L.|psychic-gen4|1534\n|gen|9\n|tier|[Gen 9] VGC 2026 Reg I\n|rated|\n|rule|Species Clause: Limit one of each Pok\u00e9mon\n|rule|Item Clause: Limit 1 of each item\n|clearpoke\n|poke|p1|Calyrex-Ice, L50|\n|poke|p1|Kyogre, L50|\n|poke|p1|Indeedee-F, L50, F|\n|poke|p1|Urshifu-*, L50, F|\n|poke|p1|Amoonguss, L50, F|\n|poke|p1|Landorus, L50, M|\n|poke|p2|Calyrex-Shadow, L50|\n|poke|p2|Zamazenta-*, L50|\n|poke|p2|Raging Bolt, L50|\n|poke|p2|Rillaboom, L50, F|\n|poke|p2|Incineroar, L50, M|\n|poke|p2|Amoonguss, L50, M|\n|teampreview|4\n|inactive|Battle timer is ON: inactive players will automatically lose when time's up. (requested by j0l0k0)\n|\n|t:|1772651974\n|teamsize|p1|4\n|teamsize|p2|4\n|start\n|switch|p1a: Indeedee|Indeedee-F, L50, F, shiny|100/100\n|switch|p1b: Calyrex|Calyrex-Ice, L50|100/100\n|switch|p2a: Zamazenta|Zamazenta-Crowned, L50|100/100\n|switch|p2b: Amoonguss|Amoonguss, L50, M|100/100\n|-ability|p1b: Calyrex|As One\n|-ability|p1b: Calyrex|Unnerve\n|-ability|p2a: Zamazenta|Dauntless Shield|boost\n|-boost|p2a: Zamazenta|def|1\n|-fieldstart|move: Psychic Terrain|[from] ability: Psychic Surge|[of] p1a: Indeedee\n|turn|1\n|\n|t:|1772651990\n|move|p2a: Zamazenta|Wide Guard|p2a: Zamazenta\n|-singleturn|p2a: Zamazenta|Wide Guard\n|move|p1b: Calyrex|Glacial Lance|p2b: Amoonguss|[spread] \n|-activate|p2a: Zamazenta|move: Wide Guard\n|-activate|p2b: Amoonguss|move: Wide Guard\n|move|p2b: Amoonguss|Spore|p1b: Calyrex\n|-status|p1b: Calyrex|slp|[from] move: Spore\n|move|p1a: Indeedee|Trick Room|p1a: Indeedee\n|-fieldstart|move: Trick Room|[of] p1a: Indeedee\n|\n|upkeep\n|turn|2\n|\n|t:|1772652001\n|move|p2b: Amoonguss|Spore|p1a: Indeedee\n|-activate|p1a: Indeedee|item: Safety Goggles|Spore\n|cant|p1b: Calyrex|slp\n|move|p1a: Indeedee|Psychic|p2b: Amoonguss\n|-supereffective|p2b: Amoonguss\n|-damage|p2b: Amoonguss|39/100\n|move|p2a: Zamazenta|Body Press|p1b: Calyrex\n|-crit|p1b: Calyrex\n|-damage|p1b: Calyrex|32/100 slp\n|\n|upkeep\n|turn|3\n|\n|t:|1772652014\n|move|p2b: Amoonguss|Protect|p2b: Amoonguss\n|-singleturn|p2b: Amoonguss|Protect\n|cant|p1b: Calyrex|slp\n|move|p1a: Indeedee|Psychic|p2b: Amoonguss\n|-activate|p2b: Amoonguss|move: Protect\n|move|p2a: Zamazenta|Body Press|p1b: Calyrex\n|-damage|p1b: Calyrex|0 fnt\n|faint|p1b: Calyrex\n|\n|upkeep\n|\n|t:|1772652020\n|switch|p1b: Landorus|Landorus, L50, M, shiny|100/100\n|turn|4\n|\n|t:|1772652041\n|switch|p2b: Rillaboom|Rillaboom, L50, F|100/100\n|-fieldstart|move: Grassy Terrain|[from] ability: Grassy Surge|[of] p2b: Rillaboom\n|-terastallize|p2a: Zamazenta|Water\n|move|p1a: Indeedee|Follow Me|p1a: Indeedee\n|-singleturn|p1a: Indeedee|move: Follow Me\n|move|p1b: Landorus|Sandsear Storm|p2b: Rillaboom|[spread] p2a,p2b\n|-resisted|p2b: Rillaboom\n|-damage|p2a: Zamazenta|54/100\n|-damage|p2b: Rillaboom|82/100\n|move|p2a: Zamazenta|Body Press|p1a: Indeedee\n|-damage|p1a: Indeedee|27/100\n|\n|-heal|p1a: Indeedee|33/100|[from] Grassy Terrain\n|-heal|p2b: Rillaboom|87/100|[from] Grassy Terrain\n|-heal|p2a: Zamazenta|60/100|[from] Grassy Terrain\n|upkeep\n|turn|5\n|\n|t:|1772652066\n|move|p1a: Indeedee|Follow Me|p1a: Indeedee\n|-singleturn|p1a: Indeedee|move: Follow Me\n|move|p2b: Rillaboom|Grassy Glide|p1a: Indeedee\n|-damage|p1a: Indeedee|0 fnt\n|faint|p1a: Indeedee\n|move|p1b: Landorus|Sandsear Storm|p2a: Zamazenta|[spread] p2b\n|-miss|p1b: Landorus|p2a: Zamazenta\n|-resisted|p2b: Rillaboom\n|-damage|p2b: Rillaboom|66/100\n|move|p2a: Zamazenta|Heavy Slam|p1b: Landorus\n|-damage|p1b: Landorus|50/100\n|\n|-heal|p2b: Rillaboom|71/100|[from] Grassy Terrain\n|-heal|p2a: Zamazenta|66/100|[from] Grassy Terrain\n|-fieldend|move: Trick Room\n|upkeep\n|\n|t:|1772652074\n|switch|p1a: Kyogre|Kyogre, L50, shiny|100/100\n|-weather|RainDance|[from] ability: Drizzle|[of] p1a: Kyogre\n|turn|6\n|\n|t:|1772652086\n|-terastallize|p1a: Kyogre|Grass\n|move|p2b: Rillaboom|Grassy Glide|p1a: Kyogre\n|-resisted|p1a: Kyogre\n|-damage|p1a: Kyogre|85/100\n|move|p2a: Zamazenta|Heavy Slam|p1b: Landorus\n|-damage|p1b: Landorus|1/100\n|move|p1a: Kyogre|Thunder|p2a: Zamazenta\n|-supereffective|p2a: Zamazenta\n|-damage|p2a: Zamazenta|0 fnt\n|faint|p2a: Zamazenta\n|move|p1b: Landorus|Sludge Bomb|p2b: Rillaboom\n|-supereffective|p2b: Rillaboom\n|-damage|p2b: Rillaboom|0 fnt\n|faint|p2b: Rillaboom\n|\n|-weather|RainDance|[upkeep]\n|-heal|p1a: Kyogre|90/100|[from] Grassy Terrain\n|upkeep\n|\n|t:|1772652101\n|switch|p2a: Calyrex|Calyrex-Shadow, L50|100/100\n|switch|p2b: Amoonguss|Amoonguss, L50, M|73/100\n|-ability|p2a: Calyrex|As One\n|-ability|p2a: Calyrex|Unnerve\n|turn|7\n|\n|t:|1772652116\n|move|p1b: Landorus|Protect|p1b: Landorus\n|-singleturn|p1b: Landorus|Protect\n|move|p2a: Calyrex|Astral Barrage|p1b: Landorus|[spread] p1a\n|-activate|p1b: Landorus|move: Protect\n|-damage|p1a: Kyogre|60/100\n|-damage|p2a: Calyrex|91/100|[from] item: Life Orb\n|move|p1a: Kyogre|Hydro Pump|p2a: Calyrex\n|-damage|p2a: Calyrex|0 fnt\n|faint|p2a: Calyrex\n|move|p2b: Amoonguss|Sludge Bomb|p1a: Kyogre\n|-supereffective|p1a: Kyogre\n|-damage|p1a: Kyogre|36/100\n|\n|-weather|RainDance|[upkeep]\n|-heal|p1a: Kyogre|42/100|[from] Grassy Terrain\n|-heal|p2b: Amoonguss|79/100|[from] Grassy Terrain\n|upkeep\n|turn|8\n|inactive|Cello L. has 30 seconds left.\n|\n|t:|1772652143\n|move|p1a: Kyogre|Ice Beam|p2b: Amoonguss\n|-supereffective|p2b: Amoonguss\n|-damage|p2b: Amoonguss|15/100\n|-status|p2b: Amoonguss|frz\n|move|p1b: Landorus|Sandsear Storm|p2b: Amoonguss\n|-damage|p2b: Amoonguss|0 fnt\n|faint|p2b: Amoonguss\n|\n|win|j0l0k0\n|raw|j0l0k0's rating: 1445 &rarr; <strong>1470</strong><br />(+25 for winning)\n|raw|Cello L.'s rating: 1534 &rarr; <strong>1509</strong><br />(-25 for losing)\n|l|\u2606j0l0k0\n|player|p1|\n","uploadtime":1772652148,"views":19,"formatid":"gen9vgc2026regi","rating":1470,"private":0,"password":null}