{"id":"gen9vgc2026regi-2589412118","format":"[Gen 9] VGC 2026 Reg I","players":["12sb34","Shagrathisbeast"],"log":"|j|\u260612sb34\n|j|\u2606Shagrathisbeast\n|t:|1776720808\n|gametype|doubles\n|player|p1|12sb34|1|1326\n|player|p2|Shagrathisbeast|266|1525\n|gen|9\n|tier|[Gen 9] VGC 2026 Reg I\n|rated|\n|rule|Species Clause: Limit one of each Pok\u00e9mon\n|rule|Item Clause: Limit 1 of each item\n|clearpoke\n|poke|p1|Calyrex-Shadow, L50|\n|poke|p1|Indeedee-F, L50, F|\n|poke|p1|Incineroar, L50, M|\n|poke|p1|Whimsicott, L50, F|\n|poke|p1|Chien-Pao, L50|\n|poke|p1|Miraidon, L50|\n|poke|p2|Terapagos, L50, M|\n|poke|p2|Clefairy, L50, F|\n|poke|p2|Ogerpon-Hearthflame, L50, F|\n|poke|p2|Calyrex-Shadow, L50|\n|poke|p2|Grimmsnarl, L50, M|\n|poke|p2|Rillaboom, L50, F|\n|teampreview|4\n|inactive|Battle timer is ON: inactive players will automatically lose when time's up. (requested by 12sb34)\n|\n|t:|1776720851\n|teamsize|p1|4\n|teamsize|p2|4\n|start\n|switch|p1a: Chien-Pao|Chien-Pao, L50, shiny|100/100\n|switch|p1b: Miraidon|Miraidon, L50|100/100\n|switch|p2a: Grimmsnarl|Grimmsnarl, L50, M, shiny|100/100\n|switch|p2b: Terapagos|Terapagos, L50, M|100/100\n|-activate|p2b: Terapagos|ability: Tera Shift\n|detailschange|p2b: Terapagos|Terapagos-Terastal, L50, M\n|-heal|p2b: Terapagos|100/100|[silent]\n|-ability|p1a: Chien-Pao|Sword of Ruin\n|-fieldstart|move: Electric Terrain|[from] ability: Hadron Engine|[of] p1b: Miraidon\n|turn|1\n|\n|t:|1776720873\n|move|p2b: Terapagos|Protect|p2b: Terapagos\n|-singleturn|p2b: Terapagos|Protect\n|move|p2a: Grimmsnarl|Light Screen|p2a: Grimmsnarl\n|-sidestart|p2: Shagrathisbeast|move: Light Screen\n|move|p1b: Miraidon|Electro Drift|p2b: Terapagos\n|-activate|p2b: Terapagos|move: Protect\n|move|p1a: Chien-Pao|Ice Spinner|p2b: Terapagos\n|-activate|p2b: Terapagos|move: Protect\n|\n|upkeep\n|turn|2\n|inactive|12sb34 has 30 seconds left.\n|inactive|Shagrathisbeast has 30 seconds left.\n|inactive|12sb34 has 20 seconds left.\n|inactive|12sb34 has 15 seconds left.\n|inactive|12sb34 has 10 seconds left.\n|\n|t:|1776720922\n|-terastallize|p1b: Miraidon|Electric\n|-terastallize|p2b: Terapagos|Stellar\n|detailschange|p2b: Terapagos|Terapagos-Stellar, L50, M, tera:Stellar\n|-heal|p2b: Terapagos|100/100|[silent]\n|-ability|p2b: Terapagos|Teraform Zero\n|-fieldend|move: Electric Terrain\n|move|p2a: Grimmsnarl|Reflect|p2a: Grimmsnarl\n|-sidestart|p2: Shagrathisbeast|Reflect\n|move|p1a: Chien-Pao|Throat Chop|p2b: Terapagos\n|-crit|p2b: Terapagos\n|-damage|p2b: Terapagos|54/100\n|-start|p2b: Terapagos|Throat Chop|[silent]\n|move|p1b: Miraidon|Electro Drift|p2b: Terapagos\n|-damage|p2b: Terapagos|15/100\n|-damage|p1b: Miraidon|91/100|[from] item: Life Orb\n|move|p2b: Terapagos|Calm Mind|p2b: Terapagos\n|-boost|p2b: Terapagos|spa|1\n|-boost|p2b: Terapagos|spd|1\n|\n|-heal|p2b: Terapagos|21/100|[from] item: Leftovers\n|upkeep\n|turn|3\n|inactive|Shagrathisbeast has 30 seconds left.\n|\n|t:|1776720950\n|switch|p2a: Rillaboom|Rillaboom, L50, F, shiny|100/100\n|-fieldstart|move: Grassy Terrain|[from] ability: Grassy Surge|[of] p2a: Rillaboom\n|move|p2b: Terapagos|Protect|p2b: Terapagos\n|-singleturn|p2b: Terapagos|Protect\n|move|p1a: Chien-Pao|Throat Chop|p2b: Terapagos\n|-activate|p2b: Terapagos|move: Protect\n|move|p1b: Miraidon|Dazzling Gleam|p2b: Terapagos|[spread] p2a\n|-activate|p2b: Terapagos|move: Protect\n|-damage|p2a: Rillaboom|87/100\n|-damage|p1b: Miraidon|81/100|[from] item: Life Orb\n|\n|-heal|p1b: Miraidon|87/100|[from] Grassy Terrain\n|-heal|p2a: Rillaboom|93/100|[from] Grassy Terrain\n|-heal|p2b: Terapagos|27/100|[from] Grassy Terrain\n|-heal|p2b: Terapagos|33/100|[from] item: Leftovers\n|-end|p2b: Terapagos|Throat Chop|[silent]\n|upkeep\n|turn|4\n|inactive|12sb34 has 30 seconds left.\n|inactive|12sb34 has 20 seconds left.\n|inactive|Shagrathisbeast has 30 seconds left.\n|inactive|12sb34 has 15 seconds left.\n|\n|t:|1776720993\n|move|p1a: Chien-Pao|Protect|p1a: Chien-Pao\n|-singleturn|p1a: Chien-Pao|Protect\n|move|p1b: Miraidon|Protect|p1b: Miraidon\n|-singleturn|p1b: Miraidon|Protect\n|move|p2a: Rillaboom|Fake Out|p1a: Chien-Pao\n|-activate|p1a: Chien-Pao|move: Protect\n|move|p2b: Terapagos|Tera Starstorm|p1b: Miraidon|[spread] \n|-activate|p1a: Chien-Pao|move: Protect\n|-activate|p1b: Miraidon|move: Protect\n|\n|-heal|p1b: Miraidon|92/100|[from] Grassy Terrain\n|-heal|p2a: Rillaboom|99/100|[from] Grassy Terrain\n|-heal|p2b: Terapagos|39/100|[from] Grassy Terrain\n|-heal|p2b: Terapagos|45/100|[from] item: Leftovers\n|upkeep\n|turn|5\n|\n|t:|1776721001\n|move|p2b: Terapagos|Protect|p2b: Terapagos\n|-singleturn|p2b: Terapagos|Protect\n|move|p1a: Chien-Pao|Throat Chop|p2b: Terapagos\n|-activate|p2b: Terapagos|move: Protect\n|move|p1b: Miraidon|Electro Drift|p2b: Terapagos\n|-activate|p2b: Terapagos|move: Protect\n|move|p2a: Rillaboom|U-turn|p1a: Chien-Pao\n|-supereffective|p1a: Chien-Pao\n|-damage|p1a: Chien-Pao|26/100\n|\n|t:|1776721013\n|switch|p2a: Calyrex|Calyrex-Shadow, L50|100/100|[from] U-turn\n|-ability|p2a: Calyrex|As One\n|-ability|p2a: Calyrex|Unnerve\n|\n|-heal|p1a: Chien-Pao|32/100|[from] Grassy Terrain\n|-heal|p1b: Miraidon|98/100|[from] Grassy Terrain\n|-heal|p2b: Terapagos|51/100|[from] Grassy Terrain\n|-heal|p2b: Terapagos|57/100|[from] item: Leftovers\n|upkeep\n|turn|6\n|\n|t:|1776721035\n|move|p1a: Chien-Pao|Sucker Punch||[still]\n|-fail|p1a: Chien-Pao\n|move|p2a: Calyrex|Will-O-Wisp|p1a: Chien-Pao\n|-status|p1a: Chien-Pao|brn\n|move|p1b: Miraidon|Draco Meteor|p2b: Terapagos\n|-damage|p2b: Terapagos|32/100\n|-unboost|p1b: Miraidon|spa|2\n|-damage|p1b: Miraidon|88/100|[from] item: Life Orb\n|move|p2b: Terapagos|Tera Starstorm|p1b: Miraidon|[spread] p1a,p1b\n|-supereffective|p1b: Miraidon\n|-damage|p1a: Chien-Pao|0 fnt\n|-damage|p1b: Miraidon|0 fnt\n|faint|p1a: Chien-Pao\n|faint|p1b: Miraidon\n|\n|-heal|p2b: Terapagos|38/100|[from] Grassy Terrain\n|-heal|p2b: Terapagos|44/100|[from] item: Leftovers\n|upkeep\n|\n|t:|1776721042\n|switch|p1b: Incineroar|Incineroar, L50, M, shiny|100/100\n|switch|p1a: Calyrex|Calyrex-Shadow, L50|100/100\n|-ability|p1a: Calyrex|As One\n|-ability|p1a: Calyrex|Unnerve\n|-ability|p1b: Incineroar|Intimidate|boost\n|-unboost|p2a: Calyrex|atk|1\n|-unboost|p2b: Terapagos|atk|1\n|turn|7\n|\n|t:|1776721066\n|move|p2b: Terapagos|Protect|p2b: Terapagos\n|-singleturn|p2b: Terapagos|Protect\n|move|p1a: Calyrex|Astral Barrage|p2a: Calyrex|[spread] p2a\n|-activate|p2b: Terapagos|move: Protect\n|-supereffective|p2a: Calyrex\n|-enditem|p2a: Calyrex|Focus Sash\n|-damage|p2a: Calyrex|1/100\n|move|p2a: Calyrex|Astral Barrage|p1a: Calyrex|[spread] p1a,p1b\n|-supereffective|p1a: Calyrex\n|-resisted|p1b: Incineroar\n|-damage|p1a: Calyrex|0 fnt\n|-damage|p1b: Incineroar|74/100\n|faint|p1a: Calyrex\n|-ability|p2a: Calyrex|Grim Neigh|boost\n|-boost|p2a: Calyrex|spa|1\n|move|p1b: Incineroar|Knock Off|p2a: Calyrex\n|-supereffective|p2a: Calyrex\n|-damage|p2a: Calyrex|0 fnt\n|faint|p2a: Calyrex\n|\n|-heal|p2b: Terapagos|50/100|[from] Grassy Terrain\n|-heal|p2b: Terapagos|57/100|[from] item: Leftovers\n|-heal|p1b: Incineroar|80/100|[from] Grassy Terrain\n|-fieldend|move: Grassy Terrain\n|upkeep\n|\n|t:|1776721082\n|switch|p2a: Rillaboom|Rillaboom, L50, F, shiny|99/100\n|-fieldstart|move: Grassy Terrain|[from] ability: Grassy Surge|[of] p2a: Rillaboom\n|turn|8\n|\n|t:|1776721088\n|move|p2a: Rillaboom|Fake Out|p1b: Incineroar\n|-damage|p1b: Incineroar|66/100\n|-damage|p2a: Rillaboom|83/100|[from] item: Rocky Helmet|[of] p1b: Incineroar\n|move|p2b: Terapagos|Earth Power|p1b: Incineroar\n|-supereffective|p1b: Incineroar\n|-damage|p1b: Incineroar|0 fnt\n|faint|p1b: Incineroar\n|\n|win|Shagrathisbeast\n|raw|12sb34's rating: 1325 &rarr; <strong>1315</strong><br />(-10 for losing)\n|raw|Shagrathisbeast's rating: 1525 &rarr; <strong>1535</strong><br />(+10 for winning)\n|l|\u260612sb34\n|player|p1|\n|c|\u2606Shagrathisbeast|GG\n","uploadtime":1776721103,"views":10,"formatid":"gen9vgc2026regi","rating":1315,"private":0,"password":null}