{"id":"gen9vgc2026regi-2520755651","format":"[Gen 9] VGC 2026 Reg I","players":["wasaad4","j0l0k0"],"log":"|j|\u2606wasaad4\n|j|\u2606j0l0k0\n|t:|1768679051\n|gametype|doubles\n|player|p1|wasaad4|blue|1137\n|player|p2|j0l0k0|brycen|1374\n|gen|9\n|tier|[Gen 9] VGC 2026 Reg I\n|rated|\n|rule|Species Clause: Limit one of each Pok\u00e9mon\n|rule|Item Clause: Limit 1 of each item\n|clearpoke\n|poke|p1|Kyurem-White, L50|\n|poke|p1|Zacian-*, L50|\n|poke|p1|Sableye, L50, M|\n|poke|p1|Urshifu-*, L50, F|\n|poke|p1|Amoonguss, L50, F|\n|poke|p1|Incineroar, L50, F|\n|poke|p2|Calyrex-Ice, L50|\n|poke|p2|Kyogre, L50|\n|poke|p2|Indeedee-F, L50, F|\n|poke|p2|Urshifu-*, L50, F|\n|poke|p2|Amoonguss, L50, F|\n|poke|p2|Landorus, L50, M|\n|teampreview|4\n|inactive|Battle timer is ON: inactive players will automatically lose when time's up. (requested by j0l0k0)\n|inactive|wasaad4 has 60 seconds left.\n|inactive|j0l0k0 has 60 seconds left.\n|\n|t:|1768679098\n|teamsize|p1|4\n|teamsize|p2|4\n|start\n|switch|p1a: Amoonguss|Amoonguss, L50, F|100/100\n|switch|p1b: Kyurem|Kyurem-White, L50, shiny|100/100\n|switch|p2a: Indeedee|Indeedee-F, L50, F, shiny|100/100\n|switch|p2b: Calyrex|Calyrex-Ice, L50|100/100\n|-ability|p2b: Calyrex|As One\n|-ability|p2b: Calyrex|Unnerve\n|-ability|p1b: Kyurem|Turboblaze\n|-fieldstart|move: Psychic Terrain|[from] ability: Psychic Surge|[of] p2a: Indeedee\n|turn|1\n|inactive|wasaad4 has 30 seconds left.\n|\n|t:|1768679124\n|move|p2a: Indeedee|Follow Me|p2a: Indeedee\n|-singleturn|p2a: Indeedee|move: Follow Me\n|move|p1b: Kyurem|Fusion Flare|p2a: Indeedee\n|-damage|p2a: Indeedee|64/100\n|move|p1a: Amoonguss|Spore|p2a: Indeedee\n|-activate|p2a: Indeedee|item: Safety Goggles|Spore\n|move|p2b: Calyrex|Trick Room|p2b: Calyrex\n|-fieldstart|move: Trick Room|[of] p2b: Calyrex\n|\n|upkeep\n|turn|2\n|\n|t:|1768679141\n|switch|p1b: Incineroar|Incineroar, L50, F|100/100\n|-ability|p1b: Incineroar|Intimidate|boost\n|-unboost|p2a: Indeedee|atk|1\n|-fail|p2b: Calyrex|unboost|[from] item: Clear Amulet|[of] p2b: Calyrex\n|move|p1a: Amoonguss|Protect|p1a: Amoonguss\n|-singleturn|p1a: Amoonguss|Protect\n|move|p2a: Indeedee|Follow Me|p2a: Indeedee\n|-singleturn|p2a: Indeedee|move: Follow Me\n|move|p2b: Calyrex|Glacial Lance|p1b: Incineroar|[spread] p1b\n|-activate|p1a: Amoonguss|move: Protect\n|-resisted|p1b: Incineroar\n|-damage|p1b: Incineroar|69/100\n|\n|upkeep\n|turn|3\n|\n|t:|1768679161\n|-terastallize|p1a: Amoonguss|Dark\n|move|p2a: Indeedee|Follow Me|p2a: Indeedee\n|-singleturn|p2a: Indeedee|move: Follow Me\n|move|p1a: Amoonguss|Spore|p2a: Indeedee\n|-activate|p2a: Indeedee|item: Safety Goggles|Spore\n|move|p2b: Calyrex|Glacial Lance|p1b: Incineroar|[spread] p1a,p1b\n|-crit|p1a: Amoonguss\n|-resisted|p1b: Incineroar\n|-damage|p1a: Amoonguss|5/100\n|-damage|p1b: Incineroar|42/100\n|move|p1b: Incineroar|Knock Off|p2a: Indeedee\n|-supereffective|p2a: Indeedee\n|-damage|p2a: Indeedee|0 fnt\n|-enditem|p2a: Indeedee|Safety Goggles|[from] move: Knock Off|[of] p1b: Incineroar\n|faint|p2a: Indeedee\n|\n|upkeep\n|\n|t:|1768679174\n|switch|p2a: Kyogre|Kyogre, L50, shiny|100/100\n|-weather|RainDance|[from] ability: Drizzle|[of] p2a: Kyogre\n|turn|4\n|\n|t:|1768679182\n|-terastallize|p2a: Kyogre|Grass\n|move|p1a: Amoonguss|Protect|p1a: Amoonguss\n|-singleturn|p1a: Amoonguss|Protect\n|move|p2b: Calyrex|Glacial Lance|p1a: Amoonguss|[spread] p1b\n|-activate|p1a: Amoonguss|move: Protect\n|-resisted|p1b: Incineroar\n|-damage|p1b: Incineroar|14/100\n|move|p1b: Incineroar|Will-O-Wisp|p2b: Calyrex\n|-status|p2b: Calyrex|brn\n|move|p2a: Kyogre|Water Spout|p1b: Incineroar|[spread] p1b\n|-activate|p1a: Amoonguss|move: Protect\n|-supereffective|p1b: Incineroar\n|-damage|p1b: Incineroar|0 fnt\n|faint|p1b: Incineroar\n|\n|-weather|RainDance|[upkeep]\n|-damage|p2b: Calyrex|95/100 brn|[from] brn\n|upkeep\n|\n|t:|1768679193\n|switch|p1b: Kyurem|Kyurem-White, L50, shiny|100/100\n|-ability|p1b: Kyurem|Turboblaze\n|turn|5\n|\n|t:|1768679204\n|move|p1a: Amoonguss|Sludge Bomb|p2a: Kyogre\n|-supereffective|p2a: Kyogre\n|-damage|p2a: Kyogre|74/100\n|move|p2b: Calyrex|Glacial Lance|p1b: Kyurem|[spread] p1a,p1b\n|-damage|p1a: Amoonguss|0 fnt\n|-damage|p1b: Kyurem|76/100\n|faint|p1a: Amoonguss\n|-ability|p2b: Calyrex|Chilling Neigh|boost\n|-boost|p2b: Calyrex|atk|1\n|move|p2a: Kyogre|Water Spout|p1b: Kyurem\n|-resisted|p1b: Kyurem\n|-damage|p1b: Kyurem|50/100\n|move|p1b: Kyurem|Freeze-Dry|p2a: Kyogre\n|-supereffective|p2a: Kyogre\n|-damage|p2a: Kyogre|31/100\n|\n|-weather|RainDance|[upkeep]\n|-damage|p2b: Calyrex|89/100 brn|[from] brn\n|-fieldend|move: Trick Room\n|-fieldend|move: Psychic Terrain\n|upkeep\n|\n|t:|1768679217\n|switch|p1a: Zacian|Zacian-Crowned, L50|100/100\n|-ability|p1a: Zacian|Intrepid Sword|boost\n|-boost|p1a: Zacian|atk|1\n|turn|6\n|\n|t:|1768679227\n|move|p1a: Zacian|Behemoth Blade|p2b: Calyrex\n|-supereffective|p2b: Calyrex\n|-damage|p2b: Calyrex|0 fnt\n|faint|p2b: Calyrex\n|move|p1b: Kyurem|Freeze-Dry|p2a: Kyogre\n|-supereffective|p2a: Kyogre\n|-damage|p2a: Kyogre|0 fnt\n|faint|p2a: Kyogre\n|\n|-weather|RainDance|[upkeep]\n|upkeep\n|\n|t:|1768679239\n|switch|p2b: Urshifu|Urshifu, L50, F|100/100\n|turn|7\n|\n|t:|1768679244\n|move|p1a: Zacian|Play Rough|p2b: Urshifu\n|-supereffective|p2b: Urshifu\n|-enditem|p2b: Urshifu|Focus Sash\n|-damage|p2b: Urshifu|1/100\n|move|p2b: Urshifu|Close Combat|p1b: Kyurem\n|-supereffective|p1b: Kyurem\n|-damage|p1b: Kyurem|0 fnt\n|-unboost|p2b: Urshifu|def|1\n|-unboost|p2b: Urshifu|spd|1\n|faint|p1b: Kyurem\n|\n|-weather|RainDance|[upkeep]\n|upkeep\n|turn|8\n|\n|t:|1768679256\n|move|p1a: Zacian|Behemoth Blade|p2b: Urshifu\n|-damage|p2b: Urshifu|0 fnt\n|faint|p2b: Urshifu\n|\n|win|wasaad4\n|raw|wasaad4's rating: 1137 &rarr; <strong>1177</strong><br />(+40 for winning)\n|raw|j0l0k0's rating: 1374 &rarr; <strong>1342</strong><br />(-32 for losing)\n","uploadtime":1768679261,"views":15,"formatid":"gen9vgc2026regi","rating":1177,"private":0,"password":null}