{"id":"gen9vgc2026regi-2515997219","format":"[Gen 9] VGC 2026 Reg I","players":["fwoompie","kojimuranishi"],"log":"|j|\u2606fwoompie\n|j|\u2606kojimuranishi\n|t:|1768069410\n|gametype|doubles\n|player|p1|fwoompie|hiker-gen4|1128\n|player|p2|kojimuranishi|266|1278\n|gen|9\n|tier|[Gen 9] VGC 2026 Reg I\n|rated|\n|rule|Species Clause: Limit one of each Pok\u00e9mon\n|rule|Item Clause: Limit 1 of each item\n|clearpoke\n|poke|p1|Tatsugiri-Droopy, L50, M|\n|poke|p1|Dondozo, L50, M|\n|poke|p1|Miraidon, L50|\n|poke|p1|Calyrex-Ice, L50|\n|poke|p1|Flamigo, L50, M|\n|poke|p1|Farigiraf, L50, M|\n|poke|p2|Raging Bolt, L50|\n|poke|p2|Calyrex-Ice, L50|\n|poke|p2|Kyogre, L50|\n|poke|p2|Indeedee-F, L50, F|\n|poke|p2|Landorus, L50, M|\n|poke|p2|Urshifu-*, L50, M|\n|teampreview|4\n|inactive|Battle timer is ON: inactive players will automatically lose when time's up. (requested by fwoompie)\n|c|\u2606fwoompie|Good luck\n|inactive|kojimuranishi has 60 seconds left.\n|\n|t:|1768069461\n|teamsize|p1|4\n|teamsize|p2|4\n|start\n|switch|p1a: 40 dollar paywall|Calyrex-Ice, L50|100/100\n|switch|p1b: Cry about it|Miraidon, L50|100/100\n|switch|p2a: Indeedee|Indeedee-F, L50, F|100/100\n|switch|p2b: Calyrex|Calyrex-Ice, L50|100/100\n|-ability|p1a: 40 dollar paywall|As One\n|-ability|p1a: 40 dollar paywall|Unnerve\n|-ability|p2b: Calyrex|As One\n|-ability|p2b: Calyrex|Unnerve\n|-fieldstart|move: Electric Terrain|[from] ability: Hadron Engine|[of] p1b: Cry about it\n|-fieldstart|move: Psychic Terrain|[from] ability: Psychic Surge|[of] p2a: Indeedee\n|turn|1\n|\n|t:|1768069481\n|move|p1b: Cry about it|Volt Switch|p2a: Indeedee\n|-damage|p2a: Indeedee|62/100\n|\n|t:|1768069489\n|switch|p1b: Master|Tatsugiri-Droopy, L50, M|100/100|[from] Volt Switch\n|move|p2a: Indeedee|Heal Pulse|p2b: Calyrex\n|-fail|p2b: Calyrex|heal\n|move|p1a: 40 dollar paywall|Imprison|p1a: 40 dollar paywall\n|-start|p1a: 40 dollar paywall|move: Imprison\n|move|p2b: Calyrex|Leech Seed|p1a: 40 dollar paywall|[miss]\n|-miss|p2b: Calyrex|p1a: 40 dollar paywall\n|\n|-status|p1b: Master|tox|[from] item: Toxic Orb\n|upkeep\n|turn|2\n|inactive|kojimuranishi has 30 seconds left.\n|\n|t:|1768069517\n|move|p1b: Master|Muddy Water|p2a: Indeedee|[spread] p2a,p2b\n|-damage|p2a: Indeedee|28/100\n|-damage|p2b: Calyrex|78/100\n|move|p2a: Indeedee|Psychic|p1a: 40 dollar paywall\n|-resisted|p1a: 40 dollar paywall\n|-damage|p1a: 40 dollar paywall|87/100\n|move|p1a: 40 dollar paywall|High Horsepower|p2b: Calyrex\n|-damage|p2b: Calyrex|51/100\n|move|p2b: Calyrex|Leech Seed|p1b: Master\n|-start|p1b: Master|move: Leech Seed\n|\n|-heal|p2b: Calyrex|57/100|[from] item: Leftovers\n|-damage|p1b: Master|89/100 tox|[from] Leech Seed|[of] p2b: Calyrex\n|-heal|p2b: Calyrex|65/100|[silent]\n|-damage|p1b: Master|83/100 tox|[from] psn\n|upkeep\n|turn|3\n|\n|t:|1768069541\n|switch|p2a: Kyogre|Kyogre, L50|100/100\n|-weather|RainDance|[from] ability: Drizzle|[of] p2a: Kyogre\n|move|p1b: Master|Muddy Water|p2a: Kyogre|[spread] p2a\n|-miss|p1b: Master|p2b: Calyrex\n|-resisted|p2a: Kyogre\n|-damage|p2a: Kyogre|80/100\n|-unboost|p2a: Kyogre|accuracy|1\n|move|p1a: 40 dollar paywall|High Horsepower|p2b: Calyrex\n|-damage|p2b: Calyrex|38/100\n|move|p2b: Calyrex|Leech Seed|p1a: 40 dollar paywall\n|-start|p1a: 40 dollar paywall|move: Leech Seed\n|\n|-weather|RainDance|[upkeep]\n|-heal|p2b: Calyrex|44/100|[from] item: Leftovers\n|-damage|p1b: Master|71/100 tox|[from] Leech Seed|[of] p2b: Calyrex\n|-heal|p2b: Calyrex|52/100|[silent]\n|-damage|p1a: 40 dollar paywall|75/100|[from] Leech Seed|[of] p2b: Calyrex\n|-heal|p2b: Calyrex|64/100|[silent]\n|-damage|p1b: Master|60/100 tox|[from] psn\n|upkeep\n|turn|4\n|inactive|kojimuranishi has 30 seconds left.\n|j| infinitepowahh\n|inactive|kojimuranishi has 20 seconds left.\n|inactive|kojimuranishi has 15 seconds left.\n|\n|t:|1768069581\n|move|p2a: Kyogre|Thunder|p1a: 40 dollar paywall\n|-damage|p1a: 40 dollar paywall|47/100\n|move|p1b: Master|Muddy Water|p2b: Calyrex|[spread] p2a,p2b\n|-resisted|p2a: Kyogre\n|-damage|p2a: Kyogre|61/100\n|-damage|p2b: Calyrex|31/100\n|-unboost|p2b: Calyrex|accuracy|1\n|move|p1a: 40 dollar paywall|High Horsepower|p2a: Kyogre\n|-damage|p2a: Kyogre|14/100\n|move|p2b: Calyrex|Leech Seed|p1a: 40 dollar paywall|[miss]\n|-miss|p2b: Calyrex|p1a: 40 dollar paywall\n|\n|-weather|RainDance|[upkeep]\n|-heal|p2b: Calyrex|37/100|[from] item: Leftovers\n|-damage|p1b: Master|48/100 tox|[from] Leech Seed|[of] p2b: Calyrex\n|-heal|p2b: Calyrex|45/100|[silent]\n|-damage|p1a: 40 dollar paywall|35/100|[from] Leech Seed|[of] p2b: Calyrex\n|-heal|p2b: Calyrex|57/100|[silent]\n|-damage|p1b: Master|31/100 tox|[from] psn\n|upkeep\n|turn|5\n|inactive|kojimuranishi has 30 seconds left.\n|\n|t:|1768069607\n|move|p2b: Calyrex|Protect|p2b: Calyrex\n|-singleturn|p2b: Calyrex|Protect\n|move|p2a: Kyogre|Thunder|p1a: 40 dollar paywall\n|-damage|p1a: 40 dollar paywall|4/100\n|move|p1b: Master|Muddy Water|p2b: Calyrex|[spread] p2a\n|-activate|p2b: Calyrex|move: Protect\n|-resisted|p2a: Kyogre\n|-damage|p2a: Kyogre|0 fnt\n|faint|p2a: Kyogre\n|move|p1a: 40 dollar paywall|Glacial Lance|p2b: Calyrex\n|-activate|p2b: Calyrex|move: Protect\n|\n|-weather|RainDance|[upkeep]\n|-heal|p2b: Calyrex|63/100|[from] item: Leftovers\n|-damage|p1b: Master|19/100 tox|[from] Leech Seed|[of] p2b: Calyrex\n|-heal|p2b: Calyrex|71/100|[silent]\n|-damage|p1a: 40 dollar paywall|0 fnt|[from] Leech Seed|[of] p2b: Calyrex\n|-heal|p2b: Calyrex|75/100|[silent]\n|faint|p1a: 40 dollar paywall\n|-damage|p1b: Master|0 fnt|[from] psn\n|faint|p1b: Master\n|-fieldend|move: Psychic Terrain\n|upkeep\n|inactive|kojimuranishi has 30 seconds left.\n|\n|t:|1768069634\n|switch|p2a: Indeedee|Indeedee-F, L50, F|28/100\n|switch|p1b: Cry about it|Miraidon, L50|100/100\n|switch|p1a: Blaster|Dondozo, L50, M|100/100\n|-fieldstart|move: Electric Terrain|[from] ability: Hadron Engine|[of] p1b: Cry about it\n|-fieldstart|move: Psychic Terrain|[from] ability: Psychic Surge|[of] p2a: Indeedee\n|turn|6\n|inactive|kojimuranishi has 30 seconds left.\n|\n|t:|1768069659\n|move|p2a: Indeedee|Follow Me|p2a: Indeedee\n|-singleturn|p2a: Indeedee|move: Follow Me\n|move|p1b: Cry about it|Electro Drift|p2a: Indeedee\n|-damage|p2a: Indeedee|0 fnt\n|-damage|p1b: Cry about it|84/100|[from] item: Rocky Helmet|[of] p2a: Indeedee\n|faint|p2a: Indeedee\n|move|p1a: Blaster|Wave Crash|p2b: Calyrex\n|-damage|p2b: Calyrex|26/100\n|-damage|p1a: Blaster|87/100|[from] Recoil\n|move|p2b: Calyrex|Trick Room|p2b: Calyrex\n|-fieldstart|move: Trick Room|[of] p2b: Calyrex\n|\n|-weather|RainDance|[upkeep]\n|-heal|p1a: Blaster|93/100|[from] item: Leftovers\n|-heal|p2b: Calyrex|31/100|[from] item: Leftovers\n|upkeep\n|\n|t:|1768069675\n|switch|p2a: Raging Bolt|Raging Bolt, L50|100/100\n|-enditem|p2a: Raging Bolt|Booster Energy\n|-activate|p2a: Raging Bolt|ability: Protosynthesis|[fromitem]\n|-start|p2a: Raging Bolt|protosynthesisspa\n|turn|7\n|\n|t:|1768069685\n|-terastallize|p2a: Raging Bolt|Electric\n|move|p2b: Calyrex|Glacial Lance|p1b: Cry about it|[spread] p1a,p1b\n|-resisted|p1a: Blaster\n|-supereffective|p1b: Cry about it\n|-damage|p1a: Blaster|80/100\n|-damage|p1b: Cry about it|7/100\n|move|p1a: Blaster|Wave Crash|p2b: Calyrex\n|-damage|p2b: Calyrex|0 fnt\n|faint|p2b: Calyrex\n|-damage|p1a: Blaster|72/100|[from] Recoil\n|move|p2a: Raging Bolt|Thunderbolt|p1a: Blaster\n|-supereffective|p1a: Blaster\n|-damage|p1a: Blaster|0 fnt\n|faint|p1a: Blaster\n|move|p1b: Cry about it|Electro Drift|p2a: Raging Bolt\n|-resisted|p2a: Raging Bolt\n|-damage|p2a: Raging Bolt|77/100\n|\n|-weather|none\n|upkeep\n|turn|8\n|c|\u2606fwoompie|Gg\n|-message|fwoompie forfeited.\n|\n|win|kojimuranishi\n|raw|fwoompie's rating: 1128 &rarr; <strong>1113</strong><br />(-15 for losing)\n|raw|kojimuranishi's rating: 1278 &rarr; <strong>1293</strong><br />(+15 for winning)\n|l|\u2606fwoompie\n|player|p1|\n|l|\u2606kojimuranishi\n|player|p2|\n|l| infinitepowahh\n","uploadtime":1768070029,"views":12,"formatid":"gen9vgc2026regi","rating":1113,"private":0,"password":null}