{"id":"gen9vgc2026regi-2564196893","format":"[Gen 9] VGC 2026 Reg I","players":["Nightmare_King_VGC","1VLTSQ Joker"],"log":"|raw|<div class=\"broadcast-blue\"><strong>This battle is required to be public due to a player having a name starting with '1vltsq'.</div>\n|j|\u2606Nightmare_King_VGC\n|j|\u26061VLTSQ Joker\n|t:|1774119522\n|gametype|doubles\n|player|p1|Nightmare_King_VGC|n|1490\n|player|p2|1VLTSQ Joker|blue|1540\n|gen|9\n|tier|[Gen 9] VGC 2026 Reg I\n|rated|\n|rule|Species Clause: Limit one of each Pok\u00e9mon\n|rule|Item Clause: Limit 1 of each item\n|clearpoke\n|poke|p1|Koraidon, L50|\n|poke|p1|Calyrex-Shadow, L50|\n|poke|p1|Incineroar, L50, F|\n|poke|p1|Raging Bolt, L50|\n|poke|p1|Brute Bonnet, L50|\n|poke|p1|Landorus, L50, M|\n|poke|p2|Calyrex-Ice, L50|\n|poke|p2|Smeargle, L50, M|\n|poke|p2|Kyogre, L50|\n|poke|p2|Maushold, L50|\n|poke|p2|Volcarona, L50, F|\n|poke|p2|Chesnaught, L50, F|\n|teampreview|4\n|\n|t:|1774119575\n|teamsize|p1|4\n|teamsize|p2|4\n|start\n|switch|p1a: Brute Bonnet|Brute Bonnet, L50|100/100\n|switch|p1b: Calyrex|Calyrex-Shadow, L50|100/100\n|switch|p2a: Calyrex|Calyrex-Ice, L50|100/100\n|switch|p2b: Smeargle|Smeargle, L50, M|100/100\n|-ability|p1b: Calyrex|As One\n|-ability|p1b: Calyrex|Unnerve\n|-ability|p2a: Calyrex|As One\n|-ability|p2a: Calyrex|Unnerve\n|turn|1\n|inactive|Battle timer is ON: inactive players will automatically lose when time's up. (requested by Nightmare_King_VGC)\n|inactive|Nightmare_King_VGC has 60 seconds left.\n|\n|t:|1774119613\n|-terastallize|p2a: Calyrex|Grass\n|-terastallize|p1a: Brute Bonnet|Water\n|move|p1b: Calyrex|Protect|p1b: Calyrex\n|-singleturn|p1b: Calyrex|Protect\n|move|p2b: Smeargle|Spore|p1b: Calyrex\n|-activate|p1b: Calyrex|move: Protect\n|move|p2a: Calyrex|Glacial Lance|p1a: Brute Bonnet|[spread] p1a\n|-activate|p1b: Calyrex|move: Protect\n|-resisted|p1a: Brute Bonnet\n|-damage|p1a: Brute Bonnet|83/100\n|move|p1a: Brute Bonnet|Spore|p2a: Calyrex\n|-immune|p2a: Calyrex\n|\n|-ability|p2b: Smeargle|Moody|boost\n|-boost|p2b: Smeargle|atk|2\n|-unboost|p2b: Smeargle|def|1\n|upkeep\n|turn|2\n|inactive|Nightmare_King_VGC has 30 seconds left.\n|inactive|Nightmare_King_VGC has 20 seconds left.\n|\n|t:|1774119653\n|move|p1b: Calyrex|Psychic|p2b: Smeargle\n|-enditem|p2b: Smeargle|Focus Sash\n|-damage|p2b: Smeargle|1/100\n|move|p2b: Smeargle|Spore|p1a: Brute Bonnet\n|-status|p1a: Brute Bonnet|slp|[from] move: Spore\n|move|p2a: Calyrex|Glacial Lance|p1b: Calyrex|[spread] p1a,p1b\n|-resisted|p1a: Brute Bonnet\n|-damage|p1a: Brute Bonnet|65/100 slp\n|-damage|p1b: Calyrex|36/100\n|cant|p1a: Brute Bonnet|slp\n|\n|-ability|p2b: Smeargle|Moody|boost\n|-boost|p2b: Smeargle|spa|2\n|-unboost|p2b: Smeargle|spd|1\n|upkeep\n|turn|3\n|inactive|1VLTSQ Joker has 30 seconds left.\n|inactive|1VLTSQ Joker has 20 seconds left.\n|\n|t:|1774119691\n|move|p1b: Calyrex|Protect|p1b: Calyrex\n|-singleturn|p1b: Calyrex|Protect\n|move|p2b: Smeargle|Decorate|p2a: Calyrex\n|-boost|p2a: Calyrex|atk|2\n|-boost|p2a: Calyrex|spa|2\n|move|p2a: Calyrex|Glacial Lance|p1b: Calyrex|[spread] p1a\n|-activate|p1b: Calyrex|move: Protect\n|-resisted|p1a: Brute Bonnet\n|-damage|p1a: Brute Bonnet|28/100 slp\n|-curestatus|p1a: Brute Bonnet|slp|[msg]\n|move|p1a: Brute Bonnet|Seed Bomb|p2b: Smeargle\n|-damage|p2b: Smeargle|0 fnt\n|faint|p2b: Smeargle\n|\n|upkeep\n|\n|t:|1774119710\n|switch|p2b: Maushold|Maushold, L50|100/100\n|turn|4\n|inactive|Nightmare_King_VGC has 30 seconds left.\n|inactive|Nightmare_King_VGC has 20 seconds left.\n|inactive|Nightmare_King_VGC has 15 seconds left.\n|\n|t:|1774119751\n|move|p2b: Maushold|Protect|p2b: Maushold\n|-singleturn|p2b: Maushold|Protect\n|move|p1b: Calyrex|Psychic|p2b: Maushold\n|-activate|p2b: Maushold|move: Protect\n|move|p2a: Calyrex|Glacial Lance|p1b: Calyrex|[spread] p1a,p1b\n|-resisted|p1a: Brute Bonnet\n|-damage|p1a: Brute Bonnet|0 fnt\n|-damage|p1b: Calyrex|0 fnt\n|faint|p1a: Brute Bonnet\n|-end|p1a: Brute Bonnet|Protosynthesis|[silent]\n|faint|p1b: Calyrex\n|-ability|p2a: Calyrex|Chilling Neigh|boost\n|-boost|p2a: Calyrex|atk|2\n|\n|upkeep\n|\n|t:|1774119754\n|switch|p1b: Raging Bolt|Raging Bolt, L50|100/100\n|switch|p1a: Koraidon|Koraidon, L50|100/100\n|-weather|SunnyDay|[from] ability: Orichalcum Pulse|[of] p1a: Koraidon\n|-activate|p1b: Raging Bolt|ability: Protosynthesis\n|-start|p1b: Raging Bolt|protosynthesisspa\n|-activate|p1a: Koraidon|Orichalcum Pulse|[source]\n|turn|5\n|-message|Nightmare_King_VGC forfeited.\n|\n|win|1VLTSQ Joker\n|raw|Nightmare_King_VGC's rating: 1490 &rarr; <strong>1473</strong><br />(-17 for losing)\n|raw|1VLTSQ Joker's rating: 1540 &rarr; <strong>1557</strong><br />(+17 for winning)\n|l|\u2606Nightmare_King_VGC\n|player|p1|\n|l|\u26061VLTSQ Joker\n|player|p2|\n","uploadtime":1774119921,"views":32,"formatid":"gen9vgc2026regi","rating":1473,"private":0,"password":null}