{"id":"gen9vgc2026regi-2552239003","format":"[Gen 9] VGC 2026 Reg I","players":["lior97h","I\u2764\ufe0f\u5a1c\u7984forever"],"log":"|j|\u2606lior97h\n|j|\u2606I\u2764\ufe0f\u5a1c\u7984forever\n|t:|1772694934\n|gametype|doubles\n|player|p1|lior97h|lucas|1489\n|player|p2|I\u2764\ufe0f\u5a1c\u7984forever|youngcouple-gen4dp|1449\n|gen|9\n|tier|[Gen 9] VGC 2026 Reg I\n|rated|\n|rule|Species Clause: Limit one of each Pok\u00e9mon\n|rule|Item Clause: Limit 1 of each item\n|clearpoke\n|poke|p1|Zamazenta-*, L50|\n|poke|p1|Gengar, L50, M|\n|poke|p1|Whimsicott, L50, F|\n|poke|p1|Calyrex-Shadow, L50|\n|poke|p1|Sableye, L50, F|\n|poke|p1|Smeargle, L50, M|\n|poke|p2|Groudon, L50|\n|poke|p2|Kyurem-White, L50|\n|poke|p2|Heatran, L50, F|\n|poke|p2|Whimsicott, L50, F|\n|poke|p2|Roaring Moon, L50|\n|poke|p2|Ditto, L50|\n|teampreview|4\n|inactive|Battle timer is ON: inactive players will automatically lose when time's up. (requested by lior97h)\n|inactive|lior97h has 60 seconds left.\n|\n|t:|1772694983\n|teamsize|p1|4\n|teamsize|p2|4\n|start\n|switch|p1a: Sableye|Sableye, L50, F|100/100\n|switch|p1b: Zamazenta|Zamazenta-Crowned, L50|100/100\n|switch|p2a: Whimsicott|Whimsicott, L50, F|100/100\n|switch|p2b: Kyurem|Kyurem-White, L50|100/100\n|-ability|p1b: Zamazenta|Dauntless Shield|boost\n|-boost|p1b: Zamazenta|def|1\n|-ability|p2b: Kyurem|Turboblaze\n|turn|1\n|\n|t:|1772695002\n|-terastallize|p2b: Kyurem|Ghost\n|move|p1a: Sableye|Fake Out|p2b: Kyurem\n|-immune|p2b: Kyurem\n|move|p2a: Whimsicott|Endeavor|p1b: Zamazenta\n|-damage|p1b: Zamazenta|67/100\n|move|p1b: Zamazenta|Body Press|p2b: Kyurem\n|-immune|p2b: Kyurem\n|move|p2b: Kyurem|Fusion Flare|p1b: Zamazenta\n|-supereffective|p1b: Zamazenta\n|-damage|p1b: Zamazenta|0 fnt\n|faint|p1b: Zamazenta\n|\n|upkeep\n|\n|t:|1772695020\n|switch|p1b: Calyrex|Calyrex-Shadow, L50|100/100\n|-ability|p1b: Calyrex|As One\n|-ability|p1b: Calyrex|Unnerve\n|turn|2\n|\n|t:|1772695045\n|move|p2a: Whimsicott|Tailwind|p2a: Whimsicott\n|-sidestart|p2: I\u2764\ufe0f\u5a1c\u7984forever|move: Tailwind\n|move|p1a: Sableye|Disable|p2b: Kyurem\n|-start|p2b: Kyurem|Disable|Fusion Flare\n|move|p1b: Calyrex|Astral Barrage|p2a: Whimsicott|[spread] p2a,p2b\n|-supereffective|p2b: Kyurem\n|-enditem|p2a: Whimsicott|Focus Sash\n|-damage|p2a: Whimsicott|1/100\n|-damage|p2b: Kyurem|13/100\n|move|p2b: Kyurem|Blizzard|p1b: Calyrex|[spread] p1a\n|-miss|p2b: Kyurem|p1b: Calyrex\n|-enditem|p2b: Kyurem|Blunder Policy\n|-boost|p2b: Kyurem|spe|2\n|-damage|p1a: Sableye|23/100\n|-enditem|p1a: Sableye|Eject Button\n|\n|t:|1772695061\n|switch|p1a: Whimsicott|Whimsicott, L50, F|100/100\n|\n|upkeep\n|turn|3\n|\n|t:|1772695079\n|move|p1a: Whimsicott|Tailwind|p1a: Whimsicott\n|-sidestart|p1: lior97h|move: Tailwind\n|move|p1b: Calyrex|Astral Barrage|p2a: Whimsicott|[spread] p2a,p2b\n|-supereffective|p2b: Kyurem\n|-damage|p2a: Whimsicott|0 fnt\n|-damage|p2b: Kyurem|0 fnt\n|faint|p2a: Whimsicott\n|faint|p2b: Kyurem\n|-ability|p1b: Calyrex|Grim Neigh|boost\n|-boost|p1b: Calyrex|spa|2\n|\n|upkeep\n|\n|t:|1772695091\n|switch|p2a: Ditto|Ditto, L50|100/100\n|switch|p2b: Groudon|Groudon, L50|100/100\n|-weather|SunnyDay|[from] ability: Drought|[of] p2b: Groudon\n|-transform|p2a: Ditto|p1b: Calyrex|[from] ability: Imposter\n|-ability|p2a: Ditto|As One\n|-ability|p2a: Ditto|Unnerve\n|turn|4\n|\n|t:|1772695114\n|-terastallize|p1b: Calyrex|Dark\n|move|p1a: Whimsicott|Helping Hand|p1b: Calyrex\n|-singleturn|p1b: Calyrex|Helping Hand|[of] p1a: Whimsicott\n|move|p1b: Calyrex|Astral Barrage|p2a: Ditto|[spread] p2a,p2b\n|-supereffective|p2a: Ditto\n|-damage|p2a: Ditto|0 fnt\n|-damage|p2b: Groudon|12/100\n|faint|p2a: Ditto\n|-ability|p1b: Calyrex|Grim Neigh|boost\n|-boost|p1b: Calyrex|spa|1\n|move|p2b: Groudon|Crunch|p1b: Calyrex\n|-resisted|p1b: Calyrex\n|-damage|p1b: Calyrex|80/100\n|\n|-weather|SunnyDay|[upkeep]\n|upkeep\n|turn|5\n|\n|t:|1772695132\n|move|p1b: Calyrex|Astral Barrage|p2b: Groudon\n|-damage|p2b: Groudon|0 fnt\n|faint|p2b: Groudon\n|\n|win|lior97h\n|raw|lior97h's rating: 1489 &rarr; <strong>1507</strong><br />(+18 for winning)\n|raw|I\u2764\ufe0f\u5a1c\u7984forever's rating: 1449 &rarr; <strong>1431</strong><br />(-18 for losing)\n|l|\u2606I\u2764\ufe0f\u5a1c\u7984forever\n|player|p2|\n|c|\u2606lior97h|Gg\n|l|\u2606lior97h\n|player|p1|\n","uploadtime":1772695323,"views":13,"formatid":"gen9vgc2026regi","rating":1431,"private":0,"password":null}