{"id":"gen9vgc2026regi-2578087544","format":"[Gen 9] VGC 2026 Reg I","players":["Glaceon_1740","Wan Wood"],"log":"|j|\u2606Glaceon_1740\n|j|\u2606Wan Wood\n|t:|1775646447\n|gametype|doubles\n|player|p1|Glaceon_1740|dawn-gen4pt|1492\n|player|p2|Wan Wood|2|1499\n|gen|9\n|tier|[Gen 9] VGC 2026 Reg I\n|rated|\n|rule|Species Clause: Limit one of each Pok\u00e9mon\n|rule|Item Clause: Limit 1 of each item\n|clearpoke\n|poke|p1|Meowscarada, L50, F|\n|poke|p1|Murkrow, L50, M|\n|poke|p1|Kyogre, L50|\n|poke|p1|Zacian-*, L50|\n|poke|p1|Incineroar, L50, F|\n|poke|p1|Rillaboom, L50, F|\n|poke|p2|Rayquaza, L50|\n|poke|p2|Chien-Pao, L50|\n|poke|p2|Rillaboom, L50, M|\n|poke|p2|Volcarona, L50, M|\n|poke|p2|Urshifu-*, L50, F|\n|poke|p2|Solgaleo, L50|\n|teampreview|4\n|inactive|Battle timer is ON: inactive players will automatically lose when time's up. (requested by Glaceon_1740)\n|inactive|Glaceon_1740 has 60 seconds left.\n|\n|t:|1775646504\n|teamsize|p1|4\n|teamsize|p2|4\n|start\n|switch|p1a: Meowscarada|Meowscarada, L50, F|100/100\n|switch|p1b: Kyogre|Kyogre, L50|100/100\n|switch|p2a: Chien-Pao|Chien-Pao, L50|100/100\n|switch|p2b: Solgaleo|Solgaleo, L50|100/100\n|-ability|p2a: Chien-Pao|Sword of Ruin\n|-weather|RainDance|[from] ability: Drizzle|[of] p1b: Kyogre\n|turn|1\n|inactive|Glaceon_1740 has 30 seconds left.\n|\n|t:|1775646530\n|move|p2b: Solgaleo|Wide Guard|p2b: Solgaleo\n|-singleturn|p2b: Solgaleo|Wide Guard\n|move|p1a: Meowscarada|U-turn|p2a: Chien-Pao\n|-start|p1a: Meowscarada|typechange|Bug|[from] ability: Protean\n|-supereffective|p2a: Chien-Pao\n|-damage|p2a: Chien-Pao|8/100\n|\n|t:|1775646538\n|switch|p1a: Incineroar|Incineroar, L50, F, shiny|100/100|[from] U-turn\n|-ability|p1a: Incineroar|Intimidate|boost\n|-unboost|p2a: Chien-Pao|atk|1\n|-fail|p2b: Solgaleo|unboost|[from] ability: Full Metal Body|[of] p2b: Solgaleo\n|move|p2a: Chien-Pao|Ice Spinner|p1a: Incineroar\n|-resisted|p1a: Incineroar\n|-damage|p1a: Incineroar|86/100\n|move|p1b: Kyogre|Water Spout|p2a: Chien-Pao|[spread] \n|-activate|p2a: Chien-Pao|move: Wide Guard\n|-activate|p2b: Solgaleo|move: Wide Guard\n|\n|-weather|RainDance|[upkeep]\n|upkeep\n|turn|2\n|inactive|Glaceon_1740 has 30 seconds left.\n|\n|t:|1775646572\n|switch|p2a: Rayquaza|Rayquaza, L50|100/100\n|-ability|p2a: Rayquaza|Air Lock\n|move|p1b: Kyogre|Protect|p1b: Kyogre\n|-singleturn|p1b: Kyogre|Protect\n|move|p2b: Solgaleo|Earthquake|p1b: Kyogre|[spread] p1a\n|-activate|p1b: Kyogre|move: Protect\n|-immune|p2a: Rayquaza\n|-supereffective|p1a: Incineroar\n|-damage|p1a: Incineroar|26/100\n|-damage|p2b: Solgaleo|91/100|[from] item: Life Orb\n|move|p1a: Incineroar|Will-O-Wisp|p2b: Solgaleo\n|-status|p2b: Solgaleo|brn\n|\n|-weather|RainDance|[upkeep]\n|-damage|p2b: Solgaleo|84/100 brn|[from] brn\n|upkeep\n|turn|3\n|inactive|Glaceon_1740 has 30 seconds left.\n|inactive|Glaceon_1740 has 20 seconds left.\n|inactive|Glaceon_1740 has 15 seconds left.\n|inactive|Glaceon_1740 has 10 seconds left.\n|inactive|Glaceon_1740 has 5 seconds left.\n|\n|t:|1775646625\n|switch|p2b: Chien-Pao|Chien-Pao, L50|8/100\n|-ability|p2b: Chien-Pao|Sword of Ruin\n|-terastallize|p2a: Rayquaza|Normal\n|move|p2a: Rayquaza|Extreme Speed|p1a: Incineroar\n|-damage|p1a: Incineroar|0 fnt\n|faint|p1a: Incineroar\n|move|p1b: Kyogre|Ice Beam|p2a: Rayquaza\n|-damage|p2a: Rayquaza|63/100\n|\n|-weather|RainDance|[upkeep]\n|upkeep\n|\n|t:|1775646641\n|switch|p1a: Zacian|Zacian-Crowned, L50|100/100\n|-ability|p1a: Zacian|Intrepid Sword|boost\n|-boost|p1a: Zacian|atk|1\n|turn|4\n|\n|t:|1775646656\n|move|p1b: Kyogre|Protect|p1b: Kyogre\n|-singleturn|p1b: Kyogre|Protect\n|move|p2a: Rayquaza|Extreme Speed|p1b: Kyogre\n|-activate|p1b: Kyogre|move: Protect\n|move|p1a: Zacian|Behemoth Blade|p2a: Rayquaza\n|-damage|p2a: Rayquaza|0 fnt\n|faint|p2a: Rayquaza\n|move|p2b: Chien-Pao|Sacred Sword|p1a: Zacian\n|-damage|p1a: Zacian|68/100\n|\n|-weather|RainDance|[upkeep]\n|upkeep\n|\n|t:|1775646660\n|switch|p2a: Solgaleo|Solgaleo, L50|84/100 brn\n|turn|5\n|inactive|Glaceon_1740 has 30 seconds left.\n|\n|t:|1775646693\n|move|p2b: Chien-Pao|Sucker Punch|p1b: Kyogre\n|-damage|p1b: Kyogre|56/100\n|move|p1a: Zacian|Behemoth Blade|p2b: Chien-Pao\n|-supereffective|p2b: Chien-Pao\n|-damage|p2b: Chien-Pao|0 fnt\n|faint|p2b: Chien-Pao\n|move|p2a: Solgaleo|Earthquake|p1a: Zacian|[spread] p1a,p1b\n|-supereffective|p1a: Zacian\n|-damage|p1a: Zacian|35/100\n|-damage|p1b: Kyogre|40/100\n|-damage|p2a: Solgaleo|75/100 brn|[from] item: Life Orb\n|move|p1b: Kyogre|Water Spout|p2a: Solgaleo\n|-damage|p2a: Solgaleo|26/100 brn\n|\n|-weather|none\n|-damage|p2a: Solgaleo|20/100 brn|[from] brn\n|upkeep\n|\n|t:|1775646703\n|switch|p2b: Rillaboom|Rillaboom, L50, M|100/100\n|-fieldstart|move: Grassy Terrain|[from] ability: Grassy Surge|[of] p2b: Rillaboom\n|turn|6\n|\n|t:|1775646720\n|move|p1a: Zacian|Protect|p1a: Zacian\n|-singleturn|p1a: Zacian|Protect\n|move|p1b: Kyogre|Protect|p1b: Kyogre\n|-singleturn|p1b: Kyogre|Protect\n|move|p2b: Rillaboom|Fake Out|p1a: Zacian\n|-activate|p1a: Zacian|move: Protect\n|move|p2a: Solgaleo|Sunsteel Strike|p1a: Zacian\n|-activate|p1a: Zacian|move: Protect\n|\n|-heal|p1a: Zacian|41/100|[from] Grassy Terrain\n|-heal|p2a: Solgaleo|26/100 brn|[from] Grassy Terrain\n|-heal|p1b: Kyogre|45/100|[from] Grassy Terrain\n|-damage|p2a: Solgaleo|20/100 brn|[from] brn\n|upkeep\n|turn|7\n|inactive|Glaceon_1740 has 30 seconds left.\n|\n|t:|1775646749\n|-terastallize|p1b: Kyogre|Grass\n|move|p2b: Rillaboom|Grassy Glide|p1b: Kyogre\n|-resisted|p1b: Kyogre\n|-crit|p1b: Kyogre\n|-damage|p1b: Kyogre|20/100\n|move|p1a: Zacian|Behemoth Blade|p2b: Rillaboom\n|-damage|p2b: Rillaboom|31/100\n|move|p2a: Solgaleo|Sunsteel Strike|p1a: Zacian\n|-damage|p1a: Zacian|13/100\n|-damage|p2a: Solgaleo|10/100 brn|[from] item: Life Orb\n|move|p1b: Kyogre|Origin Pulse|p2b: Rillaboom|[spread] p2a,p2b\n|-resisted|p2b: Rillaboom\n|-damage|p2a: Solgaleo|0 fnt\n|-damage|p2b: Rillaboom|10/100\n|faint|p2a: Solgaleo\n|\n|-heal|p1a: Zacian|19/100|[from] Grassy Terrain\n|-heal|p2b: Rillaboom|16/100|[from] Grassy Terrain\n|-heal|p1b: Kyogre|26/100|[from] Grassy Terrain\n|upkeep\n|turn|8\n|-message|Wan Wood forfeited.\n|\n|win|Glaceon_1740\n|raw|Glaceon_1740's rating: 1492 &rarr; <strong>1512</strong><br />(+20 for winning)\n|raw|Wan Wood's rating: 1499 &rarr; <strong>1479</strong><br />(-20 for losing)\n|l|\u2606Wan Wood\n|player|p2|\n","uploadtime":1775646985,"views":12,"formatid":"gen9vgc2026regi","rating":1479,"private":0,"password":null}