{"id":"gen9vgc2026regi-2542743485","format":"[Gen 9] VGC 2026 Reg I","players":["xmen2104","marcxhenry"],"log":"|j|\u2606xmen2104\n|j|\u2606marcxhenry\n|t:|1771489699\n|gametype|doubles\n|player|p1|xmen2104|lucas-gen4pt|1509\n|player|p2|marcxhenry|hilbert-wonderlauncher|1461\n|gen|9\n|tier|[Gen 9] VGC 2026 Reg I\n|rated|\n|rule|Species Clause: Limit one of each Pok\u00e9mon\n|rule|Item Clause: Limit 1 of each item\n|clearpoke\n|poke|p1|Terapagos, L50, M|\n|poke|p1|Koraidon, L50|\n|poke|p1|Incineroar, L50, M|\n|poke|p1|Rillaboom, L50, M|\n|poke|p1|Amoonguss, L50, M|\n|poke|p1|Flutter Mane, L50|\n|poke|p2|Calyrex-Shadow, L50|\n|poke|p2|Urshifu-*, L50, M|\n|poke|p2|Roaring Moon, L50|\n|poke|p2|Kyogre, L50|\n|poke|p2|Tsareena, L50, F|\n|poke|p2|Kingambit, L50, M|\n|teampreview|4\n|inactive|Battle timer is ON: inactive players will automatically lose when time's up. (requested by xmen2104)\n|\n|t:|1771489721\n|teamsize|p1|4\n|teamsize|p2|4\n|start\n|switch|p1a: Terapagos|Terapagos, L50, M|100/100\n|switch|p1b: Rillaboom|Rillaboom, L50, M|100/100\n|switch|p2a: Roter Baron|Roaring Moon, L50, shiny|100/100\n|switch|p2b: Tripitz|Kyogre, L50, shiny|100/100\n|-activate|p1a: Terapagos|ability: Tera Shift\n|detailschange|p1a: Terapagos|Terapagos-Terastal, L50, M\n|-heal|p1a: Terapagos|100/100|[silent]\n|-weather|RainDance|[from] ability: Drizzle|[of] p2b: Tripitz\n|-fieldstart|move: Grassy Terrain|[from] ability: Grassy Surge|[of] p1b: Rillaboom\n|-enditem|p2a: Roter Baron|Booster Energy\n|-activate|p2a: Roter Baron|ability: Protosynthesis|[fromitem]\n|-start|p2a: Roter Baron|protosynthesisspe\n|turn|1\n|\n|t:|1771489738\n|switch|p2b: Hitmonshe|Tsareena, L50, F, shiny|100/100\n|-terastallize|p2a: Roter Baron|Flying\n|move|p1b: Rillaboom|Fake Out||[still]\n|cant|p2b: Hitmonshe|ability: Queenly Majesty|Fake Out|[of] p1b: Rillaboom\n|move|p2a: Roter Baron|Acrobatics|p1b: Rillaboom\n|-supereffective|p1b: Rillaboom\n|-damage|p1b: Rillaboom|0 fnt\n|faint|p1b: Rillaboom\n|move|p1a: Terapagos|Calm Mind|p1a: Terapagos\n|-boost|p1a: Terapagos|spa|1\n|-boost|p1a: Terapagos|spd|1\n|\n|-weather|RainDance|[upkeep]\n|upkeep\n|\n|t:|1771489743\n|switch|p1b: Amoonguss|Amoonguss, L50, M|100/100\n|turn|2\n|\n|t:|1771489764\n|-terastallize|p1a: Terapagos|Stellar\n|detailschange|p1a: Terapagos|Terapagos-Stellar, L50, M, tera:Stellar\n|-heal|p1a: Terapagos|100/100|[silent]\n|-ability|p1a: Terapagos|Teraform Zero\n|-weather|none\n|-fieldend|move: Grassy Terrain\n|move|p2a: Roter Baron|Protect|p2a: Roter Baron\n|-singleturn|p2a: Roter Baron|Protect\n|move|p1b: Amoonguss|Protect|p1b: Amoonguss\n|-singleturn|p1b: Amoonguss|Protect\n|move|p2b: Hitmonshe|Taunt|p1b: Amoonguss\n|-activate|p1b: Amoonguss|move: Protect\n|move|p1a: Terapagos|Tera Starstorm|p2a: Roter Baron|[spread] p2b\n|-activate|p2a: Roter Baron|move: Protect\n|-damage|p2b: Hitmonshe|35/100\n|\n|upkeep\n|turn|3\n|\n|t:|1771489786\n|move|p2a: Roter Baron|Tailwind|p2a: Roter Baron\n|-sidestart|p2: marcxhenry|move: Tailwind\n|move|p2b: Hitmonshe|Taunt|p1b: Amoonguss\n|-start|p1b: Amoonguss|move: Taunt\n|move|p1a: Terapagos|Tera Starstorm|p2b: Hitmonshe|[spread] p2a,p2b\n|-supereffective|p2a: Roter Baron\n|-damage|p2a: Roter Baron|0 fnt\n|-damage|p2b: Hitmonshe|0 fnt\n|faint|p2a: Roter Baron\n|-end|p2a: Roter Baron|Protosynthesis|[silent]\n|faint|p2b: Hitmonshe\n|cant|p1b: Amoonguss|move: Taunt|Spore\n|\n|upkeep\n|\n|t:|1771489796\n|switch|p2a: Tripitz|Kyogre, L50, shiny|100/100\n|switch|p2b: Ludwig|Calyrex-Shadow, L50|100/100\n|-ability|p2b: Ludwig|As One\n|-ability|p2b: Ludwig|Unnerve\n|-weather|RainDance|[from] ability: Drizzle|[of] p2a: Tripitz\n|turn|4\n|inactive|xmen2104 has 30 seconds left.\n|\n|t:|1771489822\n|move|p2b: Ludwig|Psychic|p1b: Amoonguss\n|-supereffective|p1b: Amoonguss\n|-damage|p1b: Amoonguss|6/100\n|move|p2a: Tripitz|Water Spout|p1a: Terapagos|[spread] p1a,p1b\n|-resisted|p1b: Amoonguss\n|-damage|p1a: Terapagos|48/100\n|-damage|p1b: Amoonguss|0 fnt\n|faint|p1b: Amoonguss\n|move|p1a: Terapagos|Tera Starstorm|p2b: Ludwig|[spread] p2a,p2b\n|-damage|p2a: Tripitz|55/100\n|-damage|p2b: Ludwig|40/100\n|\n|-weather|RainDance|[upkeep]\n|-heal|p1a: Terapagos|54/100|[from] item: Leftovers\n|upkeep\n|\n|t:|1771489829\n|switch|p1b: Koraidon|Koraidon, L50|100/100\n|-weather|SunnyDay|[from] ability: Orichalcum Pulse|[of] p1b: Koraidon\n|-activate|p1b: Koraidon|Orichalcum Pulse|[source]\n|turn|5\n|\n|t:|1771489842\n|move|p2b: Ludwig|Protect|p2b: Ludwig\n|-singleturn|p2b: Ludwig|Protect\n|move|p1b: Koraidon|Protect|p1b: Koraidon\n|-singleturn|p1b: Koraidon|Protect\n|move|p2a: Tripitz|Origin Pulse|p1b: Koraidon|[spread] p1a\n|-activate|p1b: Koraidon|move: Protect\n|-damage|p1a: Terapagos|41/100\n|move|p1a: Terapagos|Tera Starstorm|p2b: Ludwig|[spread] p2a\n|-activate|p2b: Ludwig|move: Protect\n|-damage|p2a: Tripitz|15/100\n|\n|-weather|SunnyDay|[upkeep]\n|-heal|p1a: Terapagos|48/100|[from] item: Leftovers\n|upkeep\n|turn|6\n|\n|t:|1771489860\n|move|p2b: Ludwig|Psychic|p1b: Koraidon\n|-supereffective|p1b: Koraidon\n|-damage|p1b: Koraidon|0 fnt\n|faint|p1b: Koraidon\n|-ability|p2b: Ludwig|Grim Neigh|boost\n|-boost|p2b: Ludwig|spa|1\n|move|p2a: Tripitz|Origin Pulse|p1a: Terapagos|[miss]\n|-miss|p2a: Tripitz|p1a: Terapagos\n|move|p1a: Terapagos|Tera Starstorm|p2b: Ludwig|[spread] p2a,p2b\n|-damage|p2a: Tripitz|0 fnt\n|-damage|p2b: Ludwig|0 fnt\n|faint|p2a: Tripitz\n|faint|p2b: Ludwig\n|\n|win|xmen2104\n|raw|xmen2104's rating: 1509 &rarr; <strong>1526</strong><br />(+17 for winning)\n|raw|marcxhenry's rating: 1461 &rarr; <strong>1444</strong><br />(-17 for losing)\n|l|\u2606xmen2104\n|player|p1|\n|l|\u2606marcxhenry\n|player|p2|\n","uploadtime":1771490135,"views":21,"formatid":"gen9vgc2026regi","rating":1444,"private":0,"password":null}