{"id":"gen9vgc2026regi-2573999752","format":"[Gen 9] VGC 2026 Reg I","players":["josephr21","bullgod4ever"],"log":"|j|\u2606josephr21\n|j|\u2606bullgod4ever\n|t:|1775187059\n|gametype|doubles\n|player|p1|josephr21|1|1414\n|player|p2|bullgod4ever|102|1478\n|gen|9\n|tier|[Gen 9] VGC 2026 Reg I\n|rated|\n|rule|Species Clause: Limit one of each Pok\u00e9mon\n|rule|Item Clause: Limit 1 of each item\n|clearpoke\n|poke|p1|Kyogre, L50|\n|poke|p1|Tornadus, L50, M|\n|poke|p1|Wo-Chien, L50|\n|poke|p1|Arcanine-Hisui, L50, M|\n|poke|p1|Gastrodon, L50, F|\n|poke|p1|Indeedee-F, L50, F|\n|poke|p2|Calyrex-Ice, L50|\n|poke|p2|Miraidon, L50|\n|poke|p2|Urshifu-*, L50, F|\n|poke|p2|Incineroar, L50, M|\n|poke|p2|Landorus, L50, M|\n|poke|p2|Whimsicott, L50, M|\n|teampreview|4\n|inactive|Battle timer is ON: inactive players will automatically lose when time's up. (requested by josephr21)\n|inactive|bullgod4ever has 60 seconds left.\n|inactive|bullgod4ever has 30 seconds left.\n|inactive|bullgod4ever has 20 seconds left.\n|inactive|bullgod4ever has 15 seconds left.\n|\n|t:|1775187138\n|teamsize|p1|4\n|teamsize|p2|4\n|start\n|switch|p1a: Tornadus|Tornadus, L50, M|100/100\n|switch|p1b: Wo-Chien|Wo-Chien, L50|100/100\n|switch|p2a: Miraidon|Miraidon, L50|100/100\n|switch|p2b: Whimsicott|Whimsicott, L50, M|100/100\n|-fieldstart|move: Electric Terrain|[from] ability: Hadron Engine|[of] p2a: Miraidon\n|-ability|p1b: Wo-Chien|Tablets of Ruin\n|turn|1\n|j| Jigglyjoe13\n|\n|t:|1775187163\n|-terastallize|p2a: Miraidon|Fairy\n|move|p1a: Tornadus|Protect|p1a: Tornadus\n|-singleturn|p1a: Tornadus|Protect\n|move|p2b: Whimsicott|Tailwind|p2b: Whimsicott\n|-sidestart|p2: bullgod4ever|move: Tailwind\n|move|p2a: Miraidon|Dazzling Gleam|p1b: Wo-Chien|[spread] p1b\n|-activate|p1a: Tornadus|move: Protect\n|-supereffective|p1b: Wo-Chien\n|-damage|p1b: Wo-Chien|29/100\n|move|p1b: Wo-Chien|Leech Seed|p2a: Miraidon\n|-start|p2a: Miraidon|move: Leech Seed\n|\n|-heal|p1b: Wo-Chien|35/100|[from] item: Leftovers\n|-damage|p2a: Miraidon|88/100|[from] Leech Seed|[of] p1b: Wo-Chien\n|-heal|p1b: Wo-Chien|48/100|[silent]\n|upkeep\n|turn|2\n|\n|t:|1775187182\n|-terastallize|p1b: Wo-Chien|Poison\n|move|p2b: Whimsicott|Encore|p1a: Tornadus\n|-start|p1a: Tornadus|Encore\n|-enditem|p1a: Tornadus|Mental Herb\n|-end|p1a: Tornadus|Encore\n|move|p2a: Miraidon|Dazzling Gleam|p1b: Wo-Chien|[spread] p1a,p1b\n|-resisted|p1b: Wo-Chien\n|-damage|p1a: Tornadus|31/100\n|-damage|p1b: Wo-Chien|30/100\n|move|p1a: Tornadus|Bleakwind Storm|p2a: Miraidon|[spread] p2a,p2b\n|-supereffective|p2b: Whimsicott\n|-damage|p2a: Miraidon|58/100\n|-enditem|p2b: Whimsicott|Focus Sash\n|-damage|p2b: Whimsicott|1/100\n|move|p1b: Wo-Chien|Foul Play|p2a: Miraidon\n|-resisted|p2a: Miraidon\n|-damage|p2a: Miraidon|47/100\n|\n|-heal|p1b: Wo-Chien|36/100|[from] item: Leftovers\n|-damage|p2a: Miraidon|35/100|[from] Leech Seed|[of] p1b: Wo-Chien\n|-heal|p1b: Wo-Chien|49/100|[silent]\n|upkeep\n|turn|3\n|\n|t:|1775187206\n|move|p1a: Tornadus|Protect|p1a: Tornadus\n|-singleturn|p1a: Tornadus|Protect\n|move|p1b: Wo-Chien|Protect|p1b: Wo-Chien\n|-singleturn|p1b: Wo-Chien|Protect\n|move|p2b: Whimsicott|Endeavor|p1b: Wo-Chien\n|-activate|p1b: Wo-Chien|move: Protect\n|move|p2a: Miraidon|Dazzling Gleam|p1a: Tornadus|[spread] \n|-activate|p1a: Tornadus|move: Protect\n|-activate|p1b: Wo-Chien|move: Protect\n|\n|-heal|p1b: Wo-Chien|56/100|[from] item: Leftovers\n|-damage|p2a: Miraidon|22/100|[from] Leech Seed|[of] p1b: Wo-Chien\n|-heal|p1b: Wo-Chien|69/100|[silent]\n|upkeep\n|turn|4\n|\n|t:|1775187223\n|move|p1a: Tornadus|Tailwind|p1a: Tornadus\n|-sidestart|p1: josephr21|move: Tailwind\n|move|p2b: Whimsicott|Endeavor|p1b: Wo-Chien\n|-damage|p1b: Wo-Chien|1/100\n|move|p2a: Miraidon|Dazzling Gleam|p1b: Wo-Chien|[spread] p1a,p1b\n|-resisted|p1b: Wo-Chien\n|-damage|p1a: Tornadus|0 fnt\n|-damage|p1b: Wo-Chien|0 fnt\n|faint|p1a: Tornadus\n|faint|p1b: Wo-Chien\n|\n|-sideend|p2: bullgod4ever|move: Tailwind\n|upkeep\n|\n|t:|1775187233\n|switch|p1a: Kyogre|Kyogre, L50|100/100\n|switch|p1b: Gastrodon|Gastrodon, L50, F|100/100\n|-weather|RainDance|[from] ability: Drizzle|[of] p1a: Kyogre\n|turn|5\n|\n|t:|1775187248\n|move|p1a: Kyogre|Protect|p1a: Kyogre\n|-singleturn|p1a: Kyogre|Protect\n|move|p2b: Whimsicott|Tailwind|p2b: Whimsicott\n|-sidestart|p2: bullgod4ever|move: Tailwind\n|move|p2a: Miraidon|Dazzling Gleam|p1a: Kyogre|[spread] p1b\n|-activate|p1a: Kyogre|move: Protect\n|-damage|p1b: Gastrodon|43/100\n|-enditem|p1b: Gastrodon|Sitrus Berry|[eat]\n|-heal|p1b: Gastrodon|67/100|[from] item: Sitrus Berry\n|move|p1b: Gastrodon|Icy Wind|p2b: Whimsicott|[spread] p2a\n|-miss|p1b: Gastrodon|p2b: Whimsicott\n|-damage|p2a: Miraidon|16/100\n|-unboost|p2a: Miraidon|spe|1\n|\n|-weather|RainDance|[upkeep]\n|-damage|p2a: Miraidon|3/100|[from] Leech Seed|[of] p1b: Gastrodon\n|-heal|p1b: Gastrodon|79/100|[silent]\n|-fieldend|move: Electric Terrain\n|upkeep\n|turn|6\n|inactive|josephr21 has 30 seconds left.\n|\n|t:|1775187283\n|move|p1a: Kyogre|Protect|p1a: Kyogre\n|-singleturn|p1a: Kyogre|Protect\n|move|p2b: Whimsicott|Endeavor|p1a: Kyogre\n|-activate|p1a: Kyogre|move: Protect\n|move|p2a: Miraidon|Dazzling Gleam|p1b: Gastrodon|[spread] p1b\n|-activate|p1a: Kyogre|move: Protect\n|-damage|p1b: Gastrodon|40/100\n|move|p1b: Gastrodon|Icy Wind|p2b: Whimsicott|[spread] p2a,p2b\n|-supereffective|p2b: Whimsicott\n|-damage|p2a: Miraidon|0 fnt\n|-damage|p2b: Whimsicott|0 fnt\n|faint|p2a: Miraidon\n|faint|p2b: Whimsicott\n|\n|-weather|RainDance|[upkeep]\n|upkeep\n|\n|t:|1775187302\n|switch|p2b: Calyrex|Calyrex-Ice, L50|100/100\n|switch|p2a: Landorus|Landorus, L50, M|100/100\n|-ability|p2b: Calyrex|As One\n|-ability|p2b: Calyrex|Unnerve\n|turn|7\n|l| Jigglyjoe13\n|inactive|bullgod4ever has 30 seconds left.\n|\n|t:|1775187331\n|move|p2a: Landorus|Protect|p2a: Landorus\n|-singleturn|p2a: Landorus|Protect\n|move|p1a: Kyogre|Water Spout|p2b: Calyrex|[spread] p2b\n|-activate|p2a: Landorus|move: Protect\n|-damage|p2b: Calyrex|29/100\n|move|p2b: Calyrex|Glacial Lance|p1b: Gastrodon|[spread] p1a,p1b\n|-resisted|p1a: Kyogre\n|-damage|p1a: Kyogre|74/100\n|-damage|p1b: Gastrodon|0 fnt\n|faint|p1b: Gastrodon\n|-ability|p2b: Calyrex|Chilling Neigh|boost\n|-boost|p2b: Calyrex|atk|1\n|\n|-weather|RainDance|[upkeep]\n|-heal|p2b: Calyrex|35/100|[from] item: Leftovers\n|-sideend|p1: josephr21|move: Tailwind\n|upkeep\n|turn|8\n|\n|t:|1775187352\n|move|p2a: Landorus|Earth Power|p1a: Kyogre\n|-crit|p1a: Kyogre\n|-damage|p1a: Kyogre|2/100\n|move|p2b: Calyrex|Glacial Lance|p1a: Kyogre\n|-resisted|p1a: Kyogre\n|-damage|p1a: Kyogre|0 fnt\n|faint|p1a: Kyogre\n|\n|win|bullgod4ever\n|raw|josephr21's rating: 1414 &rarr; <strong>1398</strong><br />(-16 for losing)\n|raw|bullgod4ever's rating: 1478 &rarr; <strong>1494</strong><br />(+16 for winning)\n|l|\u2606josephr21\n|player|p1|\n|l|\u2606bullgod4ever\n|player|p2|\n","uploadtime":1775187505,"views":10,"formatid":"gen9vgc2026regi","rating":1398,"private":0,"password":null}