{"id":"gen9vgc2026regi-2551577603","format":"[Gen 9] VGC 2026 Reg I","players":["blackred123","wuyihao"],"log":"|j|\u2606blackred123\n|j|\u2606wuyihao\n|t:|1772623875\n|gametype|doubles\n|player|p1|blackred123|iono-masters|1456\n|player|p2|wuyihao|170|1371\n|gen|9\n|tier|[Gen 9] VGC 2026 Reg I\n|rated|\n|rule|Species Clause: Limit one of each Pok\u00e9mon\n|rule|Item Clause: Limit 1 of each item\n|clearpoke\n|poke|p1|Mewtwo, L50|\n|poke|p1|Indeedee-F, L50, F|\n|poke|p1|Chi-Yu, L50|\n|poke|p1|Whimsicott, L50, F|\n|poke|p1|Zamazenta-*, L50|\n|poke|p1|Ting-Lu, L50|\n|poke|p2|Kyogre, L50|\n|poke|p2|Tornadus, L50, M|\n|poke|p2|Farigiraf, L50, F|\n|poke|p2|Calyrex-Shadow, L50|\n|poke|p2|Roaring Moon, L50|\n|poke|p2|Amoonguss, L50, F|\n|teampreview|4\n|inactive|Battle timer is ON: inactive players will automatically lose when time's up. (requested by wuyihao)\n|inactive|blackred123 also wants the timer to be on.\n|inactive|blackred123 has 60 seconds left.\n|inactive|wuyihao has 60 seconds left.\n|\n|t:|1772623911\n|teamsize|p1|4\n|teamsize|p2|4\n|start\n|switch|p1a: \u6251\u897f|Zamazenta-Crowned, L50|100/100\n|switch|p1b: \u9f0e\u771f|Ting-Lu, L50|100/100\n|switch|p2a: Kyogre|Kyogre, L50|100/100\n|switch|p2b: Tornadus|Tornadus, L50, M|100/100\n|-weather|RainDance|[from] ability: Drizzle|[of] p2a: Kyogre\n|-ability|p1a: \u6251\u897f|Dauntless Shield|boost\n|-boost|p1a: \u6251\u897f|def|1\n|-ability|p1b: \u9f0e\u771f|Vessel of Ruin\n|turn|1\n|\n|t:|1772623931\n|move|p1a: \u6251\u897f|Wide Guard|p1a: \u6251\u897f\n|-singleturn|p1a: \u6251\u897f|Wide Guard\n|move|p2b: Tornadus|Tailwind|p2b: Tornadus\n|-sidestart|p2: wuyihao|move: Tailwind\n|move|p2a: Kyogre|Hydro Pump|p1b: \u9f0e\u771f\n|-supereffective|p1b: \u9f0e\u771f\n|-damage|p1b: \u9f0e\u771f|9/100\n|move|p1b: \u9f0e\u771f|Snarl|p2a: Kyogre|[spread] p2a,p2b\n|-damage|p2a: Kyogre|93/100\n|-damage|p2b: Tornadus|88/100\n|-unboost|p2a: Kyogre|spa|1\n|\n|-weather|RainDance|[upkeep]\n|upkeep\n|turn|2\n|\n|t:|1772623956\n|-terastallize|p1a: \u6251\u897f|Water\n|move|p2b: Tornadus|Bleakwind Storm|p1a: \u6251\u897f|[spread] p1a,p1b\n|-damage|p1a: \u6251\u897f|81/100\n|-damage|p1b: \u9f0e\u771f|0 fnt\n|faint|p1b: \u9f0e\u771f\n|move|p2a: Kyogre|Hydro Pump|p1a: \u6251\u897f|[miss]\n|-miss|p2a: Kyogre|p1a: \u6251\u897f\n|move|p1a: \u6251\u897f|Body Press|p2a: Kyogre\n|-damage|p2a: Kyogre|15/100\n|\n|-weather|RainDance|[upkeep]\n|upkeep\n|\n|t:|1772623966\n|switch|p1b: \u4f8d\u7684\u6211\u7231\u5bfc\u7ba1|Indeedee-F, L50, F|100/100\n|-fieldstart|move: Psychic Terrain|[from] ability: Psychic Surge|[of] p1b: \u4f8d\u7684\u6211\u7231\u5bfc\u7ba1\n|turn|3\n|\n|t:|1772623983\n|move|p2b: Tornadus|Bleakwind Storm|p1a: \u6251\u897f|[spread] p1a,p1b\n|-damage|p1a: \u6251\u897f|54/100\n|-damage|p1b: \u4f8d\u7684\u6211\u7231\u5bfc\u7ba1|72/100\n|-enditem|p1b: \u4f8d\u7684\u6211\u7231\u5bfc\u7ba1|Eject Button\n|\n|t:|1772623988\n|switch|p1b: \u6211\u8d85\u662f\u4f60\u7684\u68a6|Mewtwo, L50|100/100\n|-ability|p1b: \u6211\u8d85\u662f\u4f60\u7684\u68a6|Unnerve\n|move|p2a: Kyogre|Thunder|p1a: \u6251\u897f\n|-supereffective|p1a: \u6251\u897f\n|-damage|p1a: \u6251\u897f|19/100\n|move|p1a: \u6251\u897f|Body Press|p2a: Kyogre\n|-damage|p2a: Kyogre|0 fnt\n|faint|p2a: Kyogre\n|\n|-weather|RainDance|[upkeep]\n|upkeep\n|\n|t:|1772623991\n|switch|p2a: Calyrex|Calyrex-Shadow, L50|100/100\n|-ability|p2a: Calyrex|As One\n|-ability|p2a: Calyrex|Unnerve\n|turn|4\n|\n|t:|1772624015\n|move|p1a: \u6251\u897f|Wide Guard|p1a: \u6251\u897f\n|-singleturn|p1a: \u6251\u897f|Wide Guard\n|move|p2a: Calyrex|Astral Barrage|p1b: \u6211\u8d85\u662f\u4f60\u7684\u68a6|[spread] \n|-activate|p1a: \u6251\u897f|move: Wide Guard\n|-activate|p1b: \u6211\u8d85\u662f\u4f60\u7684\u68a6|move: Wide Guard\n|move|p2b: Tornadus|Foul Play|p1b: \u6211\u8d85\u662f\u4f60\u7684\u68a6\n|-supereffective|p1b: \u6211\u8d85\u662f\u4f60\u7684\u68a6\n|-damage|p1b: \u6211\u8d85\u662f\u4f60\u7684\u68a6|57/100\n|move|p1b: \u6211\u8d85\u662f\u4f60\u7684\u68a6|Dark Pulse|p2a: Calyrex\n|-supereffective|p2a: Calyrex\n|-enditem|p2a: Calyrex|Focus Sash\n|-damage|p2a: Calyrex|1/100\n|-damage|p1b: \u6211\u8d85\u662f\u4f60\u7684\u68a6|47/100|[from] item: Life Orb\n|\n|-weather|RainDance|[upkeep]\n|-sideend|p2: wuyihao|move: Tailwind\n|upkeep\n|turn|5\n|inactive|blackred123 has 30 seconds left.\n|\n|t:|1772624045\n|switch|p1a: \u4f8d\u7684\u6211\u7231\u5bfc\u7ba1|Indeedee-F, L50, F|72/100\n|move|p1b: \u6211\u8d85\u662f\u4f60\u7684\u68a6|Protect|p1b: \u6211\u8d85\u662f\u4f60\u7684\u68a6\n|-singleturn|p1b: \u6211\u8d85\u662f\u4f60\u7684\u68a6|Protect\n|move|p2b: Tornadus|Tailwind|p2b: Tornadus\n|-sidestart|p2: wuyihao|move: Tailwind\n|move|p2a: Calyrex|Pollen Puff|p1b: \u6211\u8d85\u662f\u4f60\u7684\u68a6\n|-activate|p1b: \u6211\u8d85\u662f\u4f60\u7684\u68a6|move: Protect\n|\n|-weather|none\n|upkeep\n|turn|6\n|\n|t:|1772624063\n|switch|p1b: \u6251\u897f|Zamazenta-Crowned, L50, tera:Water|19/100\n|move|p2a: Calyrex|Astral Barrage|p1b: \u6251\u897f|[spread] p1b\n|-immune|p1a: \u4f8d\u7684\u6211\u7231\u5bfc\u7ba1\n|-damage|p1b: \u6251\u897f|0 fnt\n|faint|p1b: \u6251\u897f\n|-ability|p2a: Calyrex|Grim Neigh|boost\n|-boost|p2a: Calyrex|spa|1\n|move|p2b: Tornadus|Foul Play|p1a: \u4f8d\u7684\u6211\u7231\u5bfc\u7ba1\n|-supereffective|p1a: \u4f8d\u7684\u6211\u7231\u5bfc\u7ba1\n|-damage|p1a: \u4f8d\u7684\u6211\u7231\u5bfc\u7ba1|46/100\n|move|p1a: \u4f8d\u7684\u6211\u7231\u5bfc\u7ba1|Trick Room|p1a: \u4f8d\u7684\u6211\u7231\u5bfc\u7ba1\n|-fieldstart|move: Trick Room|[of] p1a: \u4f8d\u7684\u6211\u7231\u5bfc\u7ba1\n|\n|upkeep\n|\n|t:|1772624070\n|switch|p1b: \u6211\u8d85\u662f\u4f60\u7684\u68a6|Mewtwo, L50|47/100\n|-ability|p1b: \u6211\u8d85\u662f\u4f60\u7684\u68a6|Unnerve\n|turn|7\n|\n|t:|1772624081\n|move|p1a: \u4f8d\u7684\u6211\u7231\u5bfc\u7ba1|Helping Hand|p1b: \u6211\u8d85\u662f\u4f60\u7684\u68a6\n|-singleturn|p1b: \u6211\u8d85\u662f\u4f60\u7684\u68a6|Helping Hand|[of] p1a: \u4f8d\u7684\u6211\u7231\u5bfc\u7ba1\n|move|p1b: \u6211\u8d85\u662f\u4f60\u7684\u68a6|Expanding Force|p2a: Calyrex|[spread] p2a,p2b\n|-resisted|p2a: Calyrex\n|-damage|p2a: Calyrex|0 fnt\n|-damage|p2b: Tornadus|0 fnt\n|faint|p2a: Calyrex\n|faint|p2b: Tornadus\n|-damage|p1b: \u6211\u8d85\u662f\u4f60\u7684\u68a6|38/100|[from] item: Life Orb\n|\n|-fieldend|move: Psychic Terrain\n|upkeep\n|\n|t:|1772624087\n|switch|p2b: Roaring Moon|Roaring Moon, L50|100/100\n|-enditem|p2b: Roaring Moon|Booster Energy\n|-activate|p2b: Roaring Moon|ability: Protosynthesis|[fromitem]\n|-start|p2b: Roaring Moon|protosynthesisspe\n|turn|8\n|\n|t:|1772624099\n|move|p1a: \u4f8d\u7684\u6211\u7231\u5bfc\u7ba1|Follow Me|p1a: \u4f8d\u7684\u6211\u7231\u5bfc\u7ba1\n|-singleturn|p1a: \u4f8d\u7684\u6211\u7231\u5bfc\u7ba1|move: Follow Me\n|move|p1b: \u6211\u8d85\u662f\u4f60\u7684\u68a6|Earth Power|p2b: Roaring Moon\n|-damage|p2b: Roaring Moon|49/100\n|-damage|p1b: \u6211\u8d85\u662f\u4f60\u7684\u68a6|28/100|[from] item: Life Orb\n|move|p2b: Roaring Moon|Knock Off|p1a: \u4f8d\u7684\u6211\u7231\u5bfc\u7ba1\n|-supereffective|p1a: \u4f8d\u7684\u6211\u7231\u5bfc\u7ba1\n|-damage|p1a: \u4f8d\u7684\u6211\u7231\u5bfc\u7ba1|0 fnt\n|faint|p1a: \u4f8d\u7684\u6211\u7231\u5bfc\u7ba1\n|\n|-sideend|p2: wuyihao|move: Tailwind\n|upkeep\n|turn|9\n|\n|t:|1772624109\n|-terastallize|p2b: Roaring Moon|Flying\n|move|p1b: \u6211\u8d85\u662f\u4f60\u7684\u68a6|Earth Power|p2b: Roaring Moon\n|-immune|p2b: Roaring Moon\n|move|p2b: Roaring Moon|Knock Off|p1b: \u6211\u8d85\u662f\u4f60\u7684\u68a6\n|-supereffective|p1b: \u6211\u8d85\u662f\u4f60\u7684\u68a6\n|-damage|p1b: \u6211\u8d85\u662f\u4f60\u7684\u68a6|0 fnt\n|-enditem|p1b: \u6211\u8d85\u662f\u4f60\u7684\u68a6|Life Orb|[from] move: Knock Off|[of] p2b: Roaring Moon\n|faint|p1b: \u6211\u8d85\u662f\u4f60\u7684\u68a6\n|\n|win|wuyihao\n|raw|blackred123's rating: 1456 &rarr; <strong>1431</strong><br />(-25 for losing)\n|raw|wuyihao's rating: 1371 &rarr; <strong>1396</strong><br />(+25 for winning)\n|l|\u2606wuyihao\n|player|p2|\n|j| dasabe\u76d6\u6b27\u5361\u4fa0\n|j| Yancy0721\u56fe\u56fe\u72ac\u4fa0\n|j| END9N2D zhouyi\n|j| nngf\u9b3c\u8749\u4fa0\n|j| Xiaostop\n|l| dasabe\u76d6\u6b27\u5361\u4fa0\n|j| eggyhvevo\n|j| cxy090506\n|l| eggyhvevo\n|j| dasabe\u76d6\u6b27\u5361\u4fa0\n","uploadtime":1772624112,"views":13,"formatid":"gen9vgc2026regi","rating":1396,"private":0,"password":null}