{"id":"gen9vgc2026regi-2530139970","format":"[Gen 9] VGC 2026 Reg I","players":["CHR1SPHX","L3git Pro"],"log":"|j|\u2606CHR1SPHX\n|j|\u2606L3git Pro\n|t:|1769880634\n|gametype|doubles\n|player|p1|CHR1SPHX|hilbert-wonderlauncher|1271\n|player|p2|L3git Pro|cynthia-gen7|1293\n|gen|9\n|tier|[Gen 9] VGC 2026 Reg I\n|rated|\n|rule|Species Clause: Limit one of each Pok\u00e9mon\n|rule|Item Clause: Limit 1 of each item\n|clearpoke\n|poke|p1|Incineroar, L50, M|\n|poke|p1|Koraidon, L50|\n|poke|p1|Flutter Mane, L50|\n|poke|p1|Brute Bonnet, L50|\n|poke|p1|Indeedee-F, L50, F|\n|poke|p1|Calyrex-Ice, L50|\n|poke|p2|Indeedee-F, L50, F|\n|poke|p2|Calyrex-Shadow, L50|\n|poke|p2|Ursaluna, L50, M|\n|poke|p2|Incineroar, L50, M|\n|poke|p2|Dialga-Origin, L50|\n|poke|p2|Urshifu-*, L50, F|\n|teampreview|4\n|inactive|Battle timer is ON: inactive players will automatically lose when time's up. (requested by CHR1SPHX)\n|inactive|L3git Pro has 60 seconds left.\n|inactive|CHR1SPHX has 60 seconds left.\n|j| riyuezi\n|inactive|L3git Pro has 30 seconds left.\n|inactive|L3git Pro has 20 seconds left.\n|\n|t:|1769880706\n|teamsize|p1|4\n|teamsize|p2|4\n|start\n|switch|p1a: Calyrex|Calyrex-Ice, L50|100/100\n|switch|p1b: Brute Bonnet|Brute Bonnet, L50, shiny|100/100\n|switch|p2a: Indeedee|Indeedee-F, L50, F|100/100\n|switch|p2b: Dialga|Dialga-Origin, L50|100/100\n|-ability|p1a: Calyrex|As One\n|-ability|p1a: Calyrex|Unnerve\n|-fieldstart|move: Psychic Terrain|[from] ability: Psychic Surge|[of] p2a: Indeedee\n|turn|1\n|inactive|L3git Pro has 30 seconds left.\n|\n|t:|1769880738\n|move|p2a: Indeedee|Helping Hand|p2b: Dialga\n|-singleturn|p2b: Dialga|Helping Hand|[of] p2a: Indeedee\n|move|p2b: Dialga|Draco Meteor|p1b: Brute Bonnet\n|-damage|p1b: Brute Bonnet|0 fnt\n|-unboost|p2b: Dialga|spa|2\n|faint|p1b: Brute Bonnet\n|-end|p1b: Brute Bonnet|Protosynthesis|[silent]\n|move|p1a: Calyrex|Glacial Lance|p2b: Dialga|[spread] p2a,p2b\n|-damage|p2a: Indeedee|43/100\n|-damage|p2b: Dialga|61/100\n|\n|upkeep\n|l| riyuezi\n|\n|t:|1769880755\n|switch|p1b: Incineroar|Incineroar, L50, M|100/100\n|-ability|p1b: Incineroar|Intimidate|boost\n|-unboost|p2a: Indeedee|atk|1\n|-unboost|p2b: Dialga|atk|1\n|turn|2\n|\n|t:|1769880776\n|move|p1a: Calyrex|Protect|p1a: Calyrex\n|-singleturn|p1a: Calyrex|Protect\n|move|p2a: Indeedee|Follow Me|p2a: Indeedee\n|-singleturn|p2a: Indeedee|move: Follow Me\n|move|p1b: Incineroar|Parting Shot|p2a: Indeedee\n|-unboost|p2a: Indeedee|atk|1\n|-unboost|p2a: Indeedee|spa|1\n|\n|t:|1769880783\n|switch|p1b: Flutter Mane|Flutter Mane, L50|100/100|[from] Parting Shot\n|move|p2b: Dialga|Trick Room|p2b: Dialga\n|-fieldstart|move: Trick Room|[of] p2b: Dialga\n|\n|upkeep\n|turn|3\n|\n|t:|1769880798\n|-end|p1b: Flutter Mane|Protosynthesis|[silent]\n|switch|p1b: Incineroar|Incineroar, L50, M|100/100\n|-ability|p1b: Incineroar|Intimidate|boost\n|-unboost|p2a: Indeedee|atk|1\n|-unboost|p2b: Dialga|atk|1\n|move|p1a: Calyrex|High Horsepower|p2b: Dialga\n|-supereffective|p2b: Dialga\n|-damage|p2b: Dialga|0 fnt\n|faint|p2b: Dialga\n|-ability|p1a: Calyrex|Chilling Neigh|boost\n|-boost|p1a: Calyrex|atk|1\n|move|p2a: Indeedee|Psychic|p1b: Incineroar\n|-immune|p1b: Incineroar\n|\n|upkeep\n|\n|t:|1769880804\n|switch|p2b: Ursaluna|Ursaluna, L50, M|100/100\n|turn|4\n|\n|t:|1769880817\n|-terastallize|p1b: Incineroar|Grass\n|move|p2b: Ursaluna|Protect|p2b: Ursaluna\n|-singleturn|p2b: Ursaluna|Protect\n|move|p1a: Calyrex|Protect|p1a: Calyrex\n|-singleturn|p1a: Calyrex|Protect\n|move|p1b: Incineroar|Parting Shot|p2b: Ursaluna\n|-activate|p2b: Ursaluna|move: Protect\n|move|p2a: Indeedee|Psychic|p1a: Calyrex\n|-activate|p1a: Calyrex|move: Protect\n|\n|-status|p2b: Ursaluna|brn|[from] item: Flame Orb\n|upkeep\n|turn|5\n|inactive|L3git Pro has 30 seconds left.\n|\n|t:|1769880850\n|-terastallize|p2b: Ursaluna|Fairy\n|move|p2a: Indeedee|Helping Hand|p2b: Ursaluna\n|-singleturn|p2b: Ursaluna|Helping Hand|[of] p2a: Indeedee\n|move|p2b: Ursaluna|Headlong Rush|p1a: Calyrex\n|-crit|p1a: Calyrex\n|-damage|p1a: Calyrex|0 fnt\n|-unboost|p2b: Ursaluna|def|1\n|-unboost|p2b: Ursaluna|spd|1\n|faint|p1a: Calyrex\n|move|p1b: Incineroar|Parting Shot|p2b: Ursaluna\n|-unboost|p2b: Ursaluna|atk|1\n|-unboost|p2b: Ursaluna|spa|1\n|l|\u2606L3git Pro\n|inactive|L3git Pro disconnected and has a minute to reconnect!\n|player|p2|\n|\n|t:|1769880861\n|switch|p1b: Flutter Mane|Flutter Mane, L50|100/100|[from] Parting Shot\n|\n|-damage|p2b: Ursaluna|95/100 brn|[from] brn\n|-fieldend|move: Psychic Terrain\n|upkeep\n|\n|t:|1769880864\n|switch|p1a: Incineroar|Incineroar, L50, M, tera:Grass|100/100\n|-ability|p1a: Incineroar|Intimidate|boost\n|-unboost|p2a: Indeedee|atk|1\n|-unboost|p2b: Ursaluna|atk|1\n|turn|6\n|j|\u2606L3git Pro\n|inactive|L3git Pro reconnected and has 55 seconds left.\n|player|p2|L3git Pro|cynthia-gen7|\n|inactive|L3git Pro has 30 seconds left.\n|\n|t:|1769880896\n|move|p2b: Ursaluna|Protect|p2b: Ursaluna\n|-singleturn|p2b: Ursaluna|Protect\n|move|p1b: Flutter Mane|Protect|p1b: Flutter Mane\n|-singleturn|p1b: Flutter Mane|Protect\n|move|p1a: Incineroar|Fake Out|p2b: Ursaluna\n|-activate|p2b: Ursaluna|move: Protect\n|move|p2a: Indeedee|Psychic|p1a: Incineroar\n|-damage|p1a: Incineroar|84/100\n|\n|-damage|p2b: Ursaluna|89/100 brn|[from] brn\n|-fieldend|move: Trick Room\n|upkeep\n|turn|7\n|\n|t:|1769880916\n|move|p2a: Indeedee|Follow Me|p2a: Indeedee\n|-singleturn|p2a: Indeedee|move: Follow Me\n|move|p1b: Flutter Mane|Dazzling Gleam|p2a: Indeedee|[spread] p2a,p2b\n|-damage|p2a: Indeedee|13/100\n|-damage|p2b: Ursaluna|43/100 brn\n|move|p1a: Incineroar|Flare Blitz|p2a: Indeedee\n|-damage|p2a: Indeedee|0 fnt\n|faint|p2a: Indeedee\n|-damage|p1a: Incineroar|80/100|[from] Recoil\n|move|p2b: Ursaluna|Facade|p1a: Incineroar\n|-damage|p1a: Incineroar|27/100\n|\n|-damage|p2b: Ursaluna|37/100 brn|[from] brn\n|upkeep\n|\n|t:|1769880926\n|switch|p2a: Calyrex|Calyrex-Shadow, L50|100/100\n|-ability|p2a: Calyrex|As One\n|-ability|p2a: Calyrex|Unnerve\n|turn|8\n|\n|t:|1769880933\n|move|p2a: Calyrex|Astral Barrage|p1a: Incineroar|[spread] p1a,p1b\n|-supereffective|p1b: Flutter Mane\n|-damage|p1a: Incineroar|0 fnt\n|-enditem|p1b: Flutter Mane|Focus Sash\n|-damage|p1b: Flutter Mane|1/100\n|faint|p1a: Incineroar\n|-ability|p2a: Calyrex|Grim Neigh|boost\n|-boost|p2a: Calyrex|spa|1\n|-damage|p2a: Calyrex|91/100|[from] item: Life Orb\n|move|p1b: Flutter Mane|Shadow Ball|p2a: Calyrex\n|-supereffective|p2a: Calyrex\n|-damage|p2a: Calyrex|0 fnt\n|faint|p2a: Calyrex\n|move|p2b: Ursaluna|Headlong Rush|p1b: Flutter Mane\n|-damage|p1b: Flutter Mane|0 fnt\n|-unboost|p2b: Ursaluna|def|1\n|-unboost|p2b: Ursaluna|spd|1\n|faint|p1b: Flutter Mane\n|-end|p1b: Flutter Mane|Protosynthesis|[silent]\n|\n|win|L3git Pro\n|raw|CHR1SPHX's rating: 1271 &rarr; <strong>1248</strong><br />(-23 for losing)\n|raw|L3git Pro's rating: 1293 &rarr; <strong>1316</strong><br />(+23 for winning)\n|l|\u2606CHR1SPHX\n|player|p1|\n|l|\u2606L3git Pro\n|player|p2|\n","uploadtime":1769881175,"views":12,"formatid":"gen9vgc2026regi","rating":1248,"private":0,"password":null}