{"id":"gen9vgc2026regi-2586562653","format":"[Gen 9] VGC 2026 Reg I","players":["avarussurava","Lil Tic"],"log":"|j|\u2606avarussurava\n|j|\u2606Lil Tic\n|t:|1776443233\n|gametype|doubles\n|player|p1|avarussurava|1|1471\n|player|p2|Lil Tic|101|1486\n|gen|9\n|tier|[Gen 9] VGC 2026 Reg I\n|rated|\n|rule|Species Clause: Limit one of each Pok\u00e9mon\n|rule|Item Clause: Limit 1 of each item\n|clearpoke\n|poke|p1|Kyogre, L50|\n|poke|p1|Tyranitar, L50, M|\n|poke|p1|Zamazenta-*, L50|\n|poke|p1|Gastrodon, L50, M|\n|poke|p1|Sinistcha, L50|\n|poke|p1|Ceruledge, L50, F|\n|poke|p2|Koraidon, L50|\n|poke|p2|Flutter Mane, L50|\n|poke|p2|Ho-Oh, L50|\n|poke|p2|Incineroar, L50, F|\n|poke|p2|Amoonguss, L50, M|\n|poke|p2|Ting-Lu, L50|\n|teampreview|4\n|\n|t:|1776443258\n|teamsize|p1|4\n|teamsize|p2|4\n|start\n|switch|p1a: Zamazenta|Zamazenta-Crowned, L50|100/100\n|switch|p1b: Ceruledge|Ceruledge, L50, F|100/100\n|switch|p2a: Amoonguss|Amoonguss, L50, M|100/100\n|switch|p2b: Incineroar|Incineroar, L50, F|100/100\n|-ability|p1a: Zamazenta|Dauntless Shield|boost\n|-boost|p1a: Zamazenta|def|1\n|-ability|p2b: Incineroar|Intimidate|boost\n|-unboost|p1a: Zamazenta|atk|1\n|-unboost|p1b: Ceruledge|atk|1\n|turn|1\n|\n|t:|1776443275\n|move|p1a: Zamazenta|Body Press|p2b: Incineroar\n|-supereffective|p2b: Incineroar\n|-damage|p2b: Incineroar|0 fnt\n|faint|p2b: Incineroar\n|move|p1b: Ceruledge|Taunt|p2a: Amoonguss\n|-start|p2a: Amoonguss|move: Taunt\n|cant|p2a: Amoonguss|move: Taunt|Spore\n|\n|upkeep\n|\n|t:|1776443283\n|switch|p2b: Koraidon|Koraidon, L50|100/100\n|-weather|SunnyDay|[from] ability: Orichalcum Pulse|[of] p2b: Koraidon\n|-activate|p2b: Koraidon|Orichalcum Pulse|[source]\n|turn|2\n|\n|t:|1776443291\n|switch|p2a: Ho-Oh|Ho-Oh, L50|100/100\n|-terastallize|p1a: Zamazenta|Ground\n|move|p2b: Koraidon|Collision Course|p1a: Zamazenta\n|-damage|p1a: Zamazenta|56/100\n|-damage|p2b: Koraidon|91/100|[from] item: Life Orb\n|move|p1a: Zamazenta|Iron Defense|p1a: Zamazenta\n|-boost|p1a: Zamazenta|def|2\n|move|p1b: Ceruledge|Bitter Blade|p2a: Ho-Oh\n|-resisted|p2a: Ho-Oh\n|-damage|p2a: Ho-Oh|75/100\n|\n|-weather|SunnyDay|[upkeep]\n|upkeep\n|turn|3\n|\n|t:|1776443314\n|-terastallize|p2b: Koraidon|Fire\n|move|p2b: Koraidon|Flare Blitz|p1a: Zamazenta\n|-damage|p1a: Zamazenta|12/100\n|-status|p1a: Zamazenta|brn\n|-damage|p2b: Koraidon|77/100|[from] Recoil\n|-damage|p2b: Koraidon|67/100|[from] item: Life Orb\n|move|p1a: Zamazenta|Body Press|p2b: Koraidon\n|-damage|p2b: Koraidon|14/100\n|move|p2a: Ho-Oh|Sacred Fire|p1a: Zamazenta\n|-damage|p1a: Zamazenta|0 fnt\n|faint|p1a: Zamazenta\n|move|p1b: Ceruledge|Bitter Blade|p2b: Koraidon\n|-resisted|p2b: Koraidon\n|-damage|p2b: Koraidon|0 fnt\n|faint|p2b: Koraidon\n|\n|-weather|SunnyDay|[upkeep]\n|upkeep\n|\n|t:|1776443335\n|switch|p2b: Amoonguss|Amoonguss, L50, M|100/100\n|switch|p1a: Tyranitar|Tyranitar, L50, M|100/100\n|-weather|Sandstorm|[from] ability: Sand Stream|[of] p1a: Tyranitar\n|turn|4\n|\n|t:|1776443346\n|move|p2a: Ho-Oh|Sacred Fire|p1a: Tyranitar\n|-resisted|p1a: Tyranitar\n|-crit|p1a: Tyranitar\n|-damage|p1a: Tyranitar|70/100\n|move|p1b: Ceruledge|Taunt|p2b: Amoonguss\n|-start|p2b: Amoonguss|move: Taunt\n|move|p1a: Tyranitar|Knock Off|p2a: Ho-Oh\n|-damage|p2a: Ho-Oh|24/100\n|-enditem|p2a: Ho-Oh|Clear Amulet|[from] move: Knock Off|[of] p1a: Tyranitar\n|move|p2b: Amoonguss|Pollen Puff|p2a: Ho-Oh\n|-heal|p2a: Ho-Oh|74/100\n|\n|-weather|Sandstorm|[upkeep]\n|-damage|p2a: Ho-Oh|68/100|[from] Sandstorm\n|-damage|p2b: Amoonguss|95/100|[from] Sandstorm\n|upkeep\n|turn|5\n|\n|t:|1776443367\n|move|p2a: Ho-Oh|Sacred Fire|p1a: Tyranitar\n|-resisted|p1a: Tyranitar\n|-crit|p1a: Tyranitar\n|-damage|p1a: Tyranitar|36/100\n|-status|p1a: Tyranitar|brn\n|move|p1b: Ceruledge|Bulk Up|p1b: Ceruledge\n|-boost|p1b: Ceruledge|atk|1\n|-boost|p1b: Ceruledge|def|1\n|move|p1a: Tyranitar|Rock Blast|p2a: Ho-Oh\n|-supereffective|p2a: Ho-Oh\n|-damage|p2a: Ho-Oh|39/100\n|-supereffective|p2a: Ho-Oh\n|-damage|p2a: Ho-Oh|10/100\n|-supereffective|p2a: Ho-Oh\n|-damage|p2a: Ho-Oh|0 fnt\n|faint|p2a: Ho-Oh\n|-hitcount|p2: Ho-Oh|3\n|move|p2b: Amoonguss|Pollen Puff|p2: Ho-Oh|[notarget]\n|-fail|p2b: Amoonguss\n|\n|-weather|Sandstorm|[upkeep]\n|-damage|p2b: Amoonguss|89/100|[from] Sandstorm\n|-damage|p1a: Tyranitar|30/100 brn|[from] brn\n|upkeep\n|turn|6\n|-message|Lil Tic forfeited.\n|\n|win|avarussurava\n|raw|avarussurava's rating: 1471 &rarr; <strong>1492</strong><br />(+21 for winning)\n|raw|Lil Tic's rating: 1486 &rarr; <strong>1465</strong><br />(-21 for losing)\n|l|\u2606Lil Tic\n|player|p2|\n|l|\u2606avarussurava\n|player|p1|\n","uploadtime":1776443394,"views":14,"formatid":"gen9vgc2026regi","rating":1465,"private":0,"password":null}