{"id":"gen9vgc2026regi-2546515497","format":"[Gen 9] VGC 2026 Reg I","players":["Simon0123","is_katabo"],"log":"|j|\u2606Simon0123\n|j|\u2606is_katabo\n|t:|1771972737\n|gametype|doubles\n|player|p1|Simon0123|shadowtriad|1204\n|player|p2|is_katabo|elesa|1262\n|gen|9\n|tier|[Gen 9] VGC 2026 Reg I\n|rated|\n|rule|Species Clause: Limit one of each Pok\u00e9mon\n|rule|Item Clause: Limit 1 of each item\n|clearpoke\n|poke|p1|Miraidon, L50|\n|poke|p1|Flutter Mane, L50|\n|poke|p1|Incineroar, L50, F|\n|poke|p1|Urshifu-*, L50, F|\n|poke|p1|Tornadus, L50, M|\n|poke|p1|Amoonguss, L50, F|\n|poke|p2|Terapagos, L50, M|\n|poke|p2|Calyrex-Shadow, L50|\n|poke|p2|Incineroar, L50, F|\n|poke|p2|Rillaboom, L50, F|\n|poke|p2|Ogerpon-Wellspring, L50, F|\n|poke|p2|Flutter Mane, L50|\n|teampreview|4\n|inactive|Battle timer is ON: inactive players will automatically lose when time's up. (requested by Simon0123)\n|\n|t:|1771972758\n|teamsize|p1|4\n|teamsize|p2|4\n|start\n|switch|p1a: Miraidon|Miraidon, L50|100/100\n|switch|p1b: Tornadus|Tornadus, L50, M|100/100\n|switch|p2a: Calyrex|Calyrex-Shadow, L50|100/100\n|switch|p2b: Flutter Mane|Flutter Mane, L50|100/100\n|-ability|p2a: Calyrex|As One\n|-ability|p2a: Calyrex|Unnerve\n|-fieldstart|move: Electric Terrain|[from] ability: Hadron Engine|[of] p1a: Miraidon\n|-enditem|p2b: Flutter Mane|Booster Energy\n|-activate|p2b: Flutter Mane|ability: Protosynthesis|[fromitem]\n|-start|p2b: Flutter Mane|protosynthesisspe\n|turn|1\n|\n|t:|1771972778\n|-terastallize|p1a: Miraidon|Electric\n|move|p2b: Flutter Mane|Protect|p2b: Flutter Mane\n|-singleturn|p2b: Flutter Mane|Protect\n|move|p1b: Tornadus|Tailwind|p1b: Tornadus\n|-sidestart|p1: Simon0123|move: Tailwind\n|move|p1a: Miraidon|Volt Switch|p2a: Calyrex\n|-enditem|p2a: Calyrex|Focus Sash\n|-damage|p2a: Calyrex|1/100\n|\n|t:|1771972790\n|switch|p1a: Incineroar|Incineroar, L50, F|100/100|[from] Volt Switch\n|-ability|p1a: Incineroar|Intimidate|boost\n|-unboost|p2a: Calyrex|atk|1\n|-unboost|p2b: Flutter Mane|atk|1\n|move|p2a: Calyrex|Encore|p1b: Tornadus\n|-start|p1b: Tornadus|Encore\n|\n|upkeep\n|turn|2\n|\n|t:|1771972806\n|switch|p1b: Flutter Mane|Flutter Mane, L50|100/100\n|move|p2b: Flutter Mane|Moonblast|p1a: Incineroar\n|-damage|p1a: Incineroar|69/100\n|move|p2a: Calyrex|Astral Barrage|p1a: Incineroar|[spread] p1a,p1b\n|-resisted|p1a: Incineroar\n|-supereffective|p1b: Flutter Mane\n|-damage|p1a: Incineroar|49/100\n|-enditem|p1b: Flutter Mane|Focus Sash\n|-damage|p1b: Flutter Mane|1/100\n|move|p1a: Incineroar|Knock Off|p2a: Calyrex\n|-supereffective|p2a: Calyrex\n|-damage|p2a: Calyrex|0 fnt\n|faint|p2a: Calyrex\n|\n|upkeep\n|\n|t:|1771972822\n|switch|p2a: Terapagos|Terapagos, L50, M|100/100\n|-activate|p2a: Terapagos|ability: Tera Shift\n|detailschange|p2a: Terapagos|Terapagos-Terastal, L50, M\n|-heal|p2a: Terapagos|100/100|[silent]\n|turn|3\n|inactive|Simon0123 has 30 seconds left.\n|inactive|Simon0123 has 20 seconds left.\n|\n|t:|1771972858\n|move|p1b: Flutter Mane|Shadow Ball|p2b: Flutter Mane\n|-supereffective|p2b: Flutter Mane\n|-damage|p2b: Flutter Mane|26/100\n|move|p2b: Flutter Mane|Icy Wind|p1b: Flutter Mane|[spread] p1a,p1b\n|-resisted|p1a: Incineroar\n|-damage|p1a: Incineroar|44/100\n|-damage|p1b: Flutter Mane|0 fnt\n|-unboost|p1a: Incineroar|spe|1\n|faint|p1b: Flutter Mane\n|-end|p1b: Flutter Mane|Protosynthesis|[silent]\n|move|p2a: Terapagos|Calm Mind|p2a: Terapagos\n|-boost|p2a: Terapagos|spa|1\n|-boost|p2a: Terapagos|spd|1\n|move|p1a: Incineroar|Knock Off|p2b: Flutter Mane\n|-damage|p2b: Flutter Mane|0 fnt\n|faint|p2b: Flutter Mane\n|-end|p2b: Flutter Mane|Protosynthesis|[silent]\n|\n|upkeep\n|\n|t:|1771972876\n|switch|p1b: Miraidon|Miraidon, L50, tera:Electric|100/100\n|switch|p2b: Rillaboom|Rillaboom, L50, F|100/100\n|-activate|p1b: Miraidon|ability: Hadron Engine\n|-fieldstart|move: Grassy Terrain|[from] ability: Grassy Surge|[of] p2b: Rillaboom\n|turn|4\n|inactive|Simon0123 has 30 seconds left.\n|\n|t:|1771972906\n|move|p2b: Rillaboom|Fake Out|p1b: Miraidon\n|-damage|p1b: Miraidon|87/100\n|cant|p1b: Miraidon|flinch\n|move|p2a: Terapagos|Tera Starstorm|p1a: Incineroar\n|-damage|p1a: Incineroar|0 fnt\n|faint|p1a: Incineroar\n|\n|-heal|p1b: Miraidon|93/100|[from] Grassy Terrain\n|-sideend|p1: Simon0123|move: Tailwind\n|upkeep\n|\n|t:|1771972919\n|switch|p1a: Tornadus|Tornadus, L50, M|100/100\n|turn|5\n|\n|t:|1771972931\n|move|p2b: Rillaboom|Grassy Glide|p1b: Miraidon\n|-damage|p1b: Miraidon|55/100\n|move|p1b: Miraidon|Electro Drift|p2a: Terapagos\n|-activate|p2a: Terapagos|ability: Tera Shell\n|-resisted|p2a: Terapagos\n|-damage|p2a: Terapagos|68/100\n|move|p1a: Tornadus|Bleakwind Storm|p2b: Rillaboom|[spread] p2a,p2b\n|-supereffective|p2b: Rillaboom\n|-damage|p2a: Terapagos|50/100\n|-damage|p2b: Rillaboom|56/100\n|-unboost|p2a: Terapagos|spe|1\n|move|p2a: Terapagos|Earth Power|p1b: Miraidon\n|-supereffective|p1b: Miraidon\n|-damage|p1b: Miraidon|0 fnt\n|faint|p1b: Miraidon\n|\n|-heal|p2b: Rillaboom|62/100|[from] Grassy Terrain\n|-heal|p2a: Terapagos|57/100|[from] Grassy Terrain\n|-heal|p2a: Terapagos|63/100|[from] item: Leftovers\n|upkeep\n|turn|6\n|-message|Simon0123 forfeited.\n|\n|win|is_katabo\n|raw|Simon0123's rating: 1204 &rarr; <strong>1183</strong><br />(-21 for losing)\n|raw|is_katabo's rating: 1262 &rarr; <strong>1283</strong><br />(+21 for winning)\n|l|\u2606Simon0123\n|player|p1|\n","uploadtime":1771972950,"views":12,"formatid":"gen9vgc2026regi","rating":1183,"private":0,"password":null}