{"id":"gen9vgc2026regi-2555141243","format":"[Gen 9] VGC 2026 Reg I","players":["phoenix of rage","g0dGun"],"log":"|j|\u2606phoenix of rage\n|j|\u2606g0dGun\n|t:|1773062470\n|gametype|doubles\n|player|p1|phoenix of rage|101|1282\n|player|p2|g0dGun|blue|1510\n|gen|9\n|tier|[Gen 9] VGC 2026 Reg I\n|rated|\n|rule|Species Clause: Limit one of each Pok\u00e9mon\n|rule|Item Clause: Limit 1 of each item\n|clearpoke\n|poke|p1|Zacian-*, L50|\n|poke|p1|Lunala, L50|\n|poke|p1|Indeedee-F, L50, F|\n|poke|p1|Iron Bundle, L50|\n|poke|p1|Annihilape, L50, M|\n|poke|p1|Whimsicott, L50, M|\n|poke|p2|Hitmontop, L50, M|\n|poke|p2|Terapagos, L50, M|\n|poke|p2|Calyrex-Shadow, L50|\n|poke|p2|Ogerpon-Cornerstone, L50, F|\n|poke|p2|Urshifu-*, L50, F|\n|poke|p2|Whimsicott, L50, M|\n|teampreview|4\n|inactive|Battle timer is ON: inactive players will automatically lose when time's up. (requested by phoenix of rage)\n|inactive|g0dGun also wants the timer to be on.\n|inactive|phoenix of rage has 60 seconds left.\n|\n|t:|1773062517\n|teamsize|p1|4\n|teamsize|p2|4\n|start\n|switch|p1a: Whimsicott|Whimsicott, L50, M|100/100\n|switch|p1b: Lunala|Lunala, L50|100/100\n|switch|p2a: Hitmontop|Hitmontop, L50, M|100/100\n|switch|p2b: Terapagos|Terapagos, L50, M|100/100\n|-activate|p2b: Terapagos|ability: Tera Shift\n|detailschange|p2b: Terapagos|Terapagos-Terastal, L50, M\n|-heal|p2b: Terapagos|100/100|[silent]\n|-ability|p2a: Hitmontop|Intimidate|boost\n|-unboost|p1a: Whimsicott|atk|1\n|-unboost|p1b: Lunala|atk|1\n|turn|1\n|\n|t:|1773062533\n|-terastallize|p2b: Terapagos|Stellar\n|detailschange|p2b: Terapagos|Terapagos-Stellar, L50, M, tera:Stellar\n|-heal|p2b: Terapagos|100/100|[silent]\n|move|p1a: Whimsicott|Light Screen|p1a: Whimsicott\n|-sidestart|p1: phoenix of rage|move: Light Screen\n|move|p2a: Hitmontop|Vacuum Wave|p2b: Terapagos\n|-supereffective|p2b: Terapagos\n|-damage|p2b: Terapagos|95/100\n|-enditem|p2b: Terapagos|Weakness Policy\n|-boost|p2b: Terapagos|atk|2|[from] item: Weakness Policy\n|-boost|p2b: Terapagos|spa|2|[from] item: Weakness Policy\n|move|p1b: Lunala|Meteor Beam||[still]\n|-prepare|p1b: Lunala|Meteor Beam\n|-boost|p1b: Lunala|spa|1\n|-enditem|p1b: Lunala|Power Herb\n|-anim|p1b: Lunala|Meteor Beam|p2b: Terapagos\n|-damage|p2b: Terapagos|52/100\n|move|p2b: Terapagos|Tera Starstorm|p1a: Whimsicott|[spread] p1a,p1b\n|-damage|p1a: Whimsicott|34/100\n|-damage|p1b: Lunala|82/100\n|\n|upkeep\n|turn|2\n|inactive|phoenix of rage has 30 seconds left.\n|inactive|g0dGun has 30 seconds left.\n|\n|t:|1773062569\n|switch|p2a: Whimsicott|Whimsicott, L50, M|100/100\n|move|p1b: Lunala|Wide Guard|p1b: Lunala\n|-singleturn|p1b: Lunala|Wide Guard\n|move|p1a: Whimsicott|Encore||[still]\n|-fail|p1a: Whimsicott\n|move|p2b: Terapagos|Tera Starstorm|p1a: Whimsicott|[spread] \n|-activate|p1a: Whimsicott|move: Wide Guard\n|-activate|p1b: Lunala|move: Wide Guard\n|\n|upkeep\n|turn|3\n|\n|t:|1773062589\n|switch|p2b: Calyrex|Calyrex-Shadow, L50|100/100\n|-ability|p2b: Calyrex|As One\n|-ability|p2b: Calyrex|Unnerve\n|move|p1a: Whimsicott|Encore||[still]\n|-fail|p1a: Whimsicott\n|move|p2a: Whimsicott|Encore|p1b: Lunala\n|-start|p1b: Lunala|Encore\n|move|p1b: Lunala|Wide Guard||[still]\n|-fail|p1b: Lunala\n|\n|upkeep\n|turn|4\n|inactive|phoenix of rage has 30 seconds left.\n|inactive|phoenix of rage has 20 seconds left.\n|inactive|phoenix of rage has 15 seconds left.\n|inactive|phoenix of rage has 10 seconds left.\n|\n|t:|1773062638\n|-terastallize|p1a: Whimsicott|Dark\n|move|p1b: Lunala|Wide Guard|p1b: Lunala\n|-singleturn|p1b: Lunala|Wide Guard\n|move|p1a: Whimsicott|Encore||[still]\n|-fail|p1a: Whimsicott\n|move|p2a: Whimsicott|Tailwind|p2a: Whimsicott\n|-sidestart|p2: g0dGun|move: Tailwind\n|move|p2b: Calyrex|Psychic|p1a: Whimsicott\n|-immune|p1a: Whimsicott\n|\n|upkeep\n|turn|5\n|inactive|phoenix of rage has 30 seconds left.\n|\n|t:|1773062671\n|move|p1b: Lunala|Wide Guard|p1b: Lunala\n|-singleturn|p1b: Lunala|Wide Guard\n|move|p1a: Whimsicott|Tailwind|p1a: Whimsicott\n|-sidestart|p1: phoenix of rage|move: Tailwind\n|move|p2b: Calyrex|Psychic|p1b: Lunala\n|-resisted|p1b: Lunala\n|-damage|p1b: Lunala|69/100\n|move|p2a: Whimsicott|Moonblast|p1a: Whimsicott\n|-supereffective|p1a: Whimsicott\n|-damage|p1a: Whimsicott|0 fnt\n|faint|p1a: Whimsicott\n|\n|-end|p1b: Lunala|Encore\n|-sideend|p1: phoenix of rage|move: Light Screen\n|upkeep\n|\n|t:|1773062687\n|switch|p1a: Indeedee|Indeedee-F, L50, F|100/100\n|-fieldstart|move: Psychic Terrain|[from] ability: Psychic Surge|[of] p1a: Indeedee\n|-enditem|p1a: Indeedee|Psychic Seed\n|-boost|p1a: Indeedee|spd|1|[from] item: Psychic Seed\n|turn|6\n|\n|t:|1773062704\n|switch|p2a: Terapagos|Terapagos-Stellar, L50, M, tera:Stellar|52/100\n|move|p1b: Lunala|Wide Guard|p1b: Lunala\n|-singleturn|p1b: Lunala|Wide Guard\n|move|p2b: Calyrex|Encore|p1b: Lunala\n|-start|p1b: Lunala|Encore\n|move|p1a: Indeedee|Trick Room|p1a: Indeedee\n|-fieldstart|move: Trick Room|[of] p1a: Indeedee\n|\n|upkeep\n|turn|7\n|\n|t:|1773062729\n|switch|p1b: Zacian|Zacian-Crowned, L50|100/100\n|-ability|p1b: Zacian|Intrepid Sword|boost\n|-boost|p1b: Zacian|atk|1\n|switch|p2b: Hitmontop|Hitmontop, L50, M|100/100\n|-ability|p2b: Hitmontop|Intimidate|boost\n|-unboost|p1a: Indeedee|atk|1\n|-unboost|p1b: Zacian|atk|1\n|move|p1a: Indeedee|Psychic|p2a: Terapagos\n|-damage|p2a: Terapagos|25/100\n|move|p2a: Terapagos|Earth Power|p1a: Indeedee\n|-damage|p1a: Indeedee|71/100\n|\n|-sideend|p2: g0dGun|move: Tailwind\n|upkeep\n|turn|8\n|inactive|phoenix of rage has 30 seconds left.\n|\n|t:|1773062763\n|move|p2b: Hitmontop|Brick Break|p1b: Zacian\n|-damage|p1b: Zacian|82/100\n|move|p2a: Terapagos|Earth Power|p1b: Zacian\n|-supereffective|p1b: Zacian\n|-damage|p1b: Zacian|12/100\n|move|p1a: Indeedee|Psychic|p2b: Hitmontop\n|-supereffective|p2b: Hitmontop\n|-damage|p2b: Hitmontop|39/100\n|-enditem|p2b: Hitmontop|Eject Button\n|\n|t:|1773062774\n|switch|p2b: Whimsicott|Whimsicott, L50, M|100/100\n|move|p1b: Zacian|Swords Dance|p1b: Zacian\n|-boost|p1b: Zacian|atk|2\n|\n|-sideend|p1: phoenix of rage|move: Tailwind\n|upkeep\n|turn|9\n|\n|t:|1773062792\n|move|p2b: Whimsicott|Protect|p2b: Whimsicott\n|-singleturn|p2b: Whimsicott|Protect\n|move|p1b: Zacian|Protect|p1b: Zacian\n|-singleturn|p1b: Zacian|Protect\n|move|p1a: Indeedee|Psychic|p2a: Terapagos\n|-damage|p2a: Terapagos|0 fnt\n|faint|p2a: Terapagos\n|detailschange|p2: Terapagos|Terapagos, L50, M|[silent]\n|\n|upkeep\n|\n|t:|1773062802\n|switch|p2a: Hitmontop|Hitmontop, L50, M|39/100\n|-ability|p2a: Hitmontop|Intimidate|boost\n|-unboost|p1a: Indeedee|atk|1\n|-unboost|p1b: Zacian|atk|1\n|turn|10\n|\n|t:|1773062822\n|move|p1a: Indeedee|Follow Me|p1a: Indeedee\n|-singleturn|p1a: Indeedee|move: Follow Me\n|move|p2a: Hitmontop|Brick Break|p1a: Indeedee\n|-damage|p1a: Indeedee|47/100\n|move|p2b: Whimsicott|Moonblast|p1a: Indeedee\n|-damage|p1a: Indeedee|27/100\n|move|p1b: Zacian|Behemoth Blade|p2b: Whimsicott\n|-supereffective|p2b: Whimsicott\n|-damage|p2b: Whimsicott|0 fnt\n|faint|p2b: Whimsicott\n|\n|-fieldend|move: Trick Room\n|-fieldend|move: Psychic Terrain\n|upkeep\n|\n|t:|1773062836\n|switch|p2b: Calyrex|Calyrex-Shadow, L50|100/100\n|-ability|p2b: Calyrex|As One\n|-ability|p2b: Calyrex|Unnerve\n|turn|11\n|\n|t:|1773062848\n|move|p1b: Zacian|Protect|p1b: Zacian\n|-singleturn|p1b: Zacian|Protect\n|move|p2b: Calyrex|Astral Barrage|p1b: Zacian|[spread] \n|-activate|p1b: Zacian|move: Protect\n|-immune|p1a: Indeedee\n|move|p1a: Indeedee|Psychic|p2a: Hitmontop\n|-supereffective|p2a: Hitmontop\n|-damage|p2a: Hitmontop|0 fnt\n|faint|p2a: Hitmontop\n|\n|upkeep\n|turn|12\n|\n|t:|1773062866\n|move|p2b: Calyrex|Astral Barrage|p1b: Zacian|[spread] p1b\n|-immune|p1a: Indeedee\n|-damage|p1b: Zacian|0 fnt\n|faint|p1b: Zacian\n|-ability|p2b: Calyrex|Grim Neigh|boost\n|-boost|p2b: Calyrex|spa|1\n|move|p1a: Indeedee|Trick Room|p1a: Indeedee\n|-fieldstart|move: Trick Room|[of] p1a: Indeedee\n|\n|upkeep\n|\n|t:|1773062869\n|switch|p1b: Lunala|Lunala, L50|69/100\n|turn|13\n|-message|g0dGun forfeited.\n|\n|win|phoenix of rage\n|raw|phoenix of rage's rating: 1282 &rarr; <strong>1321</strong><br />(+39 for winning)\n|raw|g0dGun's rating: 1510 &rarr; <strong>1478</strong><br />(-32 for losing)\n|l|\u2606g0dGun\n|player|p2|\n","uploadtime":1773062885,"views":24,"formatid":"gen9vgc2026regi","rating":1321,"private":0,"password":null}