{"id":"gen9vgc2026regi-2575691613","format":"[Gen 9] VGC 2026 Reg I","players":["ryankun26","1VLTSQ Joker"],"log":"|raw|<div class=\"broadcast-blue\"><strong>This battle is required to be public due to a player having a name starting with '1vltsq'.</div>\n|j|\u2606ryankun26\n|j|\u26061VLTSQ Joker\n|t:|1775388709\n|gametype|doubles\n|player|p1|ryankun26|hilda|1401\n|player|p2|1VLTSQ Joker|blue|1563\n|gen|9\n|tier|[Gen 9] VGC 2026 Reg I\n|rated|\n|rule|Species Clause: Limit one of each Pok\u00e9mon\n|rule|Item Clause: Limit 1 of each item\n|clearpoke\n|poke|p1|Koraidon, L50|\n|poke|p1|Terapagos, L50, M|\n|poke|p1|Scream Tail, L50|\n|poke|p1|Clefairy, L50, M|\n|poke|p1|Incineroar, L50, F|\n|poke|p1|Rillaboom, L50, F|\n|poke|p2|Calyrex-Ice, L50|\n|poke|p2|Smeargle, L50, F|\n|poke|p2|Kyogre, L50|\n|poke|p2|Tornadus, L50, M|\n|poke|p2|Volcarona, L50, F|\n|poke|p2|Pawmot, L50, M|\n|teampreview|4\n|inactive|Battle timer is ON: inactive players will automatically lose when time's up. (requested by ryankun26)\n|inactive|ryankun26 has 60 seconds left.\n|inactive|1VLTSQ Joker has 60 seconds left.\n|inactive|ryankun26 has 30 seconds left.\n|inactive|ryankun26 has 20 seconds left.\n|j| Therazer456\n|inactive|ryankun26 has 15 seconds left.\n|inactive|ryankun26 has 10 seconds left.\n|\n|t:|1775388793\n|teamsize|p1|4\n|teamsize|p2|4\n|start\n|switch|p1a: Terapagos|Terapagos, L50, M|100/100\n|switch|p1b: Scream Tail|Scream Tail, L50, shiny|100/100\n|switch|p2a: Calyrex|Calyrex-Ice, L50|100/100\n|switch|p2b: Smeargle|Smeargle, L50, F|100/100\n|-activate|p1a: Terapagos|ability: Tera Shift\n|detailschange|p1a: Terapagos|Terapagos-Terastal, L50, M\n|-heal|p1a: Terapagos|100/100|[silent]\n|-ability|p2a: Calyrex|As One\n|-ability|p2a: Calyrex|Unnerve\n|-enditem|p1b: Scream Tail|Booster Energy\n|-activate|p1b: Scream Tail|ability: Protosynthesis|[fromitem]\n|-start|p1b: Scream Tail|protosynthesisspe\n|turn|1\n|inactive|1VLTSQ Joker has 30 seconds left.\n|\n|t:|1775388821\n|move|p2b: Smeargle|Fake Out|p1b: Scream Tail\n|-damage|p1b: Scream Tail|96/100\n|cant|p1b: Scream Tail|flinch\n|move|p1a: Terapagos|Meteor Beam||[still]\n|-prepare|p1a: Terapagos|Meteor Beam\n|-boost|p1a: Terapagos|spa|1\n|-enditem|p1a: Terapagos|Power Herb\n|-anim|p1a: Terapagos|Meteor Beam|p2b: Smeargle\n|-enditem|p2b: Smeargle|Focus Sash\n|-damage|p2b: Smeargle|1/100\n|move|p2a: Calyrex|Leech Seed|p1a: Terapagos|[miss]\n|-miss|p2a: Calyrex|p1a: Terapagos\n|\n|-ability|p2b: Smeargle|Moody|boost\n|-boost|p2b: Smeargle|atk|2\n|-unboost|p2b: Smeargle|spe|1\n|upkeep\n|turn|2\n|\n|t:|1775388842\n|-terastallize|p1a: Terapagos|Stellar\n|detailschange|p1a: Terapagos|Terapagos-Stellar, L50, M, tera:Stellar\n|-heal|p1a: Terapagos|100/100|[silent]\n|move|p2b: Smeargle|Follow Me|p2b: Smeargle\n|-singleturn|p2b: Smeargle|move: Follow Me\n|move|p1b: Scream Tail|Disable|p2b: Smeargle\n|-start|p2b: Smeargle|Disable|Follow Me\n|move|p1a: Terapagos|Tera Starstorm|p2b: Smeargle|[spread] p2a,p2b\n|-damage|p2a: Calyrex|71/100\n|-damage|p2b: Smeargle|0 fnt\n|faint|p2b: Smeargle\n|move|p2a: Calyrex|Leech Seed|p1a: Terapagos|[miss]\n|-miss|p2a: Calyrex|p1a: Terapagos\n|\n|upkeep\n|\n|t:|1775388849\n|switch|p2b: Pawmot|Pawmot, L50, M|100/100\n|turn|3\n|c|\u2606ryankun26|Why does your name make the battle public?\n|c|\u2606ryankun26|I don't mind, it's just new to me\n|\n|t:|1775388870\n|-end|p1b: Scream Tail|Protosynthesis|[silent]\n|switch|p1b: Clefairy|Clefairy, L50, M|100/100\n|move|p1a: Terapagos|Protect|p1a: Terapagos\n|-singleturn|p1a: Terapagos|Protect\n|move|p2b: Pawmot|Fake Out|p1b: Clefairy\n|-damage|p1b: Clefairy|93/100\n|move|p2a: Calyrex|Leech Seed|p1a: Terapagos\n|-activate|p1a: Terapagos|move: Protect\n|\n|upkeep\n|turn|4\n|\n|t:|1775388884\n|move|p1b: Clefairy|Follow Me|p1b: Clefairy\n|-singleturn|p1b: Clefairy|move: Follow Me\n|move|p2b: Pawmot|Nuzzle|p1b: Clefairy\n|-damage|p1b: Clefairy|86/100\n|-status|p1b: Clefairy|par\n|move|p1a: Terapagos|Tera Starstorm|p2b: Pawmot|[spread] p2a,p2b\n|-damage|p2a: Calyrex|39/100\n|-damage|p2b: Pawmot|13/100\n|move|p2a: Calyrex|Leech Seed|p1b: Clefairy\n|-start|p1b: Clefairy|move: Leech Seed\n|\n|-damage|p1b: Clefairy|73/100 par|[from] Leech Seed|[of] p2a: Calyrex\n|-heal|p2a: Calyrex|51/100|[silent]\n|upkeep\n|turn|5\n|\n|t:|1775388908\n|move|p1a: Terapagos|Protect|p1a: Terapagos\n|-singleturn|p1a: Terapagos|Protect\n|move|p2b: Pawmot|Revival Blessing|p2b: Pawmot\n|-enditem|p2b: Pawmot|Leppa Berry|[eat]\n|-activate|p2b: Pawmot|item: Leppa Berry|Revival Blessing|[consumed]\n|c|\u26061VLTSQ Joker|ladder tour for another format\n|\n|t:|1775388923\n|-heal|p2: Smeargle|50/100|[from] move: Revival Blessing\n|move|p2a: Calyrex|Glacial Lance|p1b: Clefairy|[spread] p1b\n|-activate|p1a: Terapagos|move: Protect\n|-damage|p1b: Clefairy|36/100 par\n|move|p1b: Clefairy|Misty Terrain|p1b: Clefairy\n|-fieldstart|move: Misty Terrain\n|\n|-damage|p1b: Clefairy|24/100 par|[from] Leech Seed|[of] p2a: Calyrex\n|-heal|p2a: Calyrex|63/100|[silent]\n|upkeep\n|turn|6\n|\n|t:|1775388943\n|cant|p1b: Clefairy|par\n|move|p2b: Pawmot|Revival Blessing||[still]\n|-fail|p2b: Pawmot\n|move|p1a: Terapagos|Tera Starstorm|p2b: Pawmot|[spread] p2a,p2b\n|-damage|p2a: Calyrex|28/100\n|-damage|p2b: Pawmot|0 fnt\n|faint|p2b: Pawmot\n|move|p2a: Calyrex|Leech Seed|p1a: Terapagos\n|-start|p1a: Terapagos|move: Leech Seed\n|\n|-damage|p1a: Terapagos|88/100|[from] Leech Seed|[of] p2a: Calyrex\n|-heal|p2a: Calyrex|43/100|[silent]\n|-damage|p1b: Clefairy|11/100 par|[from] Leech Seed|[of] p2a: Calyrex\n|-heal|p2a: Calyrex|55/100|[silent]\n|upkeep\n|\n|t:|1775388948\n|switch|p2b: Smeargle|Smeargle, L50, F|50/100\n|turn|7\n|\n|t:|1775388962\n|switch|p1b: Scream Tail|Scream Tail, L50, shiny|96/100\n|move|p1a: Terapagos|Protect|p1a: Terapagos\n|-singleturn|p1a: Terapagos|Protect\n|move|p2b: Smeargle|Fake Out|p1a: Terapagos\n|-activate|p1a: Terapagos|move: Protect\n|move|p2a: Calyrex|Glacial Lance|p1a: Terapagos|[spread] p1b\n|-activate|p1a: Terapagos|move: Protect\n|-damage|p1b: Scream Tail|50/100\n|\n|-damage|p1a: Terapagos|76/100|[from] Leech Seed|[of] p2a: Calyrex\n|-heal|p2a: Calyrex|71/100|[silent]\n|-ability|p2b: Smeargle|Moody|boost\n|-boost|p2b: Smeargle|atk|2\n|-unboost|p2b: Smeargle|spe|1\n|upkeep\n|turn|8\n|\n|t:|1775388979\n|move|p1b: Scream Tail|Protect|p1b: Scream Tail\n|-singleturn|p1b: Scream Tail|Protect\n|move|p1a: Terapagos|Tera Starstorm|p2a: Calyrex|[spread] p2a,p2b\n|-damage|p2a: Calyrex|41/100\n|-damage|p2b: Smeargle|0 fnt\n|faint|p2b: Smeargle\n|move|p2a: Calyrex|Seed Bomb|p1a: Terapagos\n|-crit|p1a: Terapagos\n|-damage|p1a: Terapagos|44/100\n|\n|-damage|p1a: Terapagos|32/100|[from] Leech Seed|[of] p2a: Calyrex\n|-heal|p2a: Calyrex|57/100|[silent]\n|upkeep\n|\n|t:|1775388990\n|switch|p2b: Kyogre|Kyogre, L50|100/100\n|-weather|RainDance|[from] ability: Drizzle|[of] p2b: Kyogre\n|turn|9\n|\n|t:|1775389008\n|switch|p1a: Koraidon|Koraidon, L50|100/100\n|-weather|SunnyDay|[from] ability: Orichalcum Pulse|[of] p1a: Koraidon\n|-activate|p1b: Scream Tail|ability: Protosynthesis\n|-start|p1b: Scream Tail|protosynthesisspe\n|-activate|p1a: Koraidon|Orichalcum Pulse|[source]\n|-terastallize|p2b: Kyogre|Water\n|move|p1b: Scream Tail|Encore|p2a: Calyrex\n|-start|p2a: Calyrex|Encore\n|move|p2b: Kyogre|Water Spout|p1a: Koraidon|[spread] p1a,p1b\n|-resisted|p1a: Koraidon\n|-damage|p1a: Koraidon|79/100\n|-damage|p1b: Scream Tail|23/100\n|move|p2a: Calyrex|Seed Bomb|p1b: Scream Tail\n|-damage|p1b: Scream Tail|0 fnt\n|faint|p1b: Scream Tail\n|-end|p1b: Scream Tail|Protosynthesis|[silent]\n|-ability|p2a: Calyrex|Chilling Neigh|boost\n|-boost|p2a: Calyrex|atk|1\n|\n|-weather|SunnyDay|[upkeep]\n|-fieldend|Misty Terrain\n|upkeep\n|\n|t:|1775389016\n|switch|p1b: Terapagos|Terapagos-Stellar, L50, M, tera:Stellar|32/100\n|turn|10\n|\n|t:|1775389029\n|move|p2b: Kyogre|Water Spout|p1a: Koraidon|[spread] p1a,p1b\n|-resisted|p1a: Koraidon\n|-damage|p1a: Koraidon|56/100\n|-damage|p1b: Terapagos|3/100\n|move|p1a: Koraidon|Close Combat|p2b: Kyogre\n|-damage|p2b: Kyogre|10/100\n|-unboost|p1a: Koraidon|def|1\n|-unboost|p1a: Koraidon|spd|1\n|move|p1b: Terapagos|Tera Starstorm|p2a: Calyrex|[spread] p2a,p2b\n|-supereffective|p2b: Kyogre\n|-damage|p2a: Calyrex|35/100\n|-damage|p2b: Kyogre|0 fnt\n|faint|p2b: Kyogre\n|move|p2a: Calyrex|Seed Bomb|p1a: Koraidon\n|-resisted|p1a: Koraidon\n|-damage|p1a: Koraidon|27/100\n|\n|-weather|SunnyDay|[upkeep]\n|upkeep\n|turn|11\n|-message|1VLTSQ Joker forfeited.\n|\n|win|ryankun26\n|raw|ryankun26's rating: 1401 &rarr; <strong>1430</strong><br />(+29 for winning)\n|raw|1VLTSQ Joker's rating: 1563 &rarr; <strong>1534</strong><br />(-29 for losing)\n|l|\u26061VLTSQ Joker\n|player|p2|\n|l| Therazer456\n","uploadtime":1775389094,"views":19,"formatid":"gen9vgc2026regi","rating":1430,"private":0,"password":null}