{"id":"gen9vgc2026regi-2576277596","format":"[Gen 9] VGC 2026 Reg I","players":["vestige666","Kwiper"],"log":"|j|\u2606vestige666\n|j|\u2606Kwiper\n|t:|1775448624\n|gametype|doubles\n|player|p1|vestige666|2|1422\n|player|p2|Kwiper|sycamore|1538\n|gen|9\n|tier|[Gen 9] VGC 2026 Reg I\n|rated|\n|rule|Species Clause: Limit one of each Pok\u00e9mon\n|rule|Item Clause: Limit 1 of each item\n|clearpoke\n|poke|p1|Rayquaza, L50|\n|poke|p1|Calyrex-Shadow, L50|\n|poke|p1|Tornadus, L50, M|\n|poke|p1|Smeargle, L50, F|\n|poke|p1|Urshifu-*, L50, M|\n|poke|p1|Clefairy, L50, F|\n|poke|p2|Koraidon, L50|\n|poke|p2|Lunala, L50|\n|poke|p2|Indeedee-F, L50, F|\n|poke|p2|Flutter Mane, L50|\n|poke|p2|Volcarona, L50, M|\n|poke|p2|Ursaluna, L50, M|\n|teampreview|4\n|inactive|Battle timer is ON: inactive players will automatically lose when time's up. (requested by Kwiper)\n|inactive|vestige666 has 60 seconds left.\n|inactive|vestige666 has 30 seconds left.\n|inactive|vestige666 has 20 seconds left.\n|inactive|vestige666 has 15 seconds left.\n|inactive|vestige666 has 10 seconds left.\n|\n|t:|1775448706\n|teamsize|p1|4\n|teamsize|p2|4\n|start\n|switch|p1a: Kanade|Rayquaza, L50|100/100\n|switch|p1b: Gigi|Smeargle, L50, F|100/100\n|switch|p2a: Lunala|Lunala, L50, shiny|100/100\n|switch|p2b: Indeedee|Indeedee-F, L50, F|100/100\n|-ability|p1a: Kanade|Air Lock\n|-fieldstart|move: Psychic Terrain|[from] ability: Psychic Surge|[of] p2b: Indeedee\n|turn|1\n|\n|t:|1775448730\n|switch|p1a: Biboo|Clefairy, L50, F|100/100\n|move|p2b: Indeedee|Follow Me|p2b: Indeedee\n|-singleturn|p2b: Indeedee|move: Follow Me\n|move|p1b: Gigi|Spore|p2b: Indeedee\n|-activate|p2b: Indeedee|item: Safety Goggles|Spore\n|move|p2a: Lunala|Meteor Beam||[still]\n|-prepare|p2a: Lunala|Meteor Beam\n|-boost|p2a: Lunala|spa|1\n|-enditem|p2a: Lunala|Power Herb\n|-anim|p2a: Lunala|Meteor Beam|p1a: Biboo\n|-damage|p1a: Biboo|37/100\n|\n|-ability|p1b: Gigi|Moody|boost\n|-boost|p1b: Gigi|def|2\n|-unboost|p1b: Gigi|spa|1\n|upkeep\n|turn|2\n|\n|t:|1775448752\n|switch|p1b: Kanade|Rayquaza, L50|100/100\n|-ability|p1b: Kanade|Air Lock\n|move|p1a: Biboo|Protect|p1a: Biboo\n|-singleturn|p1a: Biboo|Protect\n|move|p2b: Indeedee|Follow Me|p2b: Indeedee\n|-singleturn|p2b: Indeedee|move: Follow Me\n|move|p2a: Lunala|Expanding Force|p1b: Kanade|[spread] p1b\n|-activate|p1a: Biboo|move: Protect\n|-damage|p1b: Kanade|24/100\n|\n|upkeep\n|turn|3\n|\n|t:|1775448770\n|move|p2b: Indeedee|Follow Me|p2b: Indeedee\n|-singleturn|p2b: Indeedee|move: Follow Me\n|move|p1a: Biboo|Follow Me|p1a: Biboo\n|-singleturn|p1a: Biboo|move: Follow Me\n|move|p2a: Lunala|Expanding Force|p1b: Kanade|[spread] p1a,p1b\n|-damage|p1a: Biboo|0 fnt\n|-damage|p1b: Kanade|0 fnt\n|faint|p1a: Biboo\n|faint|p1b: Kanade\n|\n|upkeep\n|\n|t:|1775448783\n|switch|p1b: Gigi|Smeargle, L50, F|100/100\n|switch|p1a: Nerissa|Calyrex-Shadow, L50|100/100\n|-ability|p1a: Nerissa|As One\n|-ability|p1a: Nerissa|Unnerve\n|turn|4\n|inactive|Kwiper has 30 seconds left.\n|inactive|Kwiper has 20 seconds left.\n|\n|t:|1775448820\n|-terastallize|p1a: Nerissa|Dark\n|-terastallize|p2a: Lunala|Water\n|move|p2b: Indeedee|Follow Me|p2b: Indeedee\n|-singleturn|p2b: Indeedee|move: Follow Me\n|move|p1a: Nerissa|Nasty Plot|p1a: Nerissa\n|-boost|p1a: Nerissa|spa|2\n|move|p1b: Gigi|Decorate|p2b: Indeedee\n|-boost|p2b: Indeedee|atk|2\n|-boost|p2b: Indeedee|spa|2\n|move|p2a: Lunala|Expanding Force|p1b: Gigi|[spread] p1b\n|-immune|p1a: Nerissa\n|-enditem|p1b: Gigi|Focus Sash\n|-damage|p1b: Gigi|1/100\n|\n|-ability|p1b: Gigi|Moody|boost\n|-boost|p1b: Gigi|spa|2\n|-unboost|p1b: Gigi|atk|1\n|upkeep\n|turn|5\n|\n|t:|1775448840\n|move|p1a: Nerissa|Astral Barrage|p2b: Indeedee|[spread] p2a\n|-immune|p2b: Indeedee\n|-damage|p2a: Lunala|47/100\n|-damage|p1a: Nerissa|91/100|[from] item: Life Orb\n|move|p1b: Gigi|Decorate|p1a: Nerissa\n|-boost|p1a: Nerissa|atk|2\n|-boost|p1a: Nerissa|spa|2\n|move|p2a: Lunala|Moongeist Beam|p1a: Nerissa\n|-resisted|p1a: Nerissa\n|-damage|p1a: Nerissa|46/100\n|move|p2b: Indeedee|Alluring Voice|p1b: Gigi\n|-damage|p1b: Gigi|0 fnt\n|faint|p1b: Gigi\n|\n|-fieldend|move: Psychic Terrain\n|upkeep\n|turn|6\n|c|\u2606Kwiper|i have koraidon flutter in the back\n|inactive|vestige666 has 30 seconds left.\n|\n|t:|1775448868\n|move|p1a: Nerissa|Psychic|p2b: Indeedee\n|-resisted|p2b: Indeedee\n|-damage|p2b: Indeedee|0 fnt\n|faint|p2b: Indeedee\n|-ability|p1a: Nerissa|Grim Neigh|boost\n|-boost|p1a: Nerissa|spa|1\n|-damage|p1a: Nerissa|36/100|[from] item: Life Orb\n|move|p2a: Lunala|Moongeist Beam|p1a: Nerissa\n|-resisted|p1a: Nerissa\n|-damage|p1a: Nerissa|0 fnt\n|faint|p1a: Nerissa\n|\n|win|Kwiper\n|raw|vestige666's rating: 1422 &rarr; <strong>1408</strong><br />(-14 for losing)\n|raw|Kwiper's rating: 1538 &rarr; <strong>1552</strong><br />(+14 for winning)\n","uploadtime":1775448868,"views":7,"formatid":"gen9vgc2026regi","rating":1408,"private":0,"password":null}