{"id":"gen9vgc2026regi-2536714223","format":"[Gen 9] VGC 2026 Reg I","players":["Schimmli","Unskilled99"],"log":"|j|\u2606Schimmli\n|j|\u2606Unskilled99\n|t:|1770729373\n|gametype|doubles\n|player|p1|Schimmli|101|1497\n|player|p2|Unskilled99|unknown|1463\n|gen|9\n|tier|[Gen 9] VGC 2026 Reg I\n|rated|\n|rule|Species Clause: Limit one of each Pok\u00e9mon\n|rule|Item Clause: Limit 1 of each item\n|clearpoke\n|poke|p1|Kyogre, L50|\n|poke|p1|Tornadus, L50, M|\n|poke|p1|Urshifu-*, L50, M|\n|poke|p1|Landorus, L50, M|\n|poke|p1|Flutter Mane, L50|\n|poke|p1|Zamazenta-*, L50|\n|poke|p2|Calyrex-Shadow, L50|\n|poke|p2|Zamazenta-*, L50|\n|poke|p2|Chien-Pao, L50|\n|poke|p2|Dragonite, L50, F|\n|poke|p2|Raging Bolt, L50|\n|poke|p2|Amoonguss, L50, F|\n|teampreview|4\n|inactive|Battle timer is ON: inactive players will automatically lose when time's up. (requested by Schimmli)\n|\n|t:|1770729436\n|teamsize|p1|4\n|teamsize|p2|4\n|start\n|switch|p1a: Tornadus|Tornadus, L50, M|100/100\n|switch|p1b: Kyogre|Kyogre, L50|100/100\n|switch|p2a: Amoonguss|Amoonguss, L50, F|100/100\n|switch|p2b: Zamazenta|Zamazenta-Crowned, L50|100/100\n|-ability|p2b: Zamazenta|Dauntless Shield|boost\n|-boost|p2b: Zamazenta|def|1\n|-weather|RainDance|[from] ability: Drizzle|[of] p1b: Kyogre\n|turn|1\n|\n|t:|1770729451\n|-terastallize|p2b: Zamazenta|Dragon\n|move|p2b: Zamazenta|Body Press|p1b: Kyogre\n|-damage|p1b: Kyogre|29/100\n|move|p1a: Tornadus|Bleakwind Storm|p2b: Zamazenta|[spread] p2a,p2b\n|-supereffective|p2a: Amoonguss\n|-damage|p2a: Amoonguss|51/100\n|-damage|p2b: Zamazenta|79/100\n|-unboost|p2a: Amoonguss|spe|1\n|move|p1b: Kyogre|Hydro Pump|p2b: Zamazenta\n|-resisted|p2b: Zamazenta\n|-damage|p2b: Zamazenta|32/100\n|move|p2a: Amoonguss|Spore|p1a: Tornadus\n|-status|p1a: Tornadus|slp|[from] move: Spore\n|\n|-weather|RainDance|[upkeep]\n|upkeep\n|turn|2\n|j| lunala fairy ghost\n|\n|t:|1770729474\n|-terastallize|p1b: Kyogre|Ghost\n|cant|p1a: Tornadus|slp\n|move|p2b: Zamazenta|Heavy Slam|p1a: Tornadus\n|-damage|p1a: Tornadus|55/100 slp\n|move|p1b: Kyogre|Hydro Pump|p2a: Amoonguss\n|-resisted|p2a: Amoonguss\n|-damage|p2a: Amoonguss|0 fnt\n|faint|p2a: Amoonguss\n|\n|-weather|RainDance|[upkeep]\n|upkeep\n|\n|t:|1770729484\n|switch|p2a: Calyrex|Calyrex-Shadow, L50|100/100\n|-ability|p2a: Calyrex|As One\n|-ability|p2a: Calyrex|Unnerve\n|turn|3\n|\n|t:|1770729495\n|-curestatus|p1a: Tornadus|slp|[msg]\n|move|p1a: Tornadus|Tailwind|p1a: Tornadus\n|-sidestart|p1: Schimmli|move: Tailwind\n|move|p1b: Kyogre|Hydro Pump|p2a: Calyrex\n|-enditem|p2a: Calyrex|Focus Sash\n|-damage|p2a: Calyrex|1/100\n|move|p2a: Calyrex|Astral Barrage|p1b: Kyogre|[spread] p1a,p1b\n|-supereffective|p1b: Kyogre\n|-damage|p1a: Tornadus|0 fnt\n|-damage|p1b: Kyogre|0 fnt\n|faint|p1a: Tornadus\n|faint|p1b: Kyogre\n|-ability|p2a: Calyrex|Grim Neigh|boost\n|-boost|p2a: Calyrex|spa|2\n|move|p2b: Zamazenta|Heavy Slam|p1: Tornadus|[notarget]\n|-fail|p2b: Zamazenta\n|\n|-weather|RainDance|[upkeep]\n|upkeep\n|c|\u2606Unskilled99|:(\n|\n|t:|1770729505\n|switch|p1a: Flutter Mane|Flutter Mane, L50|100/100\n|switch|p1b: Zamazenta|Zamazenta-Crowned, L50|100/100\n|-ability|p1b: Zamazenta|Dauntless Shield|boost\n|-boost|p1b: Zamazenta|def|1\n|-enditem|p1a: Flutter Mane|Booster Energy\n|-activate|p1a: Flutter Mane|ability: Protosynthesis|[fromitem]\n|-start|p1a: Flutter Mane|protosynthesisspe\n|turn|4\n|c|\u2606Unskilled99|how do my opponent instant wake everytime\n|inactive|Unskilled99 has 30 seconds left.\n|\n|t:|1770729533\n|move|p1a: Flutter Mane|Moonblast|p2b: Zamazenta\n|-supereffective|p2b: Zamazenta\n|-damage|p2b: Zamazenta|0 fnt\n|faint|p2b: Zamazenta\n|move|p1b: Zamazenta|Heavy Slam|p2a: Calyrex\n|-damage|p2a: Calyrex|0 fnt\n|faint|p2a: Calyrex\n|\n|-weather|RainDance|[upkeep]\n|upkeep\n|\n|t:|1770729539\n|switch|p2a: Raging Bolt|Raging Bolt, L50|100/100\n|-enditem|p2a: Raging Bolt|Booster Energy\n|-activate|p2a: Raging Bolt|ability: Protosynthesis|[fromitem]\n|-start|p2a: Raging Bolt|protosynthesisspa\n|turn|5\n|\n|t:|1770729548\n|move|p1a: Flutter Mane|Moonblast|p2a: Raging Bolt\n|-supereffective|p2a: Raging Bolt\n|-damage|p2a: Raging Bolt|26/100\n|move|p1b: Zamazenta|Body Press|p2a: Raging Bolt\n|-damage|p2a: Raging Bolt|0 fnt\n|faint|p2a: Raging Bolt\n|-end|p2a: Raging Bolt|Protosynthesis|[silent]\n|\n|win|Schimmli\n|raw|Schimmli's rating: 1497 &rarr; <strong>1515</strong><br />(+18 for winning)\n|raw|Unskilled99's rating: 1463 &rarr; <strong>1445</strong><br />(-18 for losing)\n|c|\u2606Schimmli|sry\n|c|\u2606Schimmli|but gg\n|l|\u2606Unskilled99\n|player|p2|\n|l|\u2606Schimmli\n|player|p1|\n","uploadtime":1770729773,"views":21,"formatid":"gen9vgc2026regi","rating":1445,"private":0,"password":null}