{"id":"gen9vgc2026regi-2589861110","format":"[Gen 9] VGC 2026 Reg I","players":["perruquer","Nd103"],"log":"|j|\u2606perruquer\n|j|\u2606Nd103\n|t:|1776768220\n|gametype|doubles\n|player|p1|perruquer|265|1302\n|player|p2|Nd103|102|1250\n|gen|9\n|tier|[Gen 9] VGC 2026 Reg I\n|rated|\n|rule|Species Clause: Limit one of each Pok\u00e9mon\n|rule|Item Clause: Limit 1 of each item\n|clearpoke\n|poke|p1|Calyrex-Ice, L50|\n|poke|p1|Kyogre, L50|\n|poke|p1|Incineroar, L50, M|\n|poke|p1|Flutter Mane, L50|\n|poke|p1|Amoonguss, L50, F|\n|poke|p1|Smeargle, L50, F|\n|poke|p2|Lunala, L50|\n|poke|p2|Koraidon, L50|\n|poke|p2|Brute Bonnet, L50|\n|poke|p2|Chi-Yu, L50|\n|poke|p2|Flutter Mane, L50|\n|poke|p2|Ursaluna, L50, F|\n|teampreview|4\n|\n|t:|1776768268\n|teamsize|p1|4\n|teamsize|p2|4\n|start\n|switch|p1a: Incineroar|Incineroar, L50, M|100/100\n|switch|p1b: Calyrex|Calyrex-Ice, L50|100/100\n|switch|p2a: Lunala|Lunala, L50|100/100\n|switch|p2b: Brute Bonnet|Brute Bonnet, L50|100/100\n|-ability|p1b: Calyrex|As One\n|-ability|p1b: Calyrex|Unnerve\n|-ability|p1a: Incineroar|Intimidate|boost\n|-unboost|p2a: Lunala|atk|1\n|-unboost|p2b: Brute Bonnet|atk|1\n|turn|1\n|inactive|Battle timer is ON: inactive players will automatically lose when time's up. (requested by Nd103)\n|\n|t:|1776768284\n|-terastallize|p1b: Calyrex|Fairy\n|move|p1a: Incineroar|U-turn|p2b: Brute Bonnet\n|-supereffective|p2b: Brute Bonnet\n|-damage|p2b: Brute Bonnet|50/100\n|\n|t:|1776768289\n|switch|p1a: Amoonguss|Amoonguss, L50, F|100/100|[from] U-turn\n|move|p2a: Lunala|Meteor Beam||[still]\n|-prepare|p2a: Lunala|Meteor Beam\n|-boost|p2a: Lunala|spa|1\n|-enditem|p2a: Lunala|Power Herb\n|-anim|p2a: Lunala|Meteor Beam|p1b: Calyrex|[miss]\n|-miss|p2a: Lunala|p1b: Calyrex\n|move|p2b: Brute Bonnet|Spore|p1b: Calyrex\n|-status|p1b: Calyrex|slp|[from] move: Spore\n|cant|p1b: Calyrex|slp\n|\n|upkeep\n|turn|2\n|inactive|Nd103 has 30 seconds left.\n|\n|t:|1776768317\n|-end|p2b: Brute Bonnet|Protosynthesis|[silent]\n|switch|p2b: Ursaluna|Ursaluna, L50, F|100/100\n|move|p2a: Lunala|Moongeist Beam|p1a: Amoonguss\n|-damage|p1a: Amoonguss|29/100\n|move|p1a: Amoonguss|Spore|p2a: Lunala\n|-status|p2a: Lunala|slp|[from] move: Spore\n|cant|p1b: Calyrex|slp\n|\n|-status|p2b: Ursaluna|brn|[from] item: Flame Orb\n|upkeep\n|turn|3\n|\n|t:|1776768333\n|switch|p1a: Incineroar|Incineroar, L50, M|100/100\n|-ability|p1a: Incineroar|Intimidate|boost\n|-unboost|p2a: Lunala|atk|1\n|-unboost|p2b: Ursaluna|atk|1\n|cant|p2a: Lunala|slp\n|cant|p1b: Calyrex|slp\n|move|p2b: Ursaluna|Facade|p1b: Calyrex\n|-damage|p1b: Calyrex|48/100 slp\n|\n|-heal|p1b: Calyrex|54/100 slp|[from] item: Leftovers\n|-damage|p2b: Ursaluna|95/100 brn|[from] brn\n|upkeep\n|turn|4\n|inactive|Nd103 has 30 seconds left.\n|inactive|Nd103 has 20 seconds left.\n|\n|t:|1776768371\n|-terastallize|p2b: Ursaluna|Ghost\n|move|p1a: Incineroar|Knock Off|p2a: Lunala\n|-supereffective|p2a: Lunala\n|-damage|p2a: Lunala|57/100 slp\n|cant|p2a: Lunala|slp\n|-curestatus|p1b: Calyrex|slp|[msg]\n|move|p1b: Calyrex|Glacial Lance|p2b: Ursaluna|[spread] p2a,p2b\n|-damage|p2a: Lunala|14/100 slp\n|-damage|p2b: Ursaluna|54/100 brn\n|move|p2b: Ursaluna|Facade|p1b: Calyrex\n|-damage|p1b: Calyrex|1/100\n|\n|-heal|p1b: Calyrex|7/100|[from] item: Leftovers\n|-damage|p2b: Ursaluna|48/100 brn|[from] brn\n|upkeep\n|turn|5\n|inactive|Nd103 has 30 seconds left.\n|\n|t:|1776768403\n|move|p1a: Incineroar|Knock Off|p2b: Ursaluna\n|-supereffective|p2b: Ursaluna\n|-damage|p2b: Ursaluna|0 fnt\n|-enditem|p2b: Ursaluna|Flame Orb|[from] move: Knock Off|[of] p1a: Incineroar\n|faint|p2b: Ursaluna\n|cant|p2a: Lunala|slp\n|move|p1b: Calyrex|Leech Seed|p2a: Lunala\n|-start|p2a: Lunala|move: Leech Seed\n|\n|-heal|p1b: Calyrex|13/100|[from] item: Leftovers\n|-damage|p2a: Lunala|2/100 slp|[from] Leech Seed|[of] p1b: Calyrex\n|-heal|p1b: Calyrex|27/100|[silent]\n|upkeep\n|\n|t:|1776768413\n|switch|p2b: Koraidon|Koraidon, L50|100/100\n|-weather|SunnyDay|[from] ability: Orichalcum Pulse|[of] p2b: Koraidon\n|-activate|p2b: Koraidon|Orichalcum Pulse|[source]\n|turn|6\n|\n|t:|1776768423\n|switch|p1a: Amoonguss|Amoonguss, L50, F|62/100\n|move|p1b: Calyrex|Protect|p1b: Calyrex\n|-singleturn|p1b: Calyrex|Protect\n|move|p2b: Koraidon|Close Combat|p1a: Amoonguss\n|-resisted|p1a: Amoonguss\n|-damage|p1a: Amoonguss|17/100\n|-unboost|p2b: Koraidon|def|1\n|-unboost|p2b: Koraidon|spd|1\n|-damage|p2b: Koraidon|84/100|[from] item: Rocky Helmet|[of] p1a: Amoonguss\n|-damage|p2b: Koraidon|74/100|[from] item: Life Orb\n|-curestatus|p2a: Lunala|slp|[msg]\n|move|p2a: Lunala|Moongeist Beam|p1b: Calyrex\n|-activate|p1b: Calyrex|move: Protect\n|\n|-weather|SunnyDay|[upkeep]\n|-heal|p1b: Calyrex|32/100|[from] item: Leftovers\n|-damage|p2a: Lunala|0 fnt|[from] Leech Seed|[of] p1b: Calyrex\n|-heal|p1b: Calyrex|34/100|[silent]\n|faint|p2a: Lunala\n|upkeep\n|\n|t:|1776768428\n|switch|p2a: Brute Bonnet|Brute Bonnet, L50|50/100\n|-activate|p2a: Brute Bonnet|ability: Protosynthesis\n|-start|p2a: Brute Bonnet|protosynthesisdef\n|turn|7\n|\n|t:|1776768449\n|move|p1a: Amoonguss|Rage Powder|p1a: Amoonguss\n|-singleturn|p1a: Amoonguss|move: Rage Powder\n|move|p2b: Koraidon|Flame Charge|p1a: Amoonguss\n|-supereffective|p1a: Amoonguss\n|-damage|p1a: Amoonguss|0 fnt\n|-boost|p2b: Koraidon|spe|1\n|-damage|p2b: Koraidon|58/100|[from] item: Rocky Helmet|[of] p1a: Amoonguss\n|faint|p1a: Amoonguss\n|-damage|p2b: Koraidon|48/100|[from] item: Life Orb\n|move|p2a: Brute Bonnet|Spore|p1b: Calyrex\n|-status|p1b: Calyrex|slp|[from] move: Spore\n|cant|p1b: Calyrex|slp\n|\n|-weather|SunnyDay|[upkeep]\n|-heal|p1b: Calyrex|40/100 slp|[from] item: Leftovers\n|upkeep\n|\n|t:|1776768463\n|switch|p1a: Incineroar|Incineroar, L50, M|100/100\n|-ability|p1a: Incineroar|Intimidate|boost\n|-unboost|p2a: Brute Bonnet|atk|1\n|-unboost|p2b: Koraidon|atk|1\n|turn|8\n|\n|t:|1776768477\n|move|p1a: Incineroar|Fake Out|p2b: Koraidon\n|-damage|p2b: Koraidon|33/100\n|cant|p2b: Koraidon|flinch\n|move|p2a: Brute Bonnet|Seed Bomb|p1b: Calyrex\n|-damage|p1b: Calyrex|26/100 slp\n|cant|p1b: Calyrex|slp\n|\n|-weather|SunnyDay|[upkeep]\n|-heal|p1b: Calyrex|31/100 slp|[from] item: Leftovers\n|upkeep\n|turn|9\n|\n|t:|1776768496\n|move|p2b: Koraidon|Close Combat|p1a: Incineroar\n|-supereffective|p1a: Incineroar\n|-damage|p1a: Incineroar|0 fnt\n|-unboost|p2b: Koraidon|def|1\n|-unboost|p2b: Koraidon|spd|1\n|faint|p1a: Incineroar\n|-damage|p2b: Koraidon|23/100|[from] item: Life Orb\n|move|p2a: Brute Bonnet|Seed Bomb|p1b: Calyrex\n|-damage|p1b: Calyrex|17/100 slp\n|cant|p1b: Calyrex|slp\n|\n|-weather|SunnyDay|[upkeep]\n|-heal|p1b: Calyrex|23/100 slp|[from] item: Leftovers\n|upkeep\n|\n|t:|1776768511\n|switch|p1a: Kyogre|Kyogre, L50|100/100\n|-weather|RainDance|[from] ability: Drizzle|[of] p1a: Kyogre\n|-end|p2a: Brute Bonnet|Protosynthesis\n|turn|10\n|\n|t:|1776768518\n|move|p2b: Koraidon|Close Combat|p1a: Kyogre\n|-damage|p1a: Kyogre|45/100\n|-unboost|p2b: Koraidon|def|1\n|-unboost|p2b: Koraidon|spd|1\n|-damage|p2b: Koraidon|14/100|[from] item: Life Orb\n|move|p1a: Kyogre|Water Spout|p2b: Koraidon|[spread] p2a,p2b\n|-resisted|p2a: Brute Bonnet\n|-resisted|p2b: Koraidon\n|-crit|p2b: Koraidon\n|-damage|p2a: Brute Bonnet|26/100\n|-damage|p2b: Koraidon|0 fnt\n|faint|p2b: Koraidon\n|move|p2a: Brute Bonnet|Seed Bomb|p1a: Kyogre\n|-supereffective|p1a: Kyogre\n|-damage|p1a: Kyogre|3/100\n|-curestatus|p1b: Calyrex|slp|[msg]\n|move|p1b: Calyrex|Glacial Lance|p2a: Brute Bonnet\n|-supereffective|p2a: Brute Bonnet\n|-damage|p2a: Brute Bonnet|0 fnt\n|faint|p2a: Brute Bonnet\n|-end|p2a: Brute Bonnet|Protosynthesis|[silent]\n|\n|win|perruquer\n|raw|perruquer's rating: 1302 &rarr; <strong>1319</strong><br />(+17 for winning)\n|raw|Nd103's rating: 1250 &rarr; <strong>1229</strong><br />(-21 for losing)\n|l|\u2606Nd103\n|player|p2|\n","uploadtime":1776768544,"views":17,"formatid":"gen9vgc2026regi","rating":1229,"private":0,"password":null}