{"id":"gen9vgc2026regi-2561340382","format":"[Gen 9] VGC 2026 Reg I","players":["Cello L.","Highkage2"],"log":"|j|\u2606Cello L.\n|j|\u203dHighkage2\n|t:|1773785743\n|gametype|doubles\n|player|p1|Cello L.|169|1443\n|player|p2|Highkage2|doubleteam|1510\n|gen|9\n|tier|[Gen 9] VGC 2026 Reg I\n|rated|\n|rule|Species Clause: Limit one of each Pok\u00e9mon\n|rule|Item Clause: Limit 1 of each item\n|clearpoke\n|poke|p1|Kyogre, L50|\n|poke|p1|Zamazenta-*, L50|\n|poke|p1|Chien-Pao, L50|\n|poke|p1|Tornadus, L50, M|\n|poke|p1|Rillaboom, L50, F|\n|poke|p1|Clefairy, L50, M|\n|poke|p2|Incineroar, L50, M|\n|poke|p2|Landorus, L50, M|\n|poke|p2|Calyrex-Ice, L50|\n|poke|p2|Miraidon, L50|\n|poke|p2|Farigiraf, L50, F|\n|poke|p2|Pelipper, L50, M|\n|teampreview|4\n|inactive|Battle timer is ON: inactive players will automatically lose when time's up. (requested by Highkage2)\nCello L. has agreed to open team sheets.\n|inactive|Highkage2 has 60 seconds left.\n|\n|t:|1773785781\n|teamsize|p1|4\n|teamsize|p2|4\n|start\n|switch|p1a: Zamazenta|Zamazenta-Crowned, L50|100/100\n|switch|p1b: Rillaboom|Rillaboom, L50, F|100/100\n|switch|p2a: Calyrex|Calyrex-Ice, L50|100/100\n|switch|p2b: Incineroar|Incineroar, L50, M|100/100\n|-ability|p2a: Calyrex|As One\n|-ability|p2a: Calyrex|Unnerve\n|-ability|p1a: Zamazenta|Dauntless Shield|boost\n|-boost|p1a: Zamazenta|def|1\n|-fieldstart|move: Grassy Terrain|[from] ability: Grassy Surge|[of] p1b: Rillaboom\n|-ability|p2b: Incineroar|Intimidate|boost\n|-unboost|p1a: Zamazenta|atk|1\n|-unboost|p1b: Rillaboom|atk|1\n|turn|1\n|j| rinogiortepber\n|inactive|Cello L. has 30 seconds left.\n|inactive|Highkage2 has 30 seconds left.\n|inactive|Highkage2 has 20 seconds left.\n|inactive|Highkage2 has 15 seconds left.\n|inactive|Highkage2 has 10 seconds left.\n|\n|t:|1773785826\n|move|p1b: Rillaboom|Fake Out|p2a: Calyrex\n|-damage|p2a: Calyrex|95/100\n|move|p2b: Incineroar|Fake Out|p1a: Zamazenta\n|-resisted|p1a: Zamazenta\n|-damage|p1a: Zamazenta|98/100\n|cant|p1a: Zamazenta|flinch\n|cant|p2a: Calyrex|flinch\n|\n|-heal|p1a: Zamazenta|100/100|[from] Grassy Terrain\n|-heal|p2a: Calyrex|100/100|[from] Grassy Terrain\n|upkeep\n|turn|2\n|\n|t:|1773785849\n|switch|p2b: Farigiraf|Farigiraf, L50, F|100/100\n|move|p1a: Zamazenta|Body Press|p2b: Farigiraf\n|-damage|p2b: Farigiraf|43/100\n|move|p1b: Rillaboom|U-turn|p2b: Farigiraf\n|-supereffective|p2b: Farigiraf\n|-damage|p2b: Farigiraf|16/100\n|\n|t:|1773785859\n|switch|p1b: Kyogre|Kyogre, L50|100/100|[from] U-turn\n|-weather|RainDance|[from] ability: Drizzle|[of] p1b: Kyogre\n|move|p2a: Calyrex|Leech Seed|p1a: Zamazenta\n|-start|p1a: Zamazenta|move: Leech Seed\n|\n|-weather|RainDance|[upkeep]\n|-heal|p2b: Farigiraf|22/100|[from] Grassy Terrain\n|-damage|p1a: Zamazenta|88/100|[from] Leech Seed|[of] p2a: Calyrex\n|upkeep\n|turn|3\n|inactive|Highkage2 has 30 seconds left.\n|inactive|Highkage2 has 20 seconds left.\n|inactive|Highkage2 has 15 seconds left.\n|\n|t:|1773785901\n|-terastallize|p2a: Calyrex|Fairy\n|move|p1a: Zamazenta|Body Press|p2a: Calyrex\n|-resisted|p2a: Calyrex\n|-damage|p2a: Calyrex|80/100\n|move|p1b: Kyogre|Water Spout|p2b: Farigiraf|[spread] p2a,p2b\n|-damage|p2a: Calyrex|13/100\n|-damage|p2b: Farigiraf|0 fnt\n|faint|p2b: Farigiraf\n|move|p2a: Calyrex|Leech Seed|p1b: Kyogre\n|-start|p1b: Kyogre|move: Leech Seed\n|\n|-weather|RainDance|[upkeep]\n|-heal|p1a: Zamazenta|94/100|[from] Grassy Terrain\n|-heal|p2a: Calyrex|19/100|[from] Grassy Terrain\n|-heal|p2a: Calyrex|25/100|[from] item: Leftovers\n|-damage|p1a: Zamazenta|82/100|[from] Leech Seed|[of] p2a: Calyrex\n|-heal|p2a: Calyrex|36/100|[silent]\n|-damage|p1b: Kyogre|88/100|[from] Leech Seed|[of] p2a: Calyrex\n|-heal|p2a: Calyrex|47/100|[silent]\n|upkeep\n|\n|t:|1773785919\n|switch|p2b: Miraidon|Miraidon, L50|100/100\n|-fieldstart|move: Electric Terrain|[from] ability: Hadron Engine|[of] p2b: Miraidon\n|turn|4\n|\n|t:|1773785942\n|-terastallize|p1b: Kyogre|Grass\n|move|p2b: Miraidon|Draco Meteor|p1b: Kyogre\n|-damage|p1b: Kyogre|0 fnt\n|-unboost|p2b: Miraidon|spa|2\n|faint|p1b: Kyogre\n|move|p1a: Zamazenta|Body Press|p2a: Calyrex\n|-resisted|p2a: Calyrex\n|-damage|p2a: Calyrex|25/100\n|move|p2a: Calyrex|Glacial Lance|p1a: Zamazenta\n|-resisted|p1a: Zamazenta\n|-damage|p1a: Zamazenta|68/100\n|\n|-weather|RainDance|[upkeep]\n|-heal|p2a: Calyrex|31/100|[from] item: Leftovers\n|-damage|p1a: Zamazenta|55/100|[from] Leech Seed|[of] p2a: Calyrex\n|-heal|p2a: Calyrex|42/100|[silent]\n|upkeep\n|\n|t:|1773785958\n|switch|p1b: Chien-Pao|Chien-Pao, L50|100/100\n|-ability|p1b: Chien-Pao|Sword of Ruin\n|turn|5\n|inactive|Highkage2 has 30 seconds left.\n|\n|t:|1773785989\n|switch|p2b: Incineroar|Incineroar, L50, M|100/100\n|-ability|p2b: Incineroar|Intimidate|boost\n|-unboost|p1a: Zamazenta|atk|1\n|-unboost|p1b: Chien-Pao|atk|1\n|move|p1b: Chien-Pao|Icicle Crash|p2b: Incineroar\n|-resisted|p2b: Incineroar\n|-damage|p2b: Incineroar|86/100\n|move|p1a: Zamazenta|Body Press|p2b: Incineroar\n|-supereffective|p2b: Incineroar\n|-damage|p2b: Incineroar|0 fnt\n|faint|p2b: Incineroar\n|move|p2a: Calyrex|Trick Room|p2a: Calyrex\n|-fieldstart|move: Trick Room|[of] p2a: Calyrex\n|\n|-weather|RainDance|[upkeep]\n|-heal|p2a: Calyrex|48/100|[from] item: Leftovers\n|-damage|p1a: Zamazenta|43/100|[from] Leech Seed|[of] p2a: Calyrex\n|-heal|p2a: Calyrex|59/100|[silent]\n|upkeep\n|\n|t:|1773786006\n|switch|p2b: Miraidon|Miraidon, L50|100/100\n|-activate|p2b: Miraidon|ability: Hadron Engine\n|turn|6\n|\n|t:|1773786027\n|move|p1a: Zamazenta|Wide Guard|p1a: Zamazenta\n|-singleturn|p1a: Zamazenta|Wide Guard\n|move|p2a: Calyrex|Leech Seed|p1b: Chien-Pao\n|-start|p1b: Chien-Pao|move: Leech Seed\n|move|p2b: Miraidon|Electro Drift|p1a: Zamazenta\n|-damage|p1a: Zamazenta|0 fnt\n|faint|p1a: Zamazenta\n|move|p1b: Chien-Pao|Icicle Crash|p2b: Miraidon\n|-supereffective|p2b: Miraidon\n|-damage|p2b: Miraidon|30/100\n|\n|-weather|none\n|-heal|p2a: Calyrex|65/100|[from] item: Leftovers\n|-damage|p1b: Chien-Pao|88/100|[from] Leech Seed|[of] p2a: Calyrex\n|-heal|p2a: Calyrex|74/100|[silent]\n|upkeep\n|\n|t:|1773786041\n|switch|p1a: Rillaboom|Rillaboom, L50, F|100/100\n|-fieldstart|move: Grassy Terrain|[from] ability: Grassy Surge|[of] p1a: Rillaboom\n|turn|7\n|inactive|Cello L. has 30 seconds left.\n|inactive|Cello L. has 20 seconds left.\n|\n|t:|1773786077\n|move|p1a: Rillaboom|Grassy Glide|p2b: Miraidon\n|-resisted|p2b: Miraidon\n|-damage|p2b: Miraidon|7/100\n|move|p1b: Chien-Pao|Sucker Punch|p2b: Miraidon\n|-damage|p2b: Miraidon|0 fnt\n|faint|p2b: Miraidon\n|move|p2a: Calyrex|Glacial Lance|p1b: Chien-Pao|[spread] p1a,p1b\n|-supereffective|p1a: Rillaboom\n|-resisted|p1b: Chien-Pao\n|-damage|p1a: Rillaboom|0 fnt\n|-damage|p1b: Chien-Pao|51/100\n|faint|p1a: Rillaboom\n|-ability|p2a: Calyrex|Chilling Neigh|boost\n|-boost|p2a: Calyrex|atk|1\n|\n|-heal|p2a: Calyrex|80/100|[from] Grassy Terrain\n|-heal|p2a: Calyrex|86/100|[from] item: Leftovers\n|-heal|p1b: Chien-Pao|57/100|[from] Grassy Terrain\n|-damage|p1b: Chien-Pao|44/100|[from] Leech Seed|[of] p2a: Calyrex\n|-heal|p2a: Calyrex|95/100|[silent]\n|upkeep\n|turn|8\n|-message|Cello L. forfeited.\n|\n|win|Highkage2\n|raw|Cello L.'s rating: 1443 &rarr; <strong>1427</strong><br />(-16 for losing)\n|raw|Highkage2's rating: 1510 &rarr; <strong>1526</strong><br />(+16 for winning)\n|l|\u2606Cello L.\n|player|p1|\n|l| rinogiortepber\n","uploadtime":1773786103,"views":11,"formatid":"gen9vgc2026regi","rating":1427,"private":0,"password":null}