{"id":"gen9vgc2026regi-2519625838","format":"[Gen 9] VGC 2026 Reg I","players":["photon sheister","Unskilled99"],"log":"|j|\u2606photon sheister\n|j|\u2606Unskilled99\n|t:|1768525699\n|gametype|doubles\n|player|p1|photon sheister|169|1462\n|player|p2|Unskilled99|unknown|1457\n|gen|9\n|tier|[Gen 9] VGC 2026 Reg I\n|rated|\n|rule|Species Clause: Limit one of each Pok\u00e9mon\n|rule|Item Clause: Limit 1 of each item\n|clearpoke\n|poke|p1|Eternatus, L50|\n|poke|p1|Ho-Oh, L50|\n|poke|p1|Rillaboom, L50, F|\n|poke|p1|Incineroar, L50, M|\n|poke|p1|Ting-Lu, L50|\n|poke|p1|Vaporeon, L50, M|\n|poke|p2|Calyrex-Shadow, L50|\n|poke|p2|Zamazenta-*, L50|\n|poke|p2|Chien-Pao, L50|\n|poke|p2|Dragonite, L50, M|\n|poke|p2|Raging Bolt, L50|\n|poke|p2|Amoonguss, L50, F|\n|teampreview|4\n|\n|t:|1768525723\n|teamsize|p1|4\n|teamsize|p2|4\n|start\n|switch|p1a: Eternatus|Eternatus, L50|100/100\n|switch|p1b: Incineroar|Incineroar, L50, M|100/100\n|switch|p2a: Amoonguss|Amoonguss, L50, F|100/100\n|switch|p2b: Calyrex|Calyrex-Shadow, L50|100/100\n|-ability|p2b: Calyrex|As One\n|-ability|p2b: Calyrex|Unnerve\n|-ability|p1a: Eternatus|Pressure\n|-ability|p1b: Incineroar|Intimidate|boost\n|-unboost|p2a: Amoonguss|atk|1\n|-unboost|p2b: Calyrex|atk|1\n|turn|1\n|\n|t:|1768525741\n|move|p2b: Calyrex|Protect|p2b: Calyrex\n|-singleturn|p2b: Calyrex|Protect\n|move|p2a: Amoonguss|Protect|p2a: Amoonguss\n|-singleturn|p2a: Amoonguss|Protect\n|move|p1a: Eternatus|Toxic Spikes|p2b: Calyrex\n|-sidestart|p2: Unskilled99|move: Toxic Spikes\n|move|p1b: Incineroar|Knock Off|p2b: Calyrex\n|-activate|p2b: Calyrex|move: Protect\n|\n|upkeep\n|turn|2\n|\n|t:|1768525766\n|switch|p2b: Raging Bolt|Raging Bolt, L50|100/100\n|-status|p2b: Raging Bolt|psn\n|-enditem|p2b: Raging Bolt|Booster Energy\n|-activate|p2b: Raging Bolt|ability: Protosynthesis|[fromitem]\n|-start|p2b: Raging Bolt|protosynthesisspa\n|move|p1a: Eternatus|Dynamax Cannon|p2a: Amoonguss\n|-damage|p2a: Amoonguss|62/100\n|move|p1b: Incineroar|Knock Off|p2b: Raging Bolt\n|-damage|p2b: Raging Bolt|77/100 psn\n|move|p2a: Amoonguss|Spore|p1a: Eternatus\n|-status|p1a: Eternatus|slp|[from] move: Spore\n|\n|-damage|p2b: Raging Bolt|65/100 psn|[from] psn\n|upkeep\n|turn|3\n|\n|t:|1768525786\n|switch|p1a: Ho-Oh|Ho-Oh, L50|100/100\n|move|p1b: Incineroar|Protect|p1b: Incineroar\n|-singleturn|p1b: Incineroar|Protect\n|move|p2b: Raging Bolt|Thunderbolt|p1b: Incineroar\n|-activate|p1b: Incineroar|move: Protect\n|move|p2a: Amoonguss|Spore|p1b: Incineroar\n|-activate|p1b: Incineroar|move: Protect\n|\n|-damage|p2b: Raging Bolt|52/100 psn|[from] psn\n|upkeep\n|turn|4\n|\n|t:|1768525808\n|-terastallize|p2a: Amoonguss|Water\n|move|p1a: Ho-Oh|Protect|p1a: Ho-Oh\n|-singleturn|p1a: Ho-Oh|Protect\n|move|p2b: Raging Bolt|Thunderbolt|p1a: Ho-Oh\n|-activate|p1a: Ho-Oh|move: Protect\n|move|p1b: Incineroar|Parting Shot|p2b: Raging Bolt\n|-unboost|p2b: Raging Bolt|atk|1\n|-unboost|p2b: Raging Bolt|spa|1\n|\n|t:|1768525815\n|switch|p1b: Eternatus|Eternatus, L50|100/100 slp|[from] Parting Shot\n|-ability|p1b: Eternatus|Pressure\n|move|p2a: Amoonguss|Spore|p1b: Eternatus\n|-fail|p1b: Eternatus|slp\n|\n|-damage|p2b: Raging Bolt|40/100 psn|[from] psn\n|upkeep\n|turn|5\n|\n|t:|1768525830\n|-end|p2b: Raging Bolt|Protosynthesis|[silent]\n|switch|p2b: Calyrex|Calyrex-Shadow, L50|100/100\n|-ability|p2b: Calyrex|As One\n|-ability|p2b: Calyrex|Unnerve\n|-status|p2b: Calyrex|psn\n|cant|p1b: Eternatus|slp\n|move|p1a: Ho-Oh|Sacred Fire|p2b: Calyrex\n|-damage|p2b: Calyrex|44/100 psn\n|move|p2a: Amoonguss|Spore|p1a: Ho-Oh\n|-status|p1a: Ho-Oh|slp|[from] move: Spore\n|\n|-damage|p2b: Calyrex|31/100 psn|[from] psn\n|upkeep\n|turn|6\n|\n|t:|1768525842\n|switch|p1b: Ting-Lu|Ting-Lu, L50|100/100\n|-ability|p1b: Ting-Lu|Vessel of Ruin\n|switch|p2a: Raging Bolt|Raging Bolt, L50|40/100 psn\n|cant|p1a: Ho-Oh|slp\n|move|p2b: Calyrex|Psychic|p1b: Ting-Lu\n|-immune|p1b: Ting-Lu\n|\n|-damage|p2b: Calyrex|19/100 psn|[from] psn\n|-damage|p2a: Raging Bolt|28/100 psn|[from] psn\n|upkeep\n|turn|7\n|\n|t:|1768525870\n|switch|p2b: Amoonguss|Amoonguss, L50, F, tera:Water|95/100\n|-status|p2b: Amoonguss|psn\n|switch|p1a: Eternatus|Eternatus, L50|100/100 slp\n|-ability|p1a: Eternatus|Pressure\n|move|p2a: Raging Bolt|Thunderbolt|p1a: Eternatus\n|-resisted|p1a: Eternatus\n|-crit|p1a: Eternatus\n|-damage|p1a: Eternatus|81/100 slp\n|move|p1b: Ting-Lu|Ruination|p2a: Raging Bolt\n|-damage|p2a: Raging Bolt|14/100 psn\n|\n|-damage|p2a: Raging Bolt|2/100 psn|[from] psn\n|-damage|p2b: Amoonguss|83/100 psn|[from] psn\n|upkeep\n|turn|8\n|\n|t:|1768525887\n|switch|p1a: Ho-Oh|Ho-Oh, L50|100/100 slp\n|move|p2a: Raging Bolt|Dragon Pulse|p1a: Ho-Oh\n|-damage|p1a: Ho-Oh|79/100 slp\n|-enditem|p1a: Ho-Oh|Red Card|[of] p2a: Raging Bolt\n|-end|p2a: Raging Bolt|Protosynthesis|[silent]\n|drag|p2a: Calyrex|Calyrex-Shadow, L50|19/100 psn\n|-ability|p2a: Calyrex|As One\n|-ability|p2a: Calyrex|Unnerve\n|move|p1b: Ting-Lu|Stealth Rock|p2b: Amoonguss\n|-sidestart|p2: Unskilled99|move: Stealth Rock\n|move|p2b: Amoonguss|Spore|p1b: Ting-Lu\n|-status|p1b: Ting-Lu|slp|[from] move: Spore\n|\n|-damage|p2a: Calyrex|6/100 psn|[from] psn\n|-damage|p2b: Amoonguss|70/100 psn|[from] psn\n|upkeep\n|turn|9\n|\n|t:|1768525906\n|cant|p1b: Ting-Lu|slp\n|move|p2a: Calyrex|Astral Barrage|p1b: Ting-Lu|[spread] p1a,p1b\n|-resisted|p1b: Ting-Lu\n|-damage|p1a: Ho-Oh|54/100 slp\n|-damage|p1b: Ting-Lu|87/100 slp\n|cant|p1a: Ho-Oh|slp\n|move|p2b: Amoonguss|Sludge Bomb|p1a: Ho-Oh\n|-damage|p1a: Ho-Oh|43/100 slp\n|\n|-heal|p1b: Ting-Lu|93/100 slp|[from] item: Leftovers\n|-damage|p2a: Calyrex|0 fnt|[from] psn\n|faint|p2a: Calyrex\n|-damage|p2b: Amoonguss|58/100 psn|[from] psn\n|upkeep\n|\n|t:|1768525918\n|switch|p2a: Zamazenta|Zamazenta-Crowned, L50|100/100\n|-damage|p2a: Zamazenta|97/100|[from] Stealth Rock\n|-ability|p2a: Zamazenta|Dauntless Shield|boost\n|-boost|p2a: Zamazenta|def|1\n|turn|10\n|\n|t:|1768525925\n|switch|p1a: Eternatus|Eternatus, L50|81/100 slp\n|-ability|p1a: Eternatus|Pressure\n|-terastallize|p1b: Ting-Lu|Poison\n|move|p2a: Zamazenta|Body Press|p1a: Eternatus\n|-resisted|p1a: Eternatus\n|-damage|p1a: Eternatus|56/100 slp\n|move|p2b: Amoonguss|Sludge Bomb|p1a: Eternatus\n|-resisted|p1a: Eternatus\n|-damage|p1a: Eternatus|50/100 slp\n|cant|p1b: Ting-Lu|slp\n|\n|-heal|p1b: Ting-Lu|99/100 slp|[from] item: Leftovers\n|-damage|p2b: Amoonguss|46/100 psn|[from] psn\n|upkeep\n|turn|11\n|-message|Unskilled99 forfeited.\n|\n|win|photon sheister\n|raw|photon sheister's rating: 1462 &rarr; <strong>1482</strong><br />(+20 for winning)\n|raw|Unskilled99's rating: 1457 &rarr; <strong>1437</strong><br />(-20 for losing)\n|l|\u2606Unskilled99\n|player|p2|\n","uploadtime":1768525972,"views":23,"formatid":"gen9vgc2026regi","rating":1437,"private":0,"password":null}