{"id":"gen9vgc2026regi-2578893129","format":"[Gen 9] VGC 2026 Reg I","players":["zhanlinxie1","don juan dozo"],"log":"|j|\u2606zhanlinxie1\n|j|\u2606don juan dozo\n|t:|1775733273\n|gametype|doubles\n|player|p1|zhanlinxie1|101|1596\n|player|p2|don juan dozo|170|1599\n|gen|9\n|tier|[Gen 9] VGC 2026 Reg I\n|rated|\n|rule|Species Clause: Limit one of each Pok\u00e9mon\n|rule|Item Clause: Limit 1 of each item\n|clearpoke\n|poke|p1|Calyrex-Shadow, L50|\n|poke|p1|Zamazenta-*, L50|\n|poke|p1|Chien-Pao, L50|\n|poke|p1|Raging Bolt, L50|\n|poke|p1|Amoonguss, L50, F|\n|poke|p1|Rillaboom, L50, M|\n|poke|p2|Calyrex-Shadow, L50|\n|poke|p2|Zamazenta-*, L50|\n|poke|p2|Ting-Lu, L50|\n|poke|p2|Dondozo, L50, F|\n|poke|p2|Chien-Pao, L50|\n|poke|p2|Ogerpon-Hearthflame, L50, F|\n|teampreview|4\n|l|\u2606zhanlinxie1\n|player|p1|\n|j|\u2606zhanlinxie1\n|player|p1|zhanlinxie1|101|\n|\n|t:|1775733332\n|teamsize|p1|4\n|teamsize|p2|4\n|start\n|switch|p1a: Calyrex|Calyrex-Shadow, L50|100/100\n|switch|p1b: Zamazenta|Zamazenta-Crowned, L50|100/100\n|switch|p2a: Jordan 96/97|Ting-Lu, L50|100/100\n|switch|p2b: Ivan Karamazov|Dondozo, L50, F|100/100\n|-ability|p1a: Calyrex|As One\n|-ability|p1a: Calyrex|Unnerve\n|-ability|p1b: Zamazenta|Dauntless Shield|boost\n|-boost|p1b: Zamazenta|def|1\n|-ability|p2a: Jordan 96/97|Vessel of Ruin\n|turn|1\n|\n|t:|1775733345\n|switch|p1a: Rillaboom|Rillaboom, L50, M|100/100\n|-fieldstart|move: Grassy Terrain|[from] ability: Grassy Surge|[of] p1a: Rillaboom\n|-terastallize|p2a: Jordan 96/97|Fairy\n|move|p1b: Zamazenta|Body Press|p2a: Jordan 96/97\n|-resisted|p2a: Jordan 96/97\n|-damage|p2a: Jordan 96/97|82/100\n|-damage|p1b: Zamazenta|84/100|[from] item: Rocky Helmet|[of] p2a: Jordan 96/97\n|move|p2a: Jordan 96/97|Sand Tomb|p1b: Zamazenta|[miss]\n|-miss|p2a: Jordan 96/97|p1b: Zamazenta\n|move|p2b: Ivan Karamazov|Yawn|p1a: Rillaboom\n|-start|p1a: Rillaboom|move: Yawn|[of] p2b: Ivan Karamazov\n|\n|-heal|p1b: Zamazenta|90/100|[from] Grassy Terrain\n|-heal|p2a: Jordan 96/97|88/100|[from] Grassy Terrain\n|upkeep\n|turn|2\n|\n|t:|1775733387\n|switch|p1a: Chien-Pao|Chien-Pao, L50|100/100\n|-ability|p1a: Chien-Pao|Sword of Ruin\n|move|p1b: Zamazenta|Body Press|p2b: Ivan Karamazov\n|-damage|p2b: Ivan Karamazov|41/100\n|move|p2a: Jordan 96/97|Stealth Rock|p1b: Zamazenta\n|-sidestart|p1: zhanlinxie1|move: Stealth Rock\n|move|p2b: Ivan Karamazov|Yawn|p1b: Zamazenta\n|-start|p1b: Zamazenta|move: Yawn|[of] p2b: Ivan Karamazov\n|\n|-heal|p1b: Zamazenta|96/100|[from] Grassy Terrain\n|-heal|p2a: Jordan 96/97|94/100|[from] Grassy Terrain\n|-heal|p2b: Ivan Karamazov|47/100|[from] Grassy Terrain\n|-heal|p2b: Ivan Karamazov|53/100|[from] item: Leftovers\n|upkeep\n|turn|3\n|\n|t:|1775733421\n|switch|p1b: Rillaboom|Rillaboom, L50, M|100/100\n|-damage|p1b: Rillaboom|88/100|[from] Stealth Rock\n|move|p1a: Chien-Pao|Icicle Crash|p2a: Jordan 96/97\n|-damage|p2a: Jordan 96/97|60/100\n|-damage|p1a: Chien-Pao|91/100|[from] item: Life Orb\n|move|p2a: Jordan 96/97|Sand Tomb|p1a: Chien-Pao\n|-damage|p1a: Chien-Pao|73/100\n|-activate|p1a: Chien-Pao|move: Sand Tomb|[of] p2a: Jordan 96/97\n|move|p2b: Ivan Karamazov|Yawn|p1a: Chien-Pao\n|-start|p1a: Chien-Pao|move: Yawn|[of] p2b: Ivan Karamazov\n|\n|-heal|p1a: Chien-Pao|79/100|[from] Grassy Terrain\n|-heal|p1b: Rillaboom|94/100|[from] Grassy Terrain\n|-heal|p2a: Jordan 96/97|66/100|[from] Grassy Terrain\n|-heal|p2b: Ivan Karamazov|59/100|[from] Grassy Terrain\n|-heal|p2b: Ivan Karamazov|65/100|[from] item: Leftovers\n|-damage|p1a: Chien-Pao|66/100|[from] move: Sand Tomb|[partiallytrapped]\n|upkeep\n|turn|4\n|\n|t:|1775733433\n|move|p2b: Ivan Karamazov|Protect|p2b: Ivan Karamazov\n|-singleturn|p2b: Ivan Karamazov|Protect\n|move|p1a: Chien-Pao|Icicle Crash|p2a: Jordan 96/97\n|-damage|p2a: Jordan 96/97|26/100\n|-damage|p1a: Chien-Pao|57/100|[from] item: Life Orb\n|move|p1b: Rillaboom|Wood Hammer|p2a: Jordan 96/97\n|-damage|p2a: Jordan 96/97|0 fnt\n|-damage|p1b: Rillaboom|78/100|[from] item: Rocky Helmet|[of] p2a: Jordan 96/97\n|faint|p2a: Jordan 96/97\n|-damage|p1b: Rillaboom|67/100|[from] Recoil\n|\n|-heal|p1a: Chien-Pao|62/100|[from] Grassy Terrain\n|-heal|p1b: Rillaboom|73/100|[from] Grassy Terrain\n|-heal|p2b: Ivan Karamazov|72/100|[from] Grassy Terrain\n|-heal|p2b: Ivan Karamazov|78/100|[from] item: Leftovers\n|-end|p1a: Chien-Pao|Sand Tomb|[partiallytrapped]|[silent]\n|-end|p1a: Chien-Pao|move: Yawn|[silent]\n|-status|p1a: Chien-Pao|slp\n|upkeep\n|\n|t:|1775733438\n|switch|p2a: 221 speed|Calyrex-Shadow, L50|100/100\n|-ability|p2a: 221 speed|As One\n|-ability|p2a: 221 speed|Unnerve\n|turn|5\n|\n|t:|1775733452\n|move|p2a: 221 speed|Astral Barrage|p1b: Rillaboom|[spread] p1a,p1b\n|-resisted|p1a: Chien-Pao\n|-damage|p1a: Chien-Pao|21/100 slp\n|-damage|p1b: Rillaboom|41/100\n|cant|p1a: Chien-Pao|slp\n|move|p1b: Rillaboom|U-turn|p2a: 221 speed\n|-damage|p2a: 221 speed|66/100\n|\n|t:|1775733465\n|switch|p1b: Zamazenta|Zamazenta-Crowned, L50|96/100|[from] U-turn\n|-damage|p1b: Zamazenta|93/100|[from] Stealth Rock\n|move|p2b: Ivan Karamazov|Substitute|p2b: Ivan Karamazov\n|-start|p2b: Ivan Karamazov|Substitute\n|-damage|p2b: Ivan Karamazov|53/100\n|\n|-heal|p2a: 221 speed|73/100|[from] Grassy Terrain\n|-heal|p1a: Chien-Pao|27/100 slp|[from] Grassy Terrain\n|-heal|p1b: Zamazenta|99/100|[from] Grassy Terrain\n|-heal|p2b: Ivan Karamazov|59/100|[from] Grassy Terrain\n|-heal|p2b: Ivan Karamazov|65/100|[from] item: Leftovers\n|-fieldend|move: Grassy Terrain\n|upkeep\n|turn|6\n|\n|t:|1775733486\n|move|p2a: 221 speed|Psychic|p1b: Zamazenta\n|-damage|p1b: Zamazenta|58/100\n|-curestatus|p1a: Chien-Pao|slp|[msg]\n|move|p1a: Chien-Pao|Crunch|p2b: Ivan Karamazov\n|-end|p2b: Ivan Karamazov|Substitute\n|-damage|p1a: Chien-Pao|17/100|[from] item: Life Orb\n|move|p1b: Zamazenta|Body Press|p2b: Ivan Karamazov\n|-damage|p2b: Ivan Karamazov|27/100\n|move|p2b: Ivan Karamazov|Wave Crash|p1a: Chien-Pao\n|-damage|p1a: Chien-Pao|0 fnt\n|faint|p1a: Chien-Pao\n|-damage|p2b: Ivan Karamazov|23/100|[from] Recoil\n|\n|-heal|p2b: Ivan Karamazov|29/100|[from] item: Leftovers\n|upkeep\n|\n|t:|1775733493\n|switch|p1a: Calyrex|Calyrex-Shadow, L50|100/100\n|-ability|p1a: Calyrex|As One\n|-ability|p1a: Calyrex|Unnerve\n|-damage|p1a: Calyrex|88/100|[from] Stealth Rock\n|turn|7\n|-message|don juan dozo forfeited.\n|\n|win|zhanlinxie1\n|raw|zhanlinxie1's rating: 1596 &rarr; <strong>1616</strong><br />(+20 for winning)\n|raw|don juan dozo's rating: 1599 &rarr; <strong>1579</strong><br />(-20 for losing)\n|l|\u2606don juan dozo\n|player|p2|\n|l|\u2606zhanlinxie1\n|player|p1|\n","uploadtime":1775733682,"views":23,"formatid":"gen9vgc2026regi","rating":1579,"private":0,"password":null}