{"id":"gen9vgc2026regi-2559613489","format":"[Gen 9] VGC 2026 Reg I","players":["theboyparris","sleemo2"],"log":"|j|\u2606theboyparris\n|j|\u2606sleemo2\n|t:|1773592224\n|gametype|doubles\n|player|p1|theboyparris|policeman|1373\n|player|p2|sleemo2|266|1322\n|gen|9\n|tier|[Gen 9] VGC 2026 Reg I\n|rated|\n|rule|Species Clause: Limit one of each Pok\u00e9mon\n|rule|Item Clause: Limit 1 of each item\n|clearpoke\n|poke|p1|Calyrex-Shadow, L50|\n|poke|p1|Miraidon, L50|\n|poke|p1|Grimmsnarl, L50, M|\n|poke|p1|Iron Hands, L50|\n|poke|p1|Iron Jugulis, L50|\n|poke|p1|Iron Treads, L50|\n|poke|p2|Calyrex-Shadow, L50|\n|poke|p2|Zamazenta-*, L50|\n|poke|p2|Whimsicott, L50, M|\n|poke|p2|Amoonguss, L50, F|\n|poke|p2|Chi-Yu, L50|\n|poke|p2|Regieleki, L50|\n|teampreview|4\n|inactive|Battle timer is ON: inactive players will automatically lose when time's up. (requested by theboyparris)\n|\n|t:|1773592259\n|teamsize|p1|4\n|teamsize|p2|4\n|start\n|switch|p1a: Miraidon|Miraidon, L50|100/100\n|switch|p1b: Grimmsnarl|Grimmsnarl, L50, M, shiny|100/100\n|switch|p2a: Calyrex|Calyrex-Shadow, L50|100/100\n|switch|p2b: Regieleki|Regieleki, L50|100/100\n|-ability|p2a: Calyrex|As One\n|-ability|p2a: Calyrex|Unnerve\n|-fieldstart|move: Electric Terrain|[from] ability: Hadron Engine|[of] p1a: Miraidon\n|turn|1\n|inactive|sleemo2 has 30 seconds left.\n|inactive|sleemo2 has 20 seconds left.\n|inactive|sleemo2 has 15 seconds left.\n|\n|t:|1773592303\n|-terastallize|p2a: Calyrex|Ghost\n|move|p1b: Grimmsnarl|Thunder Wave|p2a: Calyrex\n|-status|p2a: Calyrex|par\n|move|p2b: Regieleki|Electroweb|p1a: Miraidon|[spread] p1a,p1b\n|-resisted|p1a: Miraidon\n|-damage|p1a: Miraidon|91/100\n|-damage|p1b: Grimmsnarl|51/100\n|-unboost|p1a: Miraidon|spe|1\n|-unboost|p1b: Grimmsnarl|spe|1\n|move|p2a: Calyrex|Astral Barrage|p1a: Miraidon|[spread] p1a,p1b\n|-resisted|p1b: Grimmsnarl\n|-damage|p1a: Miraidon|43/100\n|-damage|p1b: Grimmsnarl|13/100\n|move|p1a: Miraidon|Volt Switch|p2b: Regieleki\n|-resisted|p2b: Regieleki\n|-damage|p2b: Regieleki|27/100\n|\n|t:|1773592320\n|switch|p1a: Iron Jugulis|Iron Jugulis, L50|100/100|[from] Volt Switch\n|-activate|p1a: Iron Jugulis|ability: Quark Drive\n|-start|p1a: Iron Jugulis|quarkdrivespe\n|\n|upkeep\n|turn|2\n|\n|t:|1773592328\n|switch|p2a: Chi-Yu|Chi-Yu, L50|100/100\n|-ability|p2a: Chi-Yu|Beads of Ruin\n|move|p1b: Grimmsnarl|Light Screen|p1b: Grimmsnarl\n|-sidestart|p1: theboyparris|move: Light Screen\n|move|p1a: Iron Jugulis|Tailwind|p1a: Iron Jugulis\n|-sidestart|p1: theboyparris|move: Tailwind\n|move|p2b: Regieleki|Electroweb|p1a: Iron Jugulis|[spread] p1a,p1b\n|-supereffective|p1a: Iron Jugulis\n|-damage|p1a: Iron Jugulis|4/100\n|-damage|p1b: Grimmsnarl|0 fnt\n|faint|p1b: Grimmsnarl\n|\n|upkeep\n|\n|t:|1773592336\n|switch|p1b: Miraidon|Miraidon, L50|43/100\n|-activate|p1b: Miraidon|ability: Hadron Engine\n|turn|3\n|\n|t:|1773592345\n|-terastallize|p1b: Miraidon|Fairy\n|move|p1a: Iron Jugulis|Air Slash|p2a: Chi-Yu\n|-crit|p2a: Chi-Yu\n|-damage|p2a: Chi-Yu|49/100\n|move|p1b: Miraidon|Dazzling Gleam|p2b: Regieleki|[spread] p2a,p2b\n|-crit|p2b: Regieleki\n|-damage|p2a: Chi-Yu|0 fnt\n|-damage|p2b: Regieleki|0 fnt\n|faint|p2a: Chi-Yu\n|faint|p2b: Regieleki\n|\n|upkeep\n|\n|t:|1773592350\n|switch|p2b: Zamazenta|Zamazenta-Crowned, L50|100/100\n|switch|p2a: Calyrex|Calyrex-Shadow, L50, tera:Ghost|100/100 par\n|-ability|p2a: Calyrex|As One\n|-ability|p2a: Calyrex|Unnerve\n|-ability|p2b: Zamazenta|Dauntless Shield|boost\n|-boost|p2b: Zamazenta|def|1\n|turn|4\n|\n|t:|1773592359\n|switch|p1b: Calyrex|Calyrex-Shadow, L50|100/100\n|-ability|p1b: Calyrex|As One\n|-ability|p1b: Calyrex|Unnerve\n|-enditem|p1b: Calyrex|Electric Seed\n|-boost|p1b: Calyrex|def|1|[from] item: Electric Seed\n|move|p2b: Zamazenta|Wide Guard|p2b: Zamazenta\n|-singleturn|p2b: Zamazenta|Wide Guard\n|move|p1a: Iron Jugulis|Air Slash|p2a: Calyrex|[miss]\n|-miss|p1a: Iron Jugulis|p2a: Calyrex\n|cant|p2a: Calyrex|par\n|\n|upkeep\n|turn|5\n|\n|t:|1773592373\n|move|p2a: Calyrex|Protect|p2a: Calyrex\n|-singleturn|p2a: Calyrex|Protect\n|move|p1a: Iron Jugulis|Air Slash|p2a: Calyrex\n|-activate|p2a: Calyrex|move: Protect\n|move|p1b: Calyrex|Astral Barrage|p2a: Calyrex|[spread] p2b\n|-activate|p2a: Calyrex|move: Protect\n|-crit|p2b: Zamazenta\n|-damage|p2b: Zamazenta|53/100\n|move|p2b: Zamazenta|Heavy Slam|p1a: Iron Jugulis\n|-damage|p1a: Iron Jugulis|0 fnt\n|faint|p1a: Iron Jugulis\n|-end|p1a: Iron Jugulis|Quark Drive|[silent]\n|\n|-sideend|p1: theboyparris|move: Tailwind\n|-fieldend|move: Electric Terrain\n|upkeep\n|\n|t:|1773592376\n|switch|p1a: Miraidon|Miraidon, L50, tera:Fairy|43/100\n|-fieldstart|move: Electric Terrain|[from] ability: Hadron Engine|[of] p1a: Miraidon\n|turn|6\n|\n|t:|1773592384\n|move|p1b: Calyrex|Astral Barrage|p2b: Zamazenta|[spread] p2a,p2b\n|-supereffective|p2a: Calyrex\n|-damage|p2a: Calyrex|5/100 par\n|-damage|p2b: Zamazenta|18/100\n|move|p2b: Zamazenta|Heavy Slam|p1a: Miraidon\n|-supereffective|p1a: Miraidon\n|-damage|p1a: Miraidon|0 fnt\n|faint|p1a: Miraidon\n|move|p2a: Calyrex|Astral Barrage|p1b: Calyrex\n|-supereffective|p1b: Calyrex\n|-crit|p1b: Calyrex\n|-damage|p1b: Calyrex|0 fnt\n|faint|p1b: Calyrex\n|\n|win|sleemo2\n|raw|theboyparris's rating: 1347 &rarr; <strong>1326</strong><br />(-21 for losing)\n|raw|sleemo2's rating: 1322 &rarr; <strong>1343</strong><br />(+21 for winning)\n|l|\u2606theboyparris\n|player|p1|\n|l|\u2606sleemo2\n|player|p2|\n","uploadtime":1773592532,"views":12,"formatid":"gen9vgc2026regi","rating":1326,"private":0,"password":null}