{"id":"gen9vgc2026regi-2550357410","format":"[Gen 9] VGC 2026 Reg I","players":["Millicay","Simon0123"],"log":"|j|\u2606Millicay\n|j|\u2606Simon0123\n|t:|1772479945\n|gametype|doubles\n|player|p1|Millicay|clerk|1133\n|player|p2|Simon0123|benga|1172\n|gen|9\n|tier|[Gen 9] VGC 2026 Reg I\n|rated|\n|rule|Species Clause: Limit one of each Pok\u00e9mon\n|rule|Item Clause: Limit 1 of each item\n|clearpoke\n|poke|p1|Terapagos, L50, M|\n|poke|p1|Volbeat, L50, M|\n|poke|p1|Clefable, L50, M|\n|poke|p1|Alomomola, L50, M|\n|poke|p1|Eternatus, L50|\n|poke|p1|Alcremie-Rainbow-Swirl, L50, F|\n|poke|p2|Terapagos, L50, M|\n|poke|p2|Calyrex-Ice, L50|\n|poke|p2|Amoonguss, L50, M|\n|poke|p2|Farigiraf, L50, M|\n|poke|p2|Incineroar, L50, M|\n|poke|p2|Urshifu-*, L50, F|\n|teampreview|4\n|inactive|Battle timer is ON: inactive players will automatically lose when time's up. (requested by Simon0123)\n|inactive|Millicay has 60 seconds left.\n|inactive|Simon0123 has 60 seconds left.\n|inactive|Millicay has 30 seconds left.\n|\n|t:|1772480011\n|teamsize|p1|4\n|teamsize|p2|4\n|start\n|switch|p1a: Clefable|Clefable, L50, M|100/100\n|switch|p1b: Volbeat|Volbeat, L50, M|100/100\n|switch|p2a: Incineroar|Incineroar, L50, M|100/100\n|switch|p2b: Urshifu|Urshifu-Rapid-Strike, L50, F|100/100\n|-ability|p2a: Incineroar|Intimidate|boost\n|-unboost|p1a: Clefable|atk|1\n|-unboost|p1b: Volbeat|atk|1\n|turn|1\n|inactive|Millicay has 30 seconds left.\n|\n|t:|1772480039\n|move|p2a: Incineroar|Fake Out|p1b: Volbeat\n|-damage|p1b: Volbeat|90/100\n|move|p1a: Clefable|Follow Me|p1a: Clefable\n|-singleturn|p1a: Clefable|move: Follow Me\n|cant|p1b: Volbeat|flinch\n|move|p2b: Urshifu|Surging Strikes|p1a: Clefable\n|-crit|p1a: Clefable\n|-damage|p1a: Clefable|71/100\n|-crit|p1a: Clefable\n|-damage|p1a: Clefable|39/100\n|-crit|p1a: Clefable\n|-damage|p1a: Clefable|6/100\n|-hitcount|p1a: Clefable|3\n|-enditem|p1a: Clefable|Red Card|[of] p2b: Urshifu\n|drag|p2b: Terapagos|Terapagos, L50, M|100/100\n|-activate|p2b: Terapagos|ability: Tera Shift\n|detailschange|p2b: Terapagos|Terapagos-Terastal, L50, M\n|-heal|p2b: Terapagos|100/100|[silent]\n|\n|upkeep\n|turn|2\n|inactive|Millicay has 30 seconds left.\n|inactive|Simon0123 has 30 seconds left.\n|\n|t:|1772480068\n|move|p1b: Volbeat|Tail Glow|p1b: Volbeat\n|-boost|p1b: Volbeat|spa|3\n|move|p2b: Terapagos|Calm Mind|p2b: Terapagos\n|-boost|p2b: Terapagos|spa|1\n|-boost|p2b: Terapagos|spd|1\n|move|p1a: Clefable|Icy Wind|p2a: Incineroar|[spread] p2a\n|-miss|p1a: Clefable|p2b: Terapagos\n|-resisted|p2a: Incineroar\n|-damage|p2a: Incineroar|98/100\n|-unboost|p2a: Incineroar|spe|1\n|move|p2a: Incineroar|Flare Blitz|p1b: Volbeat\n|-supereffective|p1b: Volbeat\n|-damage|p1b: Volbeat|9/100\n|-damage|p2a: Incineroar|75/100|[from] Recoil\n|\n|upkeep\n|turn|3\n|inactive|Millicay has 30 seconds left.\n|inactive|Simon0123 has 30 seconds left.\n|inactive|Millicay has 20 seconds left.\n|inactive|Simon0123 has 20 seconds left.\n|inactive|Millicay has 15 seconds left.\n|inactive|Simon0123 has 15 seconds left.\n|inactive|Simon0123 has 10 seconds left.\n|inactive|Simon0123 has 5 seconds left.\n|\n|t:|1772480119\n|move|p2b: Terapagos|Protect|p2b: Terapagos\n|-singleturn|p2b: Terapagos|Protect\n|move|p1a: Clefable|Follow Me|p1a: Clefable\n|-singleturn|p1a: Clefable|move: Follow Me\n|move|p1b: Volbeat|Baton Pass|p1b: Volbeat\n|inactive|Millicay has 30 seconds left.\n|\n|t:|1772480152\n|switch|p1b: Terapagos|Terapagos, L50, M|100/100|[from] Baton Pass\n|-activate|p1b: Terapagos|ability: Tera Shift\n|detailschange|p1b: Terapagos|Terapagos-Terastal, L50, M\n|-heal|p1b: Terapagos|100/100|[silent]\n|move|p2a: Incineroar|Parting Shot|p1a: Clefable\n|-unboost|p1a: Clefable|atk|1\n|-unboost|p1a: Clefable|spa|1\n|\n|t:|1772480158\n|switch|p2a: Urshifu|Urshifu-Rapid-Strike, L50, F|100/100|[from] Parting Shot\n|\n|upkeep\n|turn|4\n|\n|t:|1772480177\n|-terastallize|p1b: Terapagos|Stellar\n|detailschange|p1b: Terapagos|Terapagos-Stellar, L50, M, tera:Stellar\n|-heal|p1b: Terapagos|100/100|[silent]\n|-terastallize|p2b: Terapagos|Stellar\n|detailschange|p2b: Terapagos|Terapagos-Stellar, L50, M, tera:Stellar\n|-heal|p2b: Terapagos|100/100|[silent]\n|move|p2a: Urshifu|Protect|p2a: Urshifu\n|-singleturn|p2a: Urshifu|Protect\n|move|p1a: Clefable|Follow Me|p1a: Clefable\n|-singleturn|p1a: Clefable|move: Follow Me\n|move|p1b: Terapagos|Tera Starstorm|p2b: Terapagos|[spread] p2b\n|-activate|p2a: Urshifu|move: Protect\n|-supereffective|p2b: Terapagos\n|-damage|p2b: Terapagos|18/100\n|move|p2b: Terapagos|Tera Starstorm|p1b: Terapagos|[spread] p1a,p1b\n|-supereffective|p1b: Terapagos\n|-damage|p1a: Clefable|0 fnt\n|-damage|p1b: Terapagos|15/100\n|faint|p1a: Clefable\n|\n|-heal|p2b: Terapagos|24/100|[from] item: Leftovers\n|upkeep\n|\n|t:|1772480198\n|switch|p1a: Volbeat|Volbeat, L50, M|9/100\n|turn|5\n|\n|t:|1772480213\n|move|p2b: Terapagos|Protect|p2b: Terapagos\n|-singleturn|p2b: Terapagos|Protect\n|move|p2a: Urshifu|Aqua Jet|p1b: Terapagos\n|-damage|p1b: Terapagos|0 fnt\n|faint|p1b: Terapagos\n|detailschange|p1: Terapagos|Terapagos, L50, M|[silent]\n|move|p1a: Volbeat|Tailwind|p1a: Volbeat\n|-sidestart|p1: Millicay|move: Tailwind\n|\n|-heal|p2b: Terapagos|30/100|[from] item: Leftovers\n|upkeep\n|\n|t:|1772480222\n|switch|p1b: Eternatus|Eternatus, L50|100/100\n|-ability|p1b: Eternatus|Pressure\n|turn|6\n|\n|t:|1772480241\n|move|p1a: Volbeat|Thunder Wave|p2a: Urshifu\n|-status|p2a: Urshifu|par\n|move|p2a: Urshifu|Aqua Jet|p1a: Volbeat\n|-damage|p1a: Volbeat|0 fnt\n|faint|p1a: Volbeat\n|move|p1b: Eternatus|Dynamax Cannon|p2b: Terapagos\n|-damage|p2b: Terapagos|0 fnt\n|faint|p2b: Terapagos\n|detailschange|p2: Terapagos|Terapagos, L50, M|[silent]\n|-damage|p1b: Eternatus|91/100|[from] item: Life Orb\n|\n|upkeep\n|\n|t:|1772480253\n|switch|p2b: Incineroar|Incineroar, L50, M|75/100\n|-ability|p2b: Incineroar|Intimidate|boost\n|-unboost|p1b: Eternatus|atk|1\n|turn|7\n|\n|t:|1772480266\n|move|p2b: Incineroar|Fake Out|p1b: Eternatus\n|-damage|p1b: Eternatus|81/100\n|cant|p1b: Eternatus|flinch\n|cant|p2a: Urshifu|par\n|\n|upkeep\n|turn|8\n|\n|t:|1772480276\n|move|p1b: Eternatus|Dynamax Cannon|p2b: Incineroar\n|-damage|p2b: Incineroar|14/100\n|-enditem|p2b: Incineroar|Sitrus Berry|[eat]\n|-heal|p2b: Incineroar|39/100|[from] item: Sitrus Berry\n|-damage|p1b: Eternatus|71/100|[from] item: Life Orb\n|move|p2b: Incineroar|Parting Shot|p1b: Eternatus\n|-unboost|p1b: Eternatus|atk|1\n|-unboost|p1b: Eternatus|spa|1\n|\n|t:|1772480285\n|switch|p2b: Calyrex|Calyrex-Ice, L50|100/100|[from] Parting Shot\n|-ability|p2b: Calyrex|As One\n|-ability|p2b: Calyrex|Unnerve\n|cant|p2a: Urshifu|par\n|\n|-sideend|p1: Millicay|move: Tailwind\n|upkeep\n|turn|9\n|-message|Millicay forfeited.\n|\n|win|Simon0123\n|raw|Millicay's rating: 1133 &rarr; <strong>1111</strong><br />(-22 for losing)\n|raw|Simon0123's rating: 1172 &rarr; <strong>1194</strong><br />(+22 for winning)\n|l|\u2606Millicay\n|player|p1|\n|l|\u2606Simon0123\n|player|p2|\n","uploadtime":1772480495,"views":12,"formatid":"gen9vgc2026regi","rating":1111,"private":0,"password":null}