{"id":"gen9vgc2026regi-2519800003","format":"[Gen 9] VGC 2026 Reg I","players":["kojimuranishi","we all hate ursf"],"log":"|j|\u2606kojimuranishi\n|j|\u2606we all hate ursf\n|t:|1768552277\n|gametype|doubles\n|player|p1|kojimuranishi|102|1542\n|player|p2|we all hate ursf|shadowtriad|1406\n|gen|9\n|tier|[Gen 9] VGC 2026 Reg I\n|rated|\n|rule|Species Clause: Limit one of each Pok\u00e9mon\n|rule|Item Clause: Limit 1 of each item\n|clearpoke\n|poke|p1|Whimsicott, L50, F|\n|poke|p1|Calyrex-Ice, L50|\n|poke|p1|Miraidon, L50|\n|poke|p1|Chi-Yu, L50|\n|poke|p1|Landorus, L50, M|\n|poke|p1|Ogerpon-Cornerstone, L50, F|\n|poke|p2|Koraidon, L50|\n|poke|p2|Lunala, L50|\n|poke|p2|Rillaboom, L50, F|\n|poke|p2|Incineroar, L50, M|\n|poke|p2|Chien-Pao, L50|\n|poke|p2|Ogerpon-Wellspring, L50, F|\n|teampreview|4\n|inactive|Battle timer is ON: inactive players will automatically lose when time's up. (requested by we all hate ursf)\n|\n|t:|1768552294\n|teamsize|p1|4\n|teamsize|p2|4\n|start\n|switch|p1a: Whimsicott|Whimsicott, L50, F|100/100\n|switch|p1b: Chi-Yu|Chi-Yu, L50|100/100\n|switch|p2a: Lunala|Lunala, L50|100/100\n|switch|p2b: Rillaboom|Rillaboom, L50, F|100/100\n|-ability|p1b: Chi-Yu|Beads of Ruin\n|-fieldstart|move: Grassy Terrain|[from] ability: Grassy Surge|[of] p2b: Rillaboom\n|turn|1\n|\n|t:|1768552314\n|switch|p2a: Chien-Pao|Chien-Pao, L50|100/100\n|-ability|p2a: Chien-Pao|Sword of Ruin\n|move|p2b: Rillaboom|Fake Out|p1b: Chi-Yu\n|-damage|p1b: Chi-Yu|75/100\n|move|p1a: Whimsicott|Moonblast|p2a: Chien-Pao\n|-supereffective|p2a: Chien-Pao\n|-enditem|p2a: Chien-Pao|Focus Sash\n|-damage|p2a: Chien-Pao|1/100\n|cant|p1b: Chi-Yu|flinch\n|\n|-heal|p2a: Chien-Pao|7/100|[from] Grassy Terrain\n|-heal|p1b: Chi-Yu|81/100|[from] Grassy Terrain\n|upkeep\n|turn|2\n|\n|t:|1768552330\n|move|p2a: Chien-Pao|Sucker Punch|p1b: Chi-Yu\n|-resisted|p1b: Chi-Yu\n|-damage|p1b: Chi-Yu|42/100\n|move|p1a: Whimsicott|Tailwind|p1a: Whimsicott\n|-sidestart|p1: kojimuranishi|move: Tailwind\n|move|p2b: Rillaboom|Grassy Glide|p1b: Chi-Yu\n|-resisted|p1b: Chi-Yu\n|-damage|p1b: Chi-Yu|4/100\n|move|p1b: Chi-Yu|Heat Wave|p2a: Chien-Pao|[spread] p2a,p2b\n|-supereffective|p2a: Chien-Pao\n|-supereffective|p2b: Rillaboom\n|-damage|p2a: Chien-Pao|0 fnt\n|-damage|p2b: Rillaboom|2/100\n|faint|p2a: Chien-Pao\n|\n|-heal|p1b: Chi-Yu|10/100|[from] Grassy Terrain\n|-heal|p2b: Rillaboom|8/100|[from] Grassy Terrain\n|upkeep\n|\n|t:|1768552339\n|switch|p2a: Koraidon|Koraidon, L50|100/100\n|-weather|SunnyDay|[from] ability: Orichalcum Pulse|[of] p2a: Koraidon\n|-activate|p2a: Koraidon|Orichalcum Pulse|[source]\n|turn|3\n|j| sunrakugaming\n|\n|t:|1768552351\n|switch|p1a: Miraidon|Miraidon, L50|100/100\n|-fieldstart|move: Electric Terrain|[from] ability: Hadron Engine|[of] p1a: Miraidon\n|switch|p2b: Lunala|Lunala, L50|100/100\n|move|p1b: Chi-Yu|Heat Wave|p2b: Lunala|[spread] p2a,p2b\n|-resisted|p2a: Koraidon\n|-damage|p2a: Koraidon|37/100\n|-damage|p2b: Lunala|57/100\n|move|p2a: Koraidon|Flame Charge|p1b: Chi-Yu\n|-resisted|p1b: Chi-Yu\n|-damage|p1b: Chi-Yu|0 fnt\n|-boost|p2a: Koraidon|spe|1\n|faint|p1b: Chi-Yu\n|\n|-weather|SunnyDay|[upkeep]\n|-heal|p2b: Lunala|63/100|[from] item: Leftovers\n|upkeep\n|\n|t:|1768552371\n|switch|p1b: Calyrex|Calyrex-Ice, L50|100/100\n|-ability|p1b: Calyrex|As One\n|-ability|p1b: Calyrex|Unnerve\n|turn|4\n|\n|t:|1768552384\n|-terastallize|p1b: Calyrex|Ice\n|move|p2a: Koraidon|Protect|p2a: Koraidon\n|-singleturn|p2a: Koraidon|Protect\n|move|p2b: Lunala|Protect|p2b: Lunala\n|-singleturn|p2b: Lunala|Protect\n|move|p1a: Miraidon|Draco Meteor|p2a: Koraidon\n|-activate|p2a: Koraidon|move: Protect\n|move|p1b: Calyrex|Icicle Crash|p2b: Lunala\n|-activate|p2b: Lunala|move: Protect\n|\n|-weather|SunnyDay|[upkeep]\n|-heal|p2b: Lunala|69/100|[from] item: Leftovers\n|upkeep\n|turn|5\n|\n|t:|1768552408\n|-terastallize|p2b: Lunala|Fairy\n|move|p1a: Miraidon|Draco Meteor|p2a: Koraidon\n|-supereffective|p2a: Koraidon\n|-damage|p2a: Koraidon|0 fnt\n|-unboost|p1a: Miraidon|spa|2\n|faint|p2a: Koraidon\n|move|p1b: Calyrex|Icicle Crash|p2b: Lunala\n|-damage|p2b: Lunala|0 fnt\n|faint|p2b: Lunala\n|-ability|p1b: Calyrex|Chilling Neigh|boost\n|-boost|p1b: Calyrex|atk|1\n|\n|-weather|SunnyDay|[upkeep]\n|-sideend|p1: kojimuranishi|move: Tailwind\n|upkeep\n|-message|we all hate ursf forfeited.\n|\n|win|kojimuranishi\n|raw|kojimuranishi's rating: 1542 &rarr; <strong>1555</strong><br />(+13 for winning)\n|raw|we all hate ursf's rating: 1406 &rarr; <strong>1393</strong><br />(-13 for losing)\n|l|\u2606we all hate ursf\n|player|p2|\n|l| sunrakugaming\n|l|\u2606kojimuranishi\n|player|p1|\n|j|\u2606kojimuranishi\n|player|p1|kojimuranishi|102|\n|l|\u2606kojimuranishi\n|player|p1|\n","uploadtime":1768552652,"views":19,"formatid":"gen9vgc2026regi","rating":1393,"private":0,"password":null}