{"id":"gen9vgc2026regi-2532144384","format":"[Gen 9] VGC 2026 Reg I","players":["SnarkyShane","renan.tony"],"log":"|j|\u2606SnarkyShane\n|j|\u2606renan.tony\n|t:|1770144112\n|gametype|doubles\n|player|p1|SnarkyShane|gambler|1224\n|player|p2|renan.tony|lance|1191\n|gen|9\n|tier|[Gen 9] VGC 2026 Reg I\n|rated|\n|rule|Species Clause: Limit one of each Pok\u00e9mon\n|rule|Item Clause: Limit 1 of each item\n|clearpoke\n|poke|p1|Rayquaza, L50|\n|poke|p1|Calyrex-Shadow, L50|\n|poke|p1|Ting-Lu, L50|\n|poke|p1|Chien-Pao, L50|\n|poke|p1|Amoonguss, L50, M|\n|poke|p1|Avalugg-Hisui, L50, F|\n|poke|p2|Whimsicott, L50, M|\n|poke|p2|Miraidon, L50|\n|poke|p2|Ho-Oh, L50|\n|poke|p2|Tyranitar, L50, F|\n|poke|p2|Incineroar, L50, F|\n|poke|p2|Farigiraf, L50, F|\n|teampreview|4\n|inactive|Battle timer is ON: inactive players will automatically lose when time's up. (requested by SnarkyShane)\n|inactive|SnarkyShane has 60 seconds left.\n|inactive|SnarkyShane has 30 seconds left.\n|l|\u2606renan.tony\n|inactive|renan.tony disconnected and has a minute to reconnect!\n|player|p2|\n|inactive|SnarkyShane has 20 seconds left.\n|\n|t:|1770144185\n|teamsize|p1|4\n|teamsize|p2|4\n|start\n|switch|p1a: Rayquaza|Rayquaza, L50|100/100\n|switch|p1b: Avalugg|Avalugg-Hisui, L50, F|100/100\n|switch|p2a: Ho-Oh|Ho-Oh, L50|100/100\n|switch|p2b: Incineroar|Incineroar, L50, F|100/100\n|-ability|p1a: Rayquaza|Air Lock\n|-ability|p2b: Incineroar|Intimidate|boost\n|-fail|p1a: Rayquaza|unboost|[from] item: Clear Amulet|[of] p1a: Rayquaza\n|-unboost|p1b: Avalugg|atk|1\n|turn|1\n|inactive|renan.tony has 30 seconds left.\n|j|\u2606renan.tony\n|inactive|renan.tony reconnected and has 25 seconds left.\n|player|p2|renan.tony|lance|\n|inactive|renan.tony has 20 seconds left.\n|inactive|renan.tony has 15 seconds left.\n|\n|t:|1770144228\n|move|p2a: Ho-Oh|Sacred Fire|p1a: Rayquaza|[miss]\n|-miss|p2a: Ho-Oh|p1a: Rayquaza\n|move|p1a: Rayquaza|Swords Dance|p1a: Rayquaza\n|-boost|p1a: Rayquaza|atk|2\n|move|p2b: Incineroar|Knock Off|p1b: Avalugg\n|-damage|p1b: Avalugg|78/100\n|-enditem|p1b: Avalugg|Loaded Dice|[from] move: Knock Off|[of] p2b: Incineroar\n|move|p1b: Avalugg|Rock Blast|p2b: Incineroar\n|-supereffective|p2b: Incineroar\n|-damage|p2b: Incineroar|82/100\n|-supereffective|p2b: Incineroar\n|-damage|p2b: Incineroar|60/100\n|-hitcount|p2b: Incineroar|2\n|\n|upkeep\n|turn|2\n|l|\u2606SnarkyShane\n|inactive|SnarkyShane disconnected and has a minute to reconnect!\n|player|p1|\n|j|\u2606SnarkyShane\n|inactive|SnarkyShane reconnected and has 40 seconds left.\n|player|p1|SnarkyShane|gambler|\n|inactive|SnarkyShane has 30 seconds left.\n|\n|t:|1770144262\n|switch|p2b: Farigiraf|Farigiraf, L50, F|100/100\n|move|p1a: Rayquaza|Protect|p1a: Rayquaza\n|-singleturn|p1a: Rayquaza|Protect\n|move|p2a: Ho-Oh|Sacred Fire|p1a: Rayquaza\n|-activate|p1a: Rayquaza|move: Protect\n|move|p1b: Avalugg|Rock Blast|p2a: Ho-Oh\n|-supereffective|p2a: Ho-Oh\n|-damage|p2a: Ho-Oh|65/100\n|-supereffective|p2a: Ho-Oh\n|-damage|p2a: Ho-Oh|26/100\n|-supereffective|p2a: Ho-Oh\n|-damage|p2a: Ho-Oh|0 fnt\n|faint|p2a: Ho-Oh\n|-hitcount|p2: Ho-Oh|3\n|\n|upkeep\n|\n|t:|1770144269\n|switch|p2a: Miraidon|Miraidon, L50|100/100\n|-fieldstart|move: Electric Terrain|[from] ability: Hadron Engine|[of] p2a: Miraidon\n|turn|3\n|\n|t:|1770144287\n|switch|p1b: Amoonguss|Amoonguss, L50, M|100/100\n|-terastallize|p2a: Miraidon|Electric\n|-terastallize|p1a: Rayquaza|Normal\n|move|p2a: Miraidon|Electro Drift|p1a: Rayquaza\n|-damage|p1a: Rayquaza|0 fnt\n|faint|p1a: Rayquaza\n|move|p2b: Farigiraf|Psychic|p1b: Amoonguss\n|-supereffective|p1b: Amoonguss\n|-damage|p1b: Amoonguss|49/100\n|-enditem|p1b: Amoonguss|Sitrus Berry|[eat]\n|-heal|p1b: Amoonguss|74/100|[from] item: Sitrus Berry\n|\n|upkeep\n|inactive|SnarkyShane has 30 seconds left.\n|\n|t:|1770144313\n|switch|p1a: Chien-Pao|Chien-Pao, L50|100/100\n|-ability|p1a: Chien-Pao|Sword of Ruin\n|turn|4\n|\n|t:|1770144330\n|switch|p2b: Incineroar|Incineroar, L50, F|60/100\n|-ability|p2b: Incineroar|Intimidate|boost\n|-unboost|p1a: Chien-Pao|atk|1\n|-unboost|p1b: Amoonguss|atk|1\n|move|p1a: Chien-Pao|Ice Spinner|p2b: Incineroar\n|-resisted|p2b: Incineroar\n|-damage|p2b: Incineroar|43/100\n|-fieldend|move: Electric Terrain\n|move|p2a: Miraidon|Electro Drift|p1b: Amoonguss\n|-resisted|p1b: Amoonguss\n|-damage|p1b: Amoonguss|39/100\n|move|p1b: Amoonguss|Spore|p2a: Miraidon\n|-status|p2a: Miraidon|slp|[from] move: Spore\n|\n|upkeep\n|turn|5\n|\n|t:|1770144348\n|switch|p1a: Avalugg|Avalugg-Hisui, L50, F|78/100\n|switch|p2a: Farigiraf|Farigiraf, L50, F|100/100\n|move|p2b: Incineroar|U-turn|p1a: Avalugg\n|-damage|p1a: Avalugg|67/100\n|\n|t:|1770144354\n|switch|p2b: Miraidon|Miraidon, L50, tera:Electric|100/100 slp|[from] U-turn\n|-fieldstart|move: Electric Terrain|[from] ability: Hadron Engine|[of] p2b: Miraidon\n|move|p1b: Amoonguss|Pollen Puff|p1a: Avalugg\n|-heal|p1a: Avalugg|100/100\n|\n|upkeep\n|turn|6\n|\n|t:|1770144369\n|switch|p1b: Chien-Pao|Chien-Pao, L50|100/100\n|-ability|p1b: Chien-Pao|Sword of Ruin\n|cant|p2b: Miraidon|slp\n|move|p2a: Farigiraf|Psychic|p1b: Chien-Pao\n|-immune|p1b: Chien-Pao\n|move|p1a: Avalugg|Rock Blast|p2b: Miraidon\n|-damage|p2b: Miraidon|80/100 slp\n|-damage|p2b: Miraidon|60/100 slp\n|-hitcount|p2b: Miraidon|2\n|\n|upkeep\n|turn|7\n|\n|t:|1770144394\n|move|p2a: Farigiraf|Protect|p2a: Farigiraf\n|-singleturn|p2a: Farigiraf|Protect\n|move|p1b: Chien-Pao|Sacred Sword|p2b: Miraidon\n|-damage|p2b: Miraidon|15/100 slp\n|-curestatus|p2b: Miraidon|slp|[msg]\n|move|p2b: Miraidon|Parabolic Charge|p1a: Avalugg|[spread] p1a,p1b\n|-activate|p2a: Farigiraf|move: Protect\n|-ability|p1a: Avalugg|Sturdy\n|-damage|p1a: Avalugg|1/100\n|-heal|p2b: Miraidon|72/100|[from] drain|[of] p1a: Avalugg\n|-damage|p1b: Chien-Pao|6/100\n|-heal|p2b: Miraidon|100/100|[from] drain|[of] p1b: Chien-Pao\n|move|p1a: Avalugg|Icicle Spear|p2b: Miraidon\n|-damage|p2b: Miraidon|82/100\n|-damage|p2b: Miraidon|63/100\n|-damage|p2b: Miraidon|45/100\n|-damage|p2b: Miraidon|24/100\n|-hitcount|p2b: Miraidon|4\n|\n|upkeep\n|turn|8\n|\n|t:|1770144419\n|switch|p2b: Incineroar|Incineroar, L50, F|43/100\n|-ability|p2b: Incineroar|Intimidate|boost\n|-unboost|p1a: Avalugg|atk|1\n|-unboost|p1b: Chien-Pao|atk|1\n|move|p1b: Chien-Pao|Sacred Sword|p2b: Incineroar\n|-supereffective|p2b: Incineroar\n|-damage|p2b: Incineroar|0 fnt\n|faint|p2b: Incineroar\n|move|p2a: Farigiraf|Psychic|p1a: Avalugg\n|-damage|p1a: Avalugg|0 fnt\n|faint|p1a: Avalugg\n|\n|upkeep\n|\n|t:|1770144430\n|switch|p2b: Miraidon|Miraidon, L50, tera:Electric|24/100\n|switch|p1a: Amoonguss|Amoonguss, L50, M|72/100\n|-activate|p2b: Miraidon|ability: Hadron Engine\n|turn|9\n|\n|t:|1770144438\n|move|p1b: Chien-Pao|Sacred Sword|p2b: Miraidon\n|-damage|p2b: Miraidon|0 fnt\n|faint|p2b: Miraidon\n|move|p2a: Farigiraf|Imprison|p2a: Farigiraf\n|-start|p2a: Farigiraf|move: Imprison\n|move|p1a: Amoonguss|Pollen Puff|p2a: Farigiraf\n|-supereffective|p2a: Farigiraf\n|-damage|p2a: Farigiraf|67/100\n|\n|-heal|p2a: Farigiraf|73/100|[from] item: Leftovers\n|-fieldend|move: Electric Terrain\n|upkeep\n|turn|10\n|\n|t:|1770144455\n|move|p1b: Chien-Pao|Sacred Sword|p2a: Farigiraf\n|-damage|p2a: Farigiraf|48/100\n|move|p2a: Farigiraf|Psychic|p1a: Amoonguss\n|-supereffective|p1a: Amoonguss\n|-crit|p1a: Amoonguss\n|-damage|p1a: Amoonguss|0 fnt\n|faint|p1a: Amoonguss\n|\n|-heal|p2a: Farigiraf|55/100|[from] item: Leftovers\n|upkeep\n|turn|11\n|\n|t:|1770144463\n|move|p2a: Farigiraf|Protect|p2a: Farigiraf\n|-singleturn|p2a: Farigiraf|Protect\n|move|p1b: Chien-Pao|Sacred Sword|p2a: Farigiraf\n|-activate|p2a: Farigiraf|move: Protect\n|\n|-heal|p2a: Farigiraf|61/100|[from] item: Leftovers\n|upkeep\n|turn|12\n|\n|t:|1770144476\n|move|p2a: Farigiraf|Protect||[still]\n|-fail|p2a: Farigiraf\n|move|p1b: Chien-Pao|Sacred Sword|p2a: Farigiraf\n|-damage|p2a: Farigiraf|37/100\n|\n|-heal|p2a: Farigiraf|43/100|[from] item: Leftovers\n|upkeep\n|turn|13\n|\n|t:|1770144484\n|move|p2a: Farigiraf|Protect|p2a: Farigiraf\n|-singleturn|p2a: Farigiraf|Protect\n|move|p1b: Chien-Pao|Sacred Sword|p2a: Farigiraf\n|-activate|p2a: Farigiraf|move: Protect\n|\n|-heal|p2a: Farigiraf|49/100|[from] item: Leftovers\n|upkeep\n|turn|14\n|\n|t:|1770144499\n|move|p1b: Chien-Pao|Sacred Sword|p2a: Farigiraf\n|-damage|p2a: Farigiraf|24/100\n|move|p2a: Farigiraf|Psychic|p1b: Chien-Pao\n|-immune|p1b: Chien-Pao\n|\n|-heal|p2a: Farigiraf|30/100|[from] item: Leftovers\n|upkeep\n|turn|15\n|\n|t:|1770144506\n|move|p2a: Farigiraf|Protect|p2a: Farigiraf\n|-singleturn|p2a: Farigiraf|Protect\n|move|p1b: Chien-Pao|Sacred Sword|p2a: Farigiraf\n|-activate|p2a: Farigiraf|move: Protect\n|\n|-heal|p2a: Farigiraf|36/100|[from] item: Leftovers\n|upkeep\n|turn|16\n|\n|t:|1770144513\n|move|p2a: Farigiraf|Protect||[still]\n|-fail|p2a: Farigiraf\n|move|p1b: Chien-Pao|Sacred Sword|p2a: Farigiraf\n|-damage|p2a: Farigiraf|14/100\n|\n|-heal|p2a: Farigiraf|20/100|[from] item: Leftovers\n|upkeep\n|turn|17\n|\n|t:|1770144520\n|move|p2a: Farigiraf|Protect|p2a: Farigiraf\n|-singleturn|p2a: Farigiraf|Protect\n|move|p1b: Chien-Pao|Sacred Sword|p2a: Farigiraf\n|-activate|p2a: Farigiraf|move: Protect\n|\n|-heal|p2a: Farigiraf|26/100|[from] item: Leftovers\n|upkeep\n|turn|18\n|\n|t:|1770144527\n|move|p2a: Farigiraf|Protect|p2a: Farigiraf\n|-singleturn|p2a: Farigiraf|Protect\n|move|p1b: Chien-Pao|Sacred Sword|p2a: Farigiraf\n|-activate|p2a: Farigiraf|move: Protect\n|\n|-heal|p2a: Farigiraf|32/100|[from] item: Leftovers\n|upkeep\n|turn|19\n|\n|t:|1770144535\n|move|p1b: Chien-Pao|Sacred Sword|p2a: Farigiraf\n|-damage|p2a: Farigiraf|6/100\n|move|p2a: Farigiraf|Trick Room|p2a: Farigiraf\n|-fieldstart|move: Trick Room|[of] p2a: Farigiraf\n|\n|-heal|p2a: Farigiraf|12/100|[from] item: Leftovers\n|upkeep\n|turn|20\n|\n|t:|1770144541\n|move|p2a: Farigiraf|Protect|p2a: Farigiraf\n|-singleturn|p2a: Farigiraf|Protect\n|move|p1b: Chien-Pao|Sacred Sword|p2a: Farigiraf\n|-activate|p2a: Farigiraf|move: Protect\n|\n|-heal|p2a: Farigiraf|18/100|[from] item: Leftovers\n|upkeep\n|turn|21\n|\n|t:|1770144549\n|move|p2a: Farigiraf|Protect||[still]\n|-fail|p2a: Farigiraf\n|move|p1b: Chien-Pao|Sacred Sword|p2a: Farigiraf\n|-damage|p2a: Farigiraf|0 fnt\n|faint|p2a: Farigiraf\n|\n|win|SnarkyShane\n|raw|SnarkyShane's rating: 1224 &rarr; <strong>1247</strong><br />(+23 for winning)\n|raw|renan.tony's rating: 1191 &rarr; <strong>1168</strong><br />(-23 for losing)\n|l|\u2606renan.tony\n|player|p2|\n|l|\u2606SnarkyShane\n|player|p1|\n","uploadtime":1770144757,"views":14,"formatid":"gen9vgc2026regi","rating":1168,"private":0,"password":null}