{"id":"gen9vgc2026regi-2560156026","format":"[Gen 9] VGC 2026 Reg I","players":["Pokemonst3r","newlandosrock"],"log":"|j|\u2606Pokemonst3r\n|j|\u2606newlandosrock\n|t:|1773660097\n|gametype|doubles\n|player|p1|Pokemonst3r|2|1511\n|player|p2|newlandosrock|169|1469\n|gen|9\n|tier|[Gen 9] VGC 2026 Reg I\n|rated|\n|rule|Species Clause: Limit one of each Pok\u00e9mon\n|rule|Item Clause: Limit 1 of each item\n|clearpoke\n|poke|p1|Chien-Pao, L50|\n|poke|p1|Calyrex-Shadow, L50|\n|poke|p1|Dondozo, L50, F|\n|poke|p1|Zamazenta-*, L50|\n|poke|p1|Dragonite, L50, M|\n|poke|p1|Tatsugiri, L50, F|\n|poke|p2|Miraidon, L50|\n|poke|p2|Lunala, L50|\n|poke|p2|Whimsicott, L50, M|\n|poke|p2|Urshifu-*, L50, F|\n|poke|p2|Incineroar, L50, F|\n|poke|p2|Ursaluna, L50, F|\n|teampreview|4\n|inactive|Battle timer is ON: inactive players will automatically lose when time's up. (requested by Pokemonst3r)\n|\n|t:|1773660126\n|teamsize|p1|4\n|teamsize|p2|4\n|start\n|switch|p1a: Chien-Pao|Chien-Pao, L50|100/100\n|switch|p1b: Zamazenta|Zamazenta-Crowned, L50|100/100\n|switch|p2a: Incineroar|Incineroar, L50, F|100/100\n|switch|p2b: Miraidon|Miraidon, L50|100/100\n|-ability|p1a: Chien-Pao|Sword of Ruin\n|-fieldstart|move: Electric Terrain|[from] ability: Hadron Engine|[of] p2b: Miraidon\n|-ability|p1b: Zamazenta|Dauntless Shield|boost\n|-boost|p1b: Zamazenta|def|1\n|-ability|p2a: Incineroar|Intimidate|boost\n|-unboost|p1a: Chien-Pao|atk|1\n|-unboost|p1b: Zamazenta|atk|1\n|turn|1\n|inactive|newlandosrock has 30 seconds left.\n|inactive|newlandosrock has 20 seconds left.\n|inactive|newlandosrock has 15 seconds left.\n|\n|t:|1773660170\n|-terastallize|p1a: Chien-Pao|Ghost\n|move|p2a: Incineroar|Fake Out|p1a: Chien-Pao\n|-immune|p1a: Chien-Pao\n|move|p1a: Chien-Pao|Ice Spinner|p2b: Miraidon\n|-supereffective|p2b: Miraidon\n|-damage|p2b: Miraidon|30/100\n|-fieldend|move: Electric Terrain\n|move|p2b: Miraidon|Volt Switch|p1b: Zamazenta\n|-crit|p1b: Zamazenta\n|-damage|p1b: Zamazenta|39/100\n|-damage|p2b: Miraidon|21/100|[from] item: Life Orb\n|\n|t:|1773660187\n|switch|p2b: Lunala|Lunala, L50|100/100|[from] Volt Switch\n|move|p1b: Zamazenta|Body Press|p2a: Incineroar\n|-supereffective|p2a: Incineroar\n|-damage|p2a: Incineroar|0 fnt\n|faint|p2a: Incineroar\n|\n|upkeep\n|\n|t:|1773660193\n|switch|p2a: Whimsicott|Whimsicott, L50, M|100/100\n|turn|2\n|\n|t:|1773660205\n|move|p2a: Whimsicott|Tailwind|p2a: Whimsicott\n|-sidestart|p2: newlandosrock|move: Tailwind\n|move|p2b: Lunala|Moongeist Beam|p1a: Chien-Pao\n|-supereffective|p1a: Chien-Pao\n|-enditem|p1a: Chien-Pao|Focus Sash\n|-damage|p1a: Chien-Pao|1/100\n|move|p1a: Chien-Pao|Ruination|p2b: Lunala\n|-damage|p2b: Lunala|50/100\n|move|p1b: Zamazenta|Behemoth Bash|p2b: Lunala\n|-damage|p2b: Lunala|22/100\n|\n|upkeep\n|turn|3\n|inactive|newlandosrock has 30 seconds left.\n|\n|t:|1773660231\n|move|p1a: Chien-Pao|Sucker Punch|p2a: Whimsicott\n|-resisted|p2a: Whimsicott\n|-damage|p2a: Whimsicott|83/100\n|move|p2a: Whimsicott|Moonblast|p1a: Chien-Pao\n|-damage|p1a: Chien-Pao|0 fnt\n|faint|p1a: Chien-Pao\n|move|p2b: Lunala|Moongeist Beam|p1b: Zamazenta\n|-damage|p1b: Zamazenta|0 fnt\n|faint|p1b: Zamazenta\n|\n|upkeep\n|\n|t:|1773660243\n|switch|p1a: Calyrex|Calyrex-Shadow, L50|100/100\n|switch|p1b: Dragonite|Dragonite, L50, M|100/100\n|-ability|p1a: Calyrex|As One\n|-ability|p1a: Calyrex|Unnerve\n|turn|4\n|\n|t:|1773660265\n|move|p2b: Lunala|Wide Guard|p2b: Lunala\n|-singleturn|p2b: Lunala|Wide Guard\n|move|p1b: Dragonite|Extreme Speed|p2a: Whimsicott\n|-damage|p2a: Whimsicott|26/100\n|move|p1a: Calyrex|Astral Barrage|p2a: Whimsicott|[spread] \n|-activate|p2a: Whimsicott|move: Wide Guard\n|-activate|p2b: Lunala|move: Wide Guard\n|move|p2a: Whimsicott|Moonblast|p1b: Dragonite\n|-supereffective|p1b: Dragonite\n|-damage|p1b: Dragonite|50/100\n|-unboost|p1b: Dragonite|spa|1\n|\n|upkeep\n|turn|5\n|\n|t:|1773660291\n|move|p2b: Lunala|Wide Guard|p2b: Lunala\n|-singleturn|p2b: Lunala|Wide Guard\n|move|p1b: Dragonite|Extreme Speed|p2a: Whimsicott\n|-damage|p2a: Whimsicott|0 fnt\n|faint|p2a: Whimsicott\n|move|p1a: Calyrex|Astral Barrage|p2b: Lunala\n|-activate|p2b: Lunala|move: Wide Guard\n|\n|-sideend|p2: newlandosrock|move: Tailwind\n|upkeep\n|\n|t:|1773660300\n|switch|p2a: Miraidon|Miraidon, L50|21/100\n|-fieldstart|move: Electric Terrain|[from] ability: Hadron Engine|[of] p2a: Miraidon\n|-enditem|p2b: Lunala|Electric Seed\n|-boost|p2b: Lunala|def|1|[from] item: Electric Seed\n|turn|6\n|\n|t:|1773660313\n|-terastallize|p2b: Lunala|Fairy\n|move|p2a: Miraidon|Protect|p2a: Miraidon\n|-singleturn|p2a: Miraidon|Protect\n|move|p1b: Dragonite|Extreme Speed|p2a: Miraidon\n|-activate|p2a: Miraidon|move: Protect\n|move|p1a: Calyrex|Astral Barrage|p2a: Miraidon|[spread] p2b\n|-activate|p2a: Miraidon|move: Protect\n|-damage|p2b: Lunala|0 fnt\n|faint|p2b: Lunala\n|-ability|p1a: Calyrex|Grim Neigh|boost\n|-boost|p1a: Calyrex|spa|1\n|\n|upkeep\n|turn|7\n|-message|newlandosrock forfeited.\n|\n|win|Pokemonst3r\n|raw|Pokemonst3r's rating: 1511 &rarr; <strong>1529</strong><br />(+18 for winning)\n|raw|newlandosrock's rating: 1469 &rarr; <strong>1451</strong><br />(-18 for losing)\n|l|\u2606newlandosrock\n|player|p2|\n|l|\u2606Pokemonst3r\n|player|p1|\n","uploadtime":1773660523,"views":13,"formatid":"gen9vgc2026regi","rating":1451,"private":0,"password":null}