{"id":"gen9vgc2026regi-2551841710","format":"[Gen 9] VGC 2026 Reg I","players":["Pokemonst3r","Cello L."],"log":"|j|\u2606Pokemonst3r\n|j|\u2606Cello L.\n|t:|1772649774\n|gametype|doubles\n|player|p1|Pokemonst3r|266|1495\n|player|p2|Cello L.|psychic-gen4|1505\n|gen|9\n|tier|[Gen 9] VGC 2026 Reg I\n|rated|\n|rule|Species Clause: Limit one of each Pok\u00e9mon\n|rule|Item Clause: Limit 1 of each item\n|clearpoke\n|poke|p1|Chien-Pao, L50|\n|poke|p1|Calyrex-Shadow, L50|\n|poke|p1|Dondozo, L50, F|\n|poke|p1|Zamazenta-*, L50|\n|poke|p1|Dragonite, L50, M|\n|poke|p1|Tatsugiri, L50, M|\n|poke|p2|Kyogre, L50|\n|poke|p2|Calyrex-Ice, L50|\n|poke|p2|Flutter Mane, L50|\n|poke|p2|Basculegion, L50, M|\n|poke|p2|Amoonguss, L50, F|\n|poke|p2|Grimmsnarl, L50, M|\n|teampreview|4\n|inactive|Battle timer is ON: inactive players will automatically lose when time's up. (requested by Pokemonst3r)\n|inactive|Pokemonst3r has 60 seconds left.\n|\n|t:|1772649817\n|teamsize|p1|4\n|teamsize|p2|4\n|start\n|switch|p1a: Dondozo|Dondozo, L50, F|100/100\n|switch|p1b: Calyrex|Calyrex-Shadow, L50|100/100\n|switch|p2a: Calyrex|Calyrex-Ice, L50|100/100\n|switch|p2b: Grimmsnarl|Grimmsnarl, L50, M|100/100\n|-ability|p1b: Calyrex|As One\n|-ability|p1b: Calyrex|Unnerve\n|-ability|p2a: Calyrex|As One\n|-ability|p2a: Calyrex|Unnerve\n|turn|1\n|inactive|Cello L. has 30 seconds left.\n|\n|t:|1772649845\n|move|p2a: Calyrex|Protect|p2a: Calyrex\n|-singleturn|p2a: Calyrex|Protect\n|move|p2b: Grimmsnarl|Reflect|p2b: Grimmsnarl\n|-sidestart|p2: Cello L.|Reflect\n|move|p1b: Calyrex|Trick|p2a: Calyrex\n|-activate|p2a: Calyrex|move: Protect\n|move|p1a: Dondozo|Substitute|p1a: Dondozo\n|-start|p1a: Dondozo|Substitute\n|-damage|p1a: Dondozo|75/100\n|\n|-heal|p1a: Dondozo|82/100|[from] item: Leftovers\n|upkeep\n|turn|2\n|inactive|Cello L. has 30 seconds left.\n|inactive|Cello L. has 20 seconds left.\n|inactive|Cello L. has 15 seconds left.\n|inactive|Cello L. has 10 seconds left.\n|\n|t:|1772649895\n|switch|p1b: Tatsugiri|Tatsugiri, L50, M|100/100\n|-activate|p1b: Tatsugiri|ability: Commander|[of] p1a: Dondozo\n|-boost|p1a: Dondozo|atk|2\n|-boost|p1a: Dondozo|spa|2\n|-boost|p1a: Dondozo|spe|2\n|-boost|p1a: Dondozo|def|2\n|-boost|p1a: Dondozo|spd|2\n|switch|p2a: Kyogre|Kyogre, L50|100/100\n|-weather|RainDance|[from] ability: Drizzle|[of] p2a: Kyogre\n|move|p2b: Grimmsnarl|Light Screen|p2b: Grimmsnarl\n|-sidestart|p2: Cello L.|move: Light Screen\n|move|p1a: Dondozo|Order Up|p2a: Kyogre\n|-damage|p2a: Kyogre|71/100\n|-boost|p1a: Dondozo|atk|1\n|\n|-weather|RainDance|[upkeep]\n|-heal|p1a: Dondozo|88/100|[from] item: Leftovers\n|upkeep\n|turn|3\n|\n|t:|1772649919\n|move|p2a: Kyogre|Water Spout|p1a: Dondozo|[spread] p1a\n|-miss|p2a: Kyogre|p1b: Tatsugiri\n|-resisted|p1a: Dondozo\n|-activate|p1a: Dondozo|move: Substitute|[damage]\n|move|p1a: Dondozo|Order Up|p2a: Kyogre\n|-damage|p2a: Kyogre|29/100\n|-boost|p1a: Dondozo|atk|1\n|move|p2b: Grimmsnarl|Spirit Break|p1a: Dondozo\n|-end|p1a: Dondozo|Substitute\n|\n|-weather|RainDance|[upkeep]\n|-heal|p1a: Dondozo|94/100|[from] item: Leftovers\n|upkeep\n|turn|4\n|\n|t:|1772649934\n|switch|p2a: Calyrex|Calyrex-Ice, L50|100/100\n|-ability|p2a: Calyrex|As One\n|-ability|p2a: Calyrex|Unnerve\n|move|p2b: Grimmsnarl|Thunder Wave|p1a: Dondozo|[miss]\n|-miss|p2b: Grimmsnarl|p1a: Dondozo\n|move|p1a: Dondozo|Order Up|p2a: Calyrex\n|-damage|p2a: Calyrex|74/100\n|-boost|p1a: Dondozo|atk|1\n|\n|-weather|RainDance|[upkeep]\n|-heal|p1a: Dondozo|100/100|[from] item: Leftovers\n|-heal|p2a: Calyrex|80/100|[from] item: Leftovers\n|upkeep\n|turn|5\n|\n|t:|1772649953\n|-terastallize|p2a: Calyrex|Fairy\n|move|p2b: Grimmsnarl|Thunder Wave|p1a: Dondozo\n|-status|p1a: Dondozo|par\n|move|p2a: Calyrex|Leech Seed|p1a: Dondozo\n|-start|p1a: Dondozo|move: Leech Seed\n|move|p1a: Dondozo|Substitute|p1a: Dondozo\n|-start|p1a: Dondozo|Substitute\n|-damage|p1a: Dondozo|75/100 par\n|\n|-weather|RainDance|[upkeep]\n|-heal|p2a: Calyrex|86/100|[from] item: Leftovers\n|-heal|p1a: Dondozo|82/100 par|[from] item: Leftovers\n|-damage|p1a: Dondozo|69/100 par|[from] Leech Seed|[of] p2a: Calyrex\n|-heal|p2a: Calyrex|100/100|[silent]\n|upkeep\n|turn|6\n|\n|t:|1772649968\n|move|p2b: Grimmsnarl|Spirit Break|p1a: Dondozo\n|-activate|p1a: Dondozo|move: Substitute|[damage]\n|move|p2a: Calyrex|Glacial Lance|p1b: Tatsugiri|[spread] p1a\n|-miss|p2a: Calyrex|p1b: Tatsugiri\n|-resisted|p1a: Dondozo\n|-activate|p1a: Dondozo|move: Substitute|[damage]\n|move|p1a: Dondozo|Earthquake|p2b: Grimmsnarl|[spread] p2a,p2b\n|-miss|p1a: Dondozo|p1b: Tatsugiri\n|-damage|p2a: Calyrex|73/100\n|-damage|p2b: Grimmsnarl|51/100\n|\n|-weather|none\n|-heal|p2a: Calyrex|79/100|[from] item: Leftovers\n|-heal|p1a: Dondozo|75/100 par|[from] item: Leftovers\n|-damage|p1a: Dondozo|63/100 par|[from] Leech Seed|[of] p2a: Calyrex\n|-heal|p2a: Calyrex|94/100|[silent]\n|upkeep\n|turn|7\n|\n|t:|1772649986\n|move|p2b: Grimmsnarl|Spirit Break|p1a: Dondozo\n|-end|p1a: Dondozo|Substitute\n|move|p2a: Calyrex|Glacial Lance|p1a: Dondozo|[spread] p1a\n|-miss|p2a: Calyrex|p1b: Tatsugiri\n|-resisted|p1a: Dondozo\n|-damage|p1a: Dondozo|55/100 par\n|move|p1a: Dondozo|Earthquake|p2b: Grimmsnarl|[spread] p2a,p2b\n|-miss|p1a: Dondozo|p1b: Tatsugiri\n|-damage|p2a: Calyrex|63/100\n|-damage|p2b: Grimmsnarl|2/100\n|\n|-heal|p2a: Calyrex|69/100|[from] item: Leftovers\n|-heal|p1a: Dondozo|61/100 par|[from] item: Leftovers\n|-damage|p1a: Dondozo|49/100 par|[from] Leech Seed|[of] p2a: Calyrex\n|-heal|p2a: Calyrex|84/100|[silent]\n|upkeep\n|turn|8\n|\n|t:|1772650009\n|move|p2b: Grimmsnarl|Spirit Break|p1a: Dondozo\n|-damage|p1a: Dondozo|40/100 par\n|-unboost|p1a: Dondozo|spa|1\n|move|p2a: Calyrex|Glacial Lance|p1a: Dondozo|[spread] p1a\n|-miss|p2a: Calyrex|p1b: Tatsugiri\n|-resisted|p1a: Dondozo\n|-damage|p1a: Dondozo|31/100 par\n|move|p1a: Dondozo|Earthquake|p2a: Calyrex|[spread] p2a,p2b\n|-miss|p1a: Dondozo|p1b: Tatsugiri\n|-damage|p2a: Calyrex|57/100\n|-damage|p2b: Grimmsnarl|0 fnt\n|faint|p2b: Grimmsnarl\n|\n|-heal|p2a: Calyrex|62/100|[from] item: Leftovers\n|-heal|p1a: Dondozo|38/100 par|[from] item: Leftovers\n|-damage|p1a: Dondozo|25/100 par|[from] Leech Seed|[of] p2a: Calyrex\n|-heal|p2a: Calyrex|78/100|[silent]\n|-sideend|p2: Cello L.|Reflect\n|upkeep\n|\n|t:|1772650025\n|switch|p2b: Kyogre|Kyogre, L50|29/100\n|-weather|RainDance|[from] ability: Drizzle|[of] p2b: Kyogre\n|turn|9\n|\n|t:|1772650033\n|move|p2b: Kyogre|Origin Pulse|p1a: Dondozo|[spread] p1a\n|-miss|p2b: Kyogre|p1b: Tatsugiri\n|-resisted|p1a: Dondozo\n|-damage|p1a: Dondozo|6/100 par\n|move|p2a: Calyrex|Glacial Lance|p1a: Dondozo|[spread] p1a\n|-miss|p2a: Calyrex|p1b: Tatsugiri\n|-resisted|p1a: Dondozo\n|-damage|p1a: Dondozo|0 fnt\n|faint|p1a: Dondozo\n|-ability|p2a: Calyrex|Chilling Neigh|boost\n|-boost|p2a: Calyrex|atk|1\n|\n|-weather|RainDance|[upkeep]\n|-heal|p2a: Calyrex|84/100|[from] item: Leftovers\n|-sideend|p2: Cello L.|move: Light Screen\n|upkeep\n|\n|t:|1772650045\n|switch|p1a: Zamazenta|Zamazenta-Crowned, L50|100/100\n|-ability|p1a: Zamazenta|Dauntless Shield|boost\n|-boost|p1a: Zamazenta|def|1\n|turn|10\n|\n|t:|1772650057\n|switch|p2b: Basculegion|Basculegion, L50, M|100/100\n|move|p1a: Zamazenta|Behemoth Bash|p2a: Calyrex\n|-supereffective|p2a: Calyrex\n|-damage|p2a: Calyrex|33/100\n|move|p1b: Tatsugiri|Muddy Water|p2b: Basculegion|[spread] p2a\n|-miss|p1b: Tatsugiri|p2b: Basculegion\n|-damage|p2a: Calyrex|4/100\n|move|p2a: Calyrex|Leech Seed|p1a: Zamazenta\n|-start|p1a: Zamazenta|move: Leech Seed\n|\n|-weather|RainDance|[upkeep]\n|-heal|p2a: Calyrex|10/100|[from] item: Leftovers\n|-damage|p1a: Zamazenta|88/100|[from] Leech Seed|[of] p2a: Calyrex\n|-heal|p2a: Calyrex|21/100|[silent]\n|upkeep\n|turn|11\n|inactive|Cello L. has 30 seconds left.\n|\n|t:|1772650086\n|move|p1a: Zamazenta|Protect|p1a: Zamazenta\n|-singleturn|p1a: Zamazenta|Protect\n|move|p2a: Calyrex|Protect|p2a: Calyrex\n|-singleturn|p2a: Calyrex|Protect\n|move|p2b: Basculegion|Last Respects|p1b: Tatsugiri\n|-damage|p1b: Tatsugiri|0 fnt\n|faint|p1b: Tatsugiri\n|-damage|p2b: Basculegion|91/100|[from] item: Life Orb\n|\n|-weather|RainDance|[upkeep]\n|-heal|p2a: Calyrex|27/100|[from] item: Leftovers\n|-damage|p1a: Zamazenta|76/100|[from] Leech Seed|[of] p2a: Calyrex\n|-heal|p2a: Calyrex|37/100|[silent]\n|upkeep\n|\n|t:|1772650098\n|switch|p1b: Calyrex|Calyrex-Shadow, L50|100/100\n|-ability|p1b: Calyrex|As One\n|-ability|p1b: Calyrex|Unnerve\n|turn|12\n|\n|t:|1772650111\n|-terastallize|p1b: Calyrex|Ghost\n|move|p1b: Calyrex|Astral Barrage|p2a: Calyrex|[spread] p2a,p2b\n|-supereffective|p2b: Basculegion\n|-damage|p2a: Calyrex|0 fnt\n|-damage|p2b: Basculegion|0 fnt\n|faint|p2a: Calyrex\n|faint|p2b: Basculegion\n|-ability|p1b: Calyrex|Grim Neigh|boost\n|-boost|p1b: Calyrex|spa|2\n|move|p1a: Zamazenta|Behemoth Bash|p2: Calyrex|[notarget]\n|-fail|p1a: Zamazenta\n|\n|-weather|RainDance|[upkeep]\n|upkeep\n|-message|Cello L. forfeited.\n|\n|win|Pokemonst3r\n|raw|Pokemonst3r's rating: 1495 &rarr; <strong>1516</strong><br />(+21 for winning)\n|raw|Cello L.'s rating: 1505 &rarr; <strong>1484</strong><br />(-21 for losing)\n|l|\u2606Pokemonst3r\n|player|p1|\n|l|\u2606Cello L.\n|player|p2|\n","uploadtime":1772650133,"views":14,"formatid":"gen9vgc2026regi","rating":1484,"private":0,"password":null}