{"id":"gen9vgc2026regi-2542079299","format":"[Gen 9] VGC 2026 Reg I","players":["Wjkelly89","j0l0k0"],"log":"|j|\u203dWjkelly89\n|j|\u2606j0l0k0\n|t:|1771410982\n|gametype|doubles\n|player|p1|Wjkelly89|crasherwake|1297\n|player|p2|j0l0k0|brycen|1384\n|gen|9\n|tier|[Gen 9] VGC 2026 Reg I\n|rated|\n|rule|Species Clause: Limit one of each Pok\u00e9mon\n|rule|Item Clause: Limit 1 of each item\n|clearpoke\n|poke|p1|Incineroar, L50, F|\n|poke|p1|Calyrex-Ice, L50|\n|poke|p1|Dusclops, L50, F|\n|poke|p1|Rillaboom, L50, M|\n|poke|p1|Walking Wake, L50|\n|poke|p1|Grimmsnarl, L50, M|\n|poke|p2|Calyrex-Ice, L50|\n|poke|p2|Kyogre, L50|\n|poke|p2|Indeedee-F, L50, F|\n|poke|p2|Urshifu-*, L50, F|\n|poke|p2|Amoonguss, L50, F|\n|poke|p2|Landorus, L50, M|\n|teampreview|4\n|inactive|Battle timer is ON: inactive players will automatically lose when time's up. (requested by j0l0k0)\n|inactive|Wjkelly89 has 60 seconds left.\n|\n|t:|1771411017\n|teamsize|p1|4\n|teamsize|p2|4\n|start\n|switch|p1a: Dusclops|Dusclops, L50, F|100/100\n|switch|p1b: Incineroar|Incineroar, L50, F|100/100\n|switch|p2a: Kyogre|Kyogre, L50, shiny|100/100\n|switch|p2b: Indeedee|Indeedee-F, L50, F, shiny|100/100\n|-fieldstart|move: Psychic Terrain|[from] ability: Psychic Surge|[of] p2b: Indeedee\n|-weather|RainDance|[from] ability: Drizzle|[of] p2a: Kyogre\n|-ability|p1b: Incineroar|Intimidate|boost\n|-unboost|p2a: Kyogre|atk|1\n|-unboost|p2b: Indeedee|atk|1\n|-item|p2a: Kyogre|Assault Vest|[from] ability: Frisk|[of] p1a: Dusclops\n|-item|p2b: Indeedee|Safety Goggles|[from] ability: Frisk|[of] p1a: Dusclops\n|turn|1\n|\n|t:|1771411028\n|switch|p1a: Rillaboom|Rillaboom, L50, M|100/100\n|-fieldstart|move: Grassy Terrain|[from] ability: Grassy Surge|[of] p1a: Rillaboom\n|move|p2b: Indeedee|Helping Hand|p2a: Kyogre\n|-singleturn|p2a: Kyogre|Helping Hand|[of] p2b: Indeedee\n|move|p1b: Incineroar|Fake Out|p2a: Kyogre\n|-damage|p2a: Kyogre|86/100\n|cant|p2a: Kyogre|flinch\n|\n|-weather|RainDance|[upkeep]\n|-heal|p2a: Kyogre|92/100|[from] Grassy Terrain\n|upkeep\n|turn|2\n|\n|t:|1771411049\n|-terastallize|p2a: Kyogre|Grass\n|move|p2b: Indeedee|Helping Hand|p2a: Kyogre\n|-singleturn|p2a: Kyogre|Helping Hand|[of] p2b: Indeedee\n|move|p1a: Rillaboom|Fake Out|p2a: Kyogre\n|-damage|p2a: Kyogre|77/100\n|cant|p2a: Kyogre|flinch\n|move|p1b: Incineroar|Parting Shot|p2a: Kyogre\n|-unboost|p2a: Kyogre|atk|1\n|-unboost|p2a: Kyogre|spa|1\n|\n|t:|1771411061\n|switch|p1b: Dusclops|Dusclops, L50, F|100/100|[from] Parting Shot\n|-item|p2a: Kyogre|Assault Vest|[from] ability: Frisk|[of] p1b: Dusclops\n|-item|p2b: Indeedee|Safety Goggles|[from] ability: Frisk|[of] p1b: Dusclops\n|\n|-weather|RainDance|[upkeep]\n|-heal|p2a: Kyogre|83/100|[from] Grassy Terrain\n|upkeep\n|turn|3\n|\n|t:|1771411074\n|switch|p2a: Urshifu|Urshifu, L50, F|100/100\n|move|p2b: Indeedee|Follow Me|p2b: Indeedee\n|-singleturn|p2b: Indeedee|move: Follow Me\n|move|p1a: Rillaboom|Knock Off|p2b: Indeedee\n|-supereffective|p2b: Indeedee\n|-damage|p2b: Indeedee|13/100\n|-enditem|p2b: Indeedee|Safety Goggles|[from] move: Knock Off|[of] p1a: Rillaboom\n|move|p1b: Dusclops|Trick Room|p1b: Dusclops\n|-fieldstart|move: Trick Room|[of] p1b: Dusclops\n|\n|-weather|RainDance|[upkeep]\n|-heal|p2b: Indeedee|20/100|[from] Grassy Terrain\n|upkeep\n|turn|4\n|\n|t:|1771411091\n|move|p2b: Indeedee|Follow Me|p2b: Indeedee\n|-singleturn|p2b: Indeedee|move: Follow Me\n|move|p1b: Dusclops|Will-O-Wisp|p2b: Indeedee\n|-status|p2b: Indeedee|brn\n|move|p1a: Rillaboom|Wood Hammer|p2b: Indeedee\n|-damage|p2b: Indeedee|0 fnt\n|faint|p2b: Indeedee\n|-damage|p1a: Rillaboom|95/100|[from] Recoil\n|move|p2a: Urshifu|Wicked Blow|p1b: Dusclops\n|-supereffective|p1b: Dusclops\n|-crit|p1b: Dusclops\n|-damage|p1b: Dusclops|31/100\n|\n|-weather|RainDance|[upkeep]\n|-heal|p1b: Dusclops|37/100|[from] Grassy Terrain\n|-heal|p1a: Rillaboom|100/100|[from] Grassy Terrain\n|upkeep\n|\n|t:|1771411103\n|switch|p2b: Calyrex|Calyrex-Ice, L50|100/100\n|-ability|p2b: Calyrex|As One\n|-ability|p2b: Calyrex|Unnerve\n|turn|5\n|\n|t:|1771411126\n|switch|p2b: Kyogre|Kyogre, L50, shiny, tera:Grass|83/100\n|switch|p1a: Incineroar|Incineroar, L50, F|100/100\n|-ability|p1a: Incineroar|Intimidate|boost\n|-unboost|p2a: Urshifu|atk|1\n|-unboost|p2b: Kyogre|atk|1\n|move|p1b: Dusclops|Pain Split|p2b: Kyogre\n|-sethp|p2b: Kyogre|53/100|[from] move: Pain Split|[silent]\n|-sethp|p1b: Dusclops|83/100|[from] move: Pain Split\n|move|p2a: Urshifu|Wicked Blow|p1b: Dusclops\n|-supereffective|p1b: Dusclops\n|-crit|p1b: Dusclops\n|-damage|p1b: Dusclops|15/100\n|\n|-weather|none\n|-heal|p1b: Dusclops|21/100|[from] Grassy Terrain\n|-heal|p2b: Kyogre|59/100|[from] Grassy Terrain\n|-fieldend|move: Grassy Terrain\n|upkeep\n|turn|6\n|\n|t:|1771411146\n|move|p1b: Dusclops|Pain Split|p2a: Urshifu\n|-sethp|p2a: Urshifu|58/100|[from] move: Pain Split|[silent]\n|-sethp|p1b: Dusclops|77/100|[from] move: Pain Split\n|move|p1a: Incineroar|Flare Blitz|p2b: Kyogre\n|-supereffective|p2b: Kyogre\n|-damage|p2b: Kyogre|0 fnt\n|faint|p2b: Kyogre\n|-damage|p1a: Incineroar|81/100|[from] Recoil\n|move|p2a: Urshifu|Wicked Blow|p1b: Dusclops\n|-supereffective|p1b: Dusclops\n|-crit|p1b: Dusclops\n|-damage|p1b: Dusclops|0 fnt\n|faint|p1b: Dusclops\n|\n|upkeep\n|\n|t:|1771411159\n|switch|p1b: Calyrex|Calyrex-Ice, L50|100/100\n|switch|p2b: Calyrex|Calyrex-Ice, L50|100/100\n|-ability|p1b: Calyrex|As One\n|-ability|p1b: Calyrex|Unnerve\n|-ability|p2b: Calyrex|As One\n|-ability|p2b: Calyrex|Unnerve\n|turn|7\n|inactive|Wjkelly89 has 30 seconds left.\n|\n|t:|1771411185\n|move|p2a: Urshifu|Protect|p2a: Urshifu\n|-singleturn|p2a: Urshifu|Protect\n|move|p1b: Calyrex|Glacial Lance|p2b: Calyrex|[spread] p2b\n|-activate|p2a: Urshifu|move: Protect\n|-resisted|p2b: Calyrex\n|-damage|p2b: Calyrex|82/100\n|move|p2b: Calyrex|Close Combat|p1a: Incineroar\n|-supereffective|p1a: Incineroar\n|-damage|p1a: Incineroar|0 fnt\n|-unboost|p2b: Calyrex|def|1\n|-unboost|p2b: Calyrex|spd|1\n|faint|p1a: Incineroar\n|-ability|p2b: Calyrex|Chilling Neigh|boost\n|-boost|p2b: Calyrex|atk|1\n|\n|-fieldend|move: Trick Room\n|upkeep\n|\n|t:|1771411195\n|switch|p1a: Rillaboom|Rillaboom, L50, M|100/100\n|-fieldstart|move: Grassy Terrain|[from] ability: Grassy Surge|[of] p1a: Rillaboom\n|turn|8\n|\n|t:|1771411205\n|-terastallize|p1b: Calyrex|Ice\n|move|p1a: Rillaboom|Fake Out|p2a: Urshifu\n|-damage|p2a: Urshifu|44/100\n|cant|p2a: Urshifu|flinch\n|move|p2b: Calyrex|Glacial Lance|p1a: Rillaboom|[spread] p1a,p1b\n|-supereffective|p1a: Rillaboom\n|-resisted|p1b: Calyrex\n|-damage|p1a: Rillaboom|0 fnt\n|-damage|p1b: Calyrex|72/100\n|faint|p1a: Rillaboom\n|-ability|p2b: Calyrex|Chilling Neigh|boost\n|-boost|p2b: Calyrex|atk|1\n|move|p1b: Calyrex|Glacial Lance|p2a: Urshifu|[spread] p2a,p2b\n|-resisted|p2b: Calyrex\n|-damage|p2a: Urshifu|0 fnt\n|-damage|p2b: Calyrex|45/100\n|faint|p2a: Urshifu\n|-ability|p1b: Calyrex|Chilling Neigh|boost\n|-boost|p1b: Calyrex|atk|1\n|\n|-heal|p1b: Calyrex|78/100|[from] Grassy Terrain\n|-heal|p2b: Calyrex|51/100|[from] Grassy Terrain\n|upkeep\n|turn|9\n|\n|t:|1771411222\n|move|p2b: Calyrex|Close Combat|p1b: Calyrex\n|-supereffective|p1b: Calyrex\n|-damage|p1b: Calyrex|0 fnt\n|-unboost|p2b: Calyrex|def|1\n|-unboost|p2b: Calyrex|spd|1\n|faint|p1b: Calyrex\n|\n|win|j0l0k0\n|raw|Wjkelly89's rating: 1297 &rarr; <strong>1278</strong><br />(-19 for losing)\n|raw|j0l0k0's rating: 1384 &rarr; <strong>1399</strong><br />(+15 for winning)\n|l|\u203dWjkelly89\n|player|p1|\n|l|\u2606j0l0k0\n|player|p2|\n","uploadtime":1771411397,"views":12,"formatid":"gen9vgc2026regi","rating":1278,"private":0,"password":null}