{"id":"gen9vgc2026regi-2586755109","format":"[Gen 9] VGC 2026 Reg I","players":["T4atguy","castiel123"],"log":"|j|\u2606T4atguy\n|j|\u2606castiel123\n|t:|1776457334\n|gametype|doubles\n|player|p1|T4atguy|pokemaniac|1273\n|player|p2|castiel123|102|1282\n|gen|9\n|tier|[Gen 9] VGC 2026 Reg I\n|rated|\n|rule|Species Clause: Limit one of each Pok\u00e9mon\n|rule|Item Clause: Limit 1 of each item\n|clearpoke\n|poke|p1|Kyogre, L50|\n|poke|p1|Tornadus, L50, M|\n|poke|p1|Volcarona, L50, M|\n|poke|p1|Rillaboom, L50, M|\n|poke|p1|Overqwil, L50, M|\n|poke|p1|Landorus, L50, M|\n|poke|p2|Zamazenta-*, L50|\n|poke|p2|Annihilape, L50, M|\n|poke|p2|Whimsicott, L50, M|\n|poke|p2|Flutter Mane, L50|\n|poke|p2|Amoonguss, L50, F|\n|poke|p2|Terapagos, L50, M|\n|teampreview|4\n|inactive|Battle timer is ON: inactive players will automatically lose when time's up. (requested by T4atguy)\n|inactive|T4atguy has 60 seconds left.\n|\n|t:|1776457370\n|teamsize|p1|4\n|teamsize|p2|4\n|start\n|switch|p1a: Landorus|Landorus, L50, M|100/100\n|switch|p1b: Tornadus|Tornadus, L50, M|100/100\n|switch|p2a: Whimsicott|Whimsicott, L50, M|100/100\n|switch|p2b: Annihilape|Annihilape, L50, M|100/100\n|turn|1\n|\n|t:|1776457394\n|move|p2a: Whimsicott|Tailwind|p2a: Whimsicott\n|-sidestart|p2: castiel123|move: Tailwind\n|move|p1b: Tornadus|Tailwind|p1b: Tornadus\n|-sidestart|p1: T4atguy|move: Tailwind\n|move|p2b: Annihilape|Final Gambit|p1a: Landorus\n|-damage|p1a: Landorus|0 fnt\n|faint|p2b: Annihilape\n|faint|p1a: Landorus\n|\n|upkeep\n|\n|t:|1776457409\n|switch|p2b: Terapagos|Terapagos, L50, M|100/100\n|switch|p1a: Overqwil|Overqwil, L50, M|100/100\n|-activate|p2b: Terapagos|ability: Tera Shift\n|detailschange|p2b: Terapagos|Terapagos-Terastal, L50, M\n|-heal|p2b: Terapagos|100/100|[silent]\n|turn|2\n|inactive|T4atguy has 30 seconds left.\n|inactive|T4atguy has 20 seconds left.\n|inactive|T4atguy has 15 seconds left.\n|inactive|T4atguy has 10 seconds left.\n|inactive|T4atguy has 5 seconds left.\n|\n|t:|1776457464\n|switch|p2a: Zamazenta|Zamazenta-Crowned, L50|100/100\n|-ability|p2a: Zamazenta|Dauntless Shield|boost\n|-boost|p2a: Zamazenta|def|1\n|move|p1a: Overqwil|Gunk Shot|p2a: Zamazenta\n|-immune|p2a: Zamazenta\n|move|p1b: Tornadus|Bleakwind Storm|p2b: Terapagos|[spread] \n|-miss|p1b: Tornadus|p2a: Zamazenta\n|-miss|p1b: Tornadus|p2b: Terapagos\n|move|p2b: Terapagos|Calm Mind|p2b: Terapagos\n|-boost|p2b: Terapagos|spa|1\n|-boost|p2b: Terapagos|spd|1\n|\n|upkeep\n|turn|3\n|\n|t:|1776457485\n|switch|p1b: Kyogre|Kyogre, L50|100/100\n|-weather|RainDance|[from] ability: Drizzle|[of] p1b: Kyogre\n|move|p2a: Zamazenta|Wide Guard|p2a: Zamazenta\n|-singleturn|p2a: Zamazenta|Wide Guard\n|move|p1a: Overqwil|Gunk Shot|p2b: Terapagos\n|-activate|p2b: Terapagos|ability: Tera Shell\n|-resisted|p2b: Terapagos\n|-damage|p2b: Terapagos|77/100\n|-status|p2b: Terapagos|psn\n|-damage|p1a: Overqwil|91/100|[from] item: Life Orb\n|move|p2b: Terapagos|Calm Mind|p2b: Terapagos\n|-boost|p2b: Terapagos|spa|1\n|-boost|p2b: Terapagos|spd|1\n|\n|-weather|RainDance|[upkeep]\n|-heal|p2b: Terapagos|83/100 psn|[from] item: Leftovers\n|-damage|p2b: Terapagos|70/100 psn|[from] psn\n|upkeep\n|turn|4\n|\n|t:|1776457509\n|-terastallize|p2b: Terapagos|Stellar\n|detailschange|p2b: Terapagos|Terapagos-Stellar, L50, M, tera:Stellar\n|-heal|p2b: Terapagos|78/100 psn|[silent]\n|-ability|p2b: Terapagos|Teraform Zero\n|-weather|none\n|move|p1a: Overqwil|Protect|p1a: Overqwil\n|-singleturn|p1a: Overqwil|Protect\n|move|p2a: Zamazenta|Wide Guard|p2a: Zamazenta\n|-singleturn|p2a: Zamazenta|Wide Guard\n|move|p1b: Kyogre|Water Spout|p2b: Terapagos|[spread] \n|-activate|p2a: Zamazenta|move: Wide Guard\n|-activate|p2b: Terapagos|move: Wide Guard\n|move|p2b: Terapagos|Tera Starstorm|p1b: Kyogre|[spread] p1b\n|-activate|p1a: Overqwil|move: Protect\n|-damage|p1b: Kyogre|56/100\n|\n|-heal|p2b: Terapagos|84/100 psn|[from] item: Leftovers\n|-damage|p2b: Terapagos|71/100 psn|[from] psn\n|-sideend|p2: castiel123|move: Tailwind\n|-sideend|p1: T4atguy|move: Tailwind\n|upkeep\n|turn|5\n|inactive|T4atguy has 30 seconds left.\n|\n|t:|1776457540\n|move|p2a: Zamazenta|Wide Guard|p2a: Zamazenta\n|-singleturn|p2a: Zamazenta|Wide Guard\n|move|p1a: Overqwil|Acid Spray|p2b: Terapagos\n|-damage|p2b: Terapagos|67/100 psn\n|-unboost|p2b: Terapagos|spd|2\n|-damage|p1a: Overqwil|81/100|[from] item: Life Orb\n|move|p1b: Kyogre|Hydro Pump|p2b: Terapagos\n|-damage|p2b: Terapagos|17/100 psn\n|move|p2b: Terapagos|Tera Starstorm|p1a: Overqwil|[spread] p1a,p1b\n|-damage|p1a: Overqwil|0 fnt\n|-damage|p1b: Kyogre|12/100\n|faint|p1a: Overqwil\n|\n|-heal|p2b: Terapagos|23/100 psn|[from] item: Leftovers\n|-damage|p2b: Terapagos|11/100 psn|[from] psn\n|upkeep\n|\n|t:|1776457559\n|switch|p1a: Tornadus|Tornadus, L50, M|100/100\n|turn|6\n|\n|t:|1776457569\n|move|p1b: Kyogre|Protect|p1b: Kyogre\n|-singleturn|p1b: Kyogre|Protect\n|move|p2b: Terapagos|Protect|p2b: Terapagos\n|-singleturn|p2b: Terapagos|Protect\n|move|p1a: Tornadus|Rain Dance|p1a: Tornadus\n|-weather|RainDance\n|move|p2a: Zamazenta|Body Press|p1b: Kyogre\n|-activate|p1b: Kyogre|move: Protect\n|\n|-weather|RainDance|[upkeep]\n|-heal|p2b: Terapagos|17/100 psn|[from] item: Leftovers\n|-damage|p2b: Terapagos|5/100 psn|[from] psn\n|upkeep\n|turn|7\n|\n|t:|1776457586\n|move|p2a: Zamazenta|Wide Guard|p2a: Zamazenta\n|-singleturn|p2a: Zamazenta|Wide Guard\n|move|p1a: Tornadus|Tailwind|p1a: Tornadus\n|-sidestart|p1: T4atguy|move: Tailwind\n|move|p1b: Kyogre|Water Spout|p2a: Zamazenta|[spread] \n|-activate|p2a: Zamazenta|move: Wide Guard\n|-activate|p2b: Terapagos|move: Wide Guard\n|move|p2b: Terapagos|Tera Starstorm|p1a: Tornadus|[spread] p1a,p1b\n|-damage|p1a: Tornadus|31/100\n|-damage|p1b: Kyogre|0 fnt\n|faint|p1b: Kyogre\n|\n|-weather|RainDance|[upkeep]\n|-heal|p2b: Terapagos|11/100 psn|[from] item: Leftovers\n|-damage|p2b: Terapagos|0 fnt|[from] psn\n|faint|p2b: Terapagos\n|detailschange|p2: Terapagos|Terapagos, L50, M|[silent]\n|upkeep\n|\n|t:|1776457594\n|switch|p2b: Whimsicott|Whimsicott, L50, M|100/100\n|turn|8\n|\n|t:|1776457610\n|move|p2b: Whimsicott|Sunny Day|p2b: Whimsicott\n|-weather|SunnyDay\n|move|p1a: Tornadus|Bleakwind Storm|p2a: Zamazenta|[spread] p2b\n|-miss|p1a: Tornadus|p2a: Zamazenta\n|-supereffective|p2b: Whimsicott\n|-damage|p2b: Whimsicott|6/100\n|move|p2a: Zamazenta|Iron Defense|p2a: Zamazenta\n|-boost|p2a: Zamazenta|def|2\n|\n|-weather|SunnyDay|[upkeep]\n|upkeep\n|turn|9\n|\n|t:|1776457632\n|move|p2a: Zamazenta|Wide Guard|p2a: Zamazenta\n|-singleturn|p2a: Zamazenta|Wide Guard\n|move|p1a: Tornadus|Bleakwind Storm|p2b: Whimsicott|[spread] \n|-activate|p2a: Zamazenta|move: Wide Guard\n|-activate|p2b: Whimsicott|move: Wide Guard\n|move|p2b: Whimsicott|Moonblast|p1a: Tornadus\n|-damage|p1a: Tornadus|0 fnt\n|faint|p1a: Tornadus\n|\n|win|castiel123\n|raw|T4atguy's rating: 1273 &rarr; <strong>1249</strong><br />(-24 for losing)\n|raw|castiel123's rating: 1282 &rarr; <strong>1306</strong><br />(+24 for winning)\n|l|\u2606castiel123\n|player|p2|\n|l|\u2606T4atguy\n|player|p1|\n","uploadtime":1776457809,"views":9,"formatid":"gen9vgc2026regi","rating":1249,"private":0,"password":null}