{"id":"gen9vgc2026regi-2569673610","format":"[Gen 9] VGC 2026 Reg I","players":["Kenobi_1","VJ2511"],"log":"|j|\u2606Kenobi_1\n|j|\u2606VJ2511\n|html|<table width=\"100%\"><tr><td align=\"left\">Kenobi_1</td><td align=\"right\">VJ2511</tr><tr><td align=\"left\"><i class=\"fa fa-circle\"></i> <i class=\"fa fa-circle-o\"></i> </td><td align=\"right\"><i class=\"fa fa-circle-o\"></i> <i class=\"fa fa-circle\"></i> </tr></table>\n|uhtml|bestof|<h2><strong>Game 3</strong> of <a href=\"/game-bestof3-gen9vgc2026regi-2569669837\">a best-of-3</a></h2>\n|t:|1774721797\n|gametype|doubles\n|player|p1|Kenobi_1|ash-alola|\n|player|p2|VJ2511|2|\n|gen|9\n|tier|[Gen 9] VGC 2026 Reg I\n|rule|Species Clause: Limit one of each Pok\u00e9mon\n|rule|Item Clause: Limit 1 of each item\n|raw|<div class=\"infobox\"><details class=\"readmore\" open><summary><strong>1 custom rule:</strong></summary> Best of = 3</details></div>\n|clearpoke\n|poke|p1|Calyrex-Shadow, L50|\n|poke|p1|Zamazenta-*, L50|\n|poke|p1|Smeargle, L50, M|\n|poke|p1|Tornadus, L50, M|\n|poke|p1|Rillaboom, L50, F|\n|poke|p1|Raging Bolt, L50|\n|poke|p2|Kyogre, L50|\n|poke|p2|Calyrex-Ice, L50|\n|poke|p2|Urshifu-*, L50, F|\n|poke|p2|Flutter Mane, L50|\n|poke|p2|Amoonguss, L50, F|\n|poke|p2|Rillaboom, L50, F|\n|teampreview|4\n|inactive|Battle timer is ON: inactive players will automatically lose when time's up. (requested by Kenobi_1)\nKenobi_1 has agreed to open team sheets.\n|\n|t:|1774721823\n|teamsize|p1|4\n|teamsize|p2|4\n|start\n|switch|p1a: Smeargle|Smeargle, L50, M|100/100\n|switch|p1b: Tornadus|Tornadus, L50, M|100/100\n|switch|p2a: Calyrex|Calyrex-Ice, L50|100/100\n|switch|p2b: Rillaboom|Rillaboom, L50, F|100/100\n|-ability|p2a: Calyrex|As One\n|-ability|p2a: Calyrex|Unnerve\n|-fieldstart|move: Grassy Terrain|[from] ability: Grassy Surge|[of] p2b: Rillaboom\n|turn|1\n|\n|t:|1774721848\n|move|p2b: Rillaboom|Fake Out|p1a: Smeargle\n|-damage|p1a: Smeargle|75/100\n|move|p1b: Tornadus|Tailwind|p1b: Tornadus\n|-sidestart|p1: Kenobi_1|move: Tailwind\n|cant|p1a: Smeargle|flinch\n|move|p2a: Calyrex|Glacial Lance|p1b: Tornadus|[spread] p1a,p1b\n|-supereffective|p1b: Tornadus\n|-damage|p1a: Smeargle|0 fnt\n|-damage|p1b: Tornadus|0 fnt\n|faint|p1a: Smeargle\n|faint|p1b: Tornadus\n|-ability|p2a: Calyrex|Chilling Neigh|boost\n|-boost|p2a: Calyrex|atk|2\n|\n|upkeep\n|\n|t:|1774721856\n|switch|p1a: Calyrex|Calyrex-Shadow, L50|100/100\n|switch|p1b: Raging Bolt|Raging Bolt, L50|100/100\n|-ability|p1a: Calyrex|As One\n|-ability|p1a: Calyrex|Unnerve\n|-enditem|p1b: Raging Bolt|Booster Energy\n|-activate|p1b: Raging Bolt|ability: Protosynthesis|[fromitem]\n|-start|p1b: Raging Bolt|protosynthesisspa\n|turn|2\n|\n|t:|1774721865\n|-terastallize|p1b: Raging Bolt|Electric\n|-terastallize|p2a: Calyrex|Fairy\n|move|p1a: Calyrex|Astral Barrage|p2b: Rillaboom|[spread] p2a,p2b\n|-damage|p2a: Calyrex|55/100\n|-damage|p2b: Rillaboom|55/100\n|-damage|p1a: Calyrex|91/100|[from] item: Life Orb\n|move|p1b: Raging Bolt|Thunderbolt|p2a: Calyrex\n|-damage|p2a: Calyrex|0 fnt\n|faint|p2a: Calyrex\n|move|p2b: Rillaboom|Wood Hammer|p1a: Calyrex\n|-damage|p1a: Calyrex|8/100\n|-damage|p2b: Rillaboom|28/100|[from] Recoil\n|\n|-heal|p1a: Calyrex|14/100|[from] Grassy Terrain\n|-heal|p2b: Rillaboom|34/100|[from] Grassy Terrain\n|upkeep\n|\n|t:|1774721880\n|switch|p2a: Amoonguss|Amoonguss, L50, F|100/100\n|turn|3\n|\n|t:|1774721894\n|move|p1a: Calyrex|Protect|p1a: Calyrex\n|-singleturn|p1a: Calyrex|Protect\n|move|p1b: Raging Bolt|Thunderclap|p2b: Rillaboom\n|-resisted|p2b: Rillaboom\n|-damage|p2b: Rillaboom|9/100\n|move|p2b: Rillaboom|Grassy Glide|p1a: Calyrex\n|-activate|p1a: Calyrex|move: Protect\n|move|p2a: Amoonguss|Spore|p1b: Raging Bolt\n|-status|p1b: Raging Bolt|slp|[from] move: Spore\n|\n|-heal|p1a: Calyrex|20/100|[from] Grassy Terrain\n|-heal|p2b: Rillaboom|15/100|[from] Grassy Terrain\n|upkeep\n|turn|4\n|inactive|Kenobi_1 has 30 seconds left.\n|inactive|Kenobi_1 has 20 seconds left.\n|\n|t:|1774721930\n|move|p1a: Calyrex|Protect||[still]\n|-fail|p1a: Calyrex\n|cant|p1b: Raging Bolt|slp\n|move|p2b: Rillaboom|Grassy Glide|p1a: Calyrex\n|-damage|p1a: Calyrex|0 fnt\n|faint|p1a: Calyrex\n|move|p2a: Amoonguss|Pollen Puff|p2b: Rillaboom\n|-heal|p2b: Rillaboom|64/100\n|\n|-heal|p2b: Rillaboom|70/100|[from] Grassy Terrain\n|-sideend|p1: Kenobi_1|move: Tailwind\n|upkeep\n|turn|5\n|\n|t:|1774721945\n|move|p2b: Rillaboom|Wood Hammer|p1b: Raging Bolt\n|-damage|p1b: Raging Bolt|40/100 slp\n|-damage|p2b: Rillaboom|48/100|[from] Recoil\n|cant|p1b: Raging Bolt|slp\n|move|p2a: Amoonguss|Pollen Puff|p2b: Rillaboom\n|-heal|p2b: Rillaboom|98/100\n|\n|-heal|p2b: Rillaboom|100/100|[from] Grassy Terrain\n|-heal|p1b: Raging Bolt|46/100 slp|[from] Grassy Terrain\n|-fieldend|move: Grassy Terrain\n|upkeep\n|turn|6\n|\n|t:|1774721964\n|switch|p2b: Kyogre|Kyogre, L50|100/100\n|-weather|RainDance|[from] ability: Drizzle|[of] p2b: Kyogre\n|cant|p1b: Raging Bolt|slp\n|move|p2a: Amoonguss|Pollen Puff|p1b: Raging Bolt\n|-damage|p1b: Raging Bolt|31/100 slp\n|\n|-weather|RainDance|[upkeep]\n|upkeep\n|turn|7\n|\n|t:|1774721975\n|move|p2b: Kyogre|Protect|p2b: Kyogre\n|-singleturn|p2b: Kyogre|Protect\n|-curestatus|p1b: Raging Bolt|slp|[msg]\n|move|p1b: Raging Bolt|Thunderclap||[still]\n|-fail|p1b: Raging Bolt\n|move|p2a: Amoonguss|Spore|p1b: Raging Bolt\n|-status|p1b: Raging Bolt|slp|[from] move: Spore\n|\n|-weather|RainDance|[upkeep]\n|upkeep\n|turn|8\n|\n|t:|1774721985\n|cant|p1b: Raging Bolt|slp\n|move|p2b: Kyogre|Water Spout|p1b: Raging Bolt\n|-damage|p1b: Raging Bolt|0 fnt\n|faint|p1b: Raging Bolt\n|-end|p1b: Raging Bolt|Protosynthesis|[silent]\n|\n|win|VJ2511\n","uploadtime":1774721990,"views":19,"formatid":"gen9vgc2026regi","rating":null,"private":0,"password":null}