{"id":"gen9vgc2026regi-2547551006","format":"[Gen 9] VGC 2026 Reg I","players":["gergef","Zorse Mentality"],"log":"|j|\u2606gergef\n|j|\u2606Zorse Mentality\n|t:|1772107417\n|gametype|doubles\n|player|p1|gergef|colress|1301\n|player|p2|Zorse Mentality|1|1379\n|gen|9\n|tier|[Gen 9] VGC 2026 Reg I\n|rated|\n|rule|Species Clause: Limit one of each Pok\u00e9mon\n|rule|Item Clause: Limit 1 of each item\n|clearpoke\n|poke|p1|Koraidon, L50|\n|poke|p1|Lunala, L50|\n|poke|p1|Flutter Mane, L50|\n|poke|p1|Chi-Yu, L50|\n|poke|p1|Ursaluna, L50, F|\n|poke|p1|Brute Bonnet, L50|\n|poke|p2|Calyrex-Shadow, L50|\n|poke|p2|Miraidon, L50|\n|poke|p2|Dondozo, L50, M|\n|poke|p2|Tatsugiri, L50, M|\n|poke|p2|Weezing-Galar, L50, F|\n|poke|p2|Raichu-Alola, L50, F|\n|teampreview|4\n|\n|t:|1772107452\n|teamsize|p1|4\n|teamsize|p2|4\n|start\n|switch|p1a: Koraidon|Koraidon, L50|100/100\n|switch|p1b: Flutter Mane|Flutter Mane, L50|100/100\n|switch|p2a: Raichu|Raichu-Alola, L50, F|100/100\n|switch|p2b: Miraidon|Miraidon, L50|100/100\n|-fieldstart|move: Electric Terrain|[from] ability: Hadron Engine|[of] p2b: Miraidon\n|-weather|SunnyDay|[from] ability: Orichalcum Pulse|[of] p1a: Koraidon\n|-activate|p1b: Flutter Mane|ability: Protosynthesis\n|-start|p1b: Flutter Mane|protosynthesisspe\n|-activate|p1a: Koraidon|Orichalcum Pulse|[source]\n|turn|1\n|\n|t:|1772107486\n|-terastallize|p2b: Miraidon|Electric\n|-terastallize|p1a: Koraidon|Fire\n|move|p2a: Raichu|Fake Out|p1a: Koraidon\n|-damage|p1a: Koraidon|93/100\n|move|p1b: Flutter Mane|Icy Wind|p2a: Raichu|[spread] p2a,p2b\n|-damage|p2a: Raichu|87/100\n|-damage|p2b: Miraidon|87/100\n|-unboost|p2a: Raichu|spe|1\n|-unboost|p2b: Miraidon|spe|1\n|cant|p1a: Koraidon|flinch\n|move|p2b: Miraidon|Volt Switch|p1b: Flutter Mane\n|-enditem|p1b: Flutter Mane|Focus Sash\n|-damage|p1b: Flutter Mane|1/100\n|-damage|p2b: Miraidon|78/100|[from] item: Life Orb\n|\n|t:|1772107503\n|switch|p2b: Dondozo|Dondozo, L50, M|100/100|[from] Volt Switch\n|\n|-weather|SunnyDay|[upkeep]\n|upkeep\n|turn|2\n|\n|t:|1772107524\n|-end|p1b: Flutter Mane|Protosynthesis|[silent]\n|switch|p1b: Brute Bonnet|Brute Bonnet, L50|100/100\n|-activate|p1b: Brute Bonnet|ability: Protosynthesis\n|-start|p1b: Brute Bonnet|protosynthesisdef\n|switch|p2a: Tatsugiri|Tatsugiri, L50, M|100/100\n|-activate|p2a: Tatsugiri|ability: Commander|[of] p2b: Dondozo\n|-boost|p2b: Dondozo|atk|2\n|-boost|p2b: Dondozo|spa|2\n|-boost|p2b: Dondozo|spe|2\n|-boost|p2b: Dondozo|def|2\n|-boost|p2b: Dondozo|spd|2\n|move|p1a: Koraidon|Close Combat|p2b: Dondozo\n|-damage|p2b: Dondozo|67/100\n|-unboost|p1a: Koraidon|def|1\n|-unboost|p1a: Koraidon|spd|1\n|-damage|p1a: Koraidon|77/100|[from] item: Rocky Helmet|[of] p2b: Dondozo\n|-damage|p1a: Koraidon|67/100|[from] item: Life Orb\n|move|p2b: Dondozo|Earthquake|p1a: Koraidon|[spread] p1a,p1b\n|-miss|p2b: Dondozo|p2a: Tatsugiri\n|-supereffective|p1a: Koraidon\n|-resisted|p1b: Brute Bonnet\n|-damage|p1a: Koraidon|8/100\n|-damage|p1b: Brute Bonnet|92/100\n|\n|-weather|SunnyDay|[upkeep]\n|upkeep\n|turn|3\n|\n|t:|1772107552\n|switch|p1a: Lunala|Lunala, L50|100/100\n|move|p2b: Dondozo|Order Up|p1b: Brute Bonnet\n|-damage|p1b: Brute Bonnet|73/100\n|-boost|p2b: Dondozo|atk|1\n|move|p1b: Brute Bonnet|Spore|p2b: Dondozo\n|-activate|p2b: Dondozo|move: Electric Terrain\n|\n|-weather|SunnyDay|[upkeep]\n|upkeep\n|turn|4\n|\n|t:|1772107571\n|move|p1a: Lunala|Wide Guard|p1a: Lunala\n|-singleturn|p1a: Lunala|Wide Guard\n|move|p2b: Dondozo|Order Up|p1a: Lunala\n|-damage|p1a: Lunala|80/100\n|-boost|p2b: Dondozo|atk|1\n|move|p1b: Brute Bonnet|Seed Bomb|p2b: Dondozo\n|-supereffective|p2b: Dondozo\n|-damage|p2b: Dondozo|45/100\n|\n|-weather|SunnyDay|[upkeep]\n|upkeep\n|turn|5\n|\n|t:|1772107584\n|move|p1a: Lunala|Meteor Beam||[still]\n|-prepare|p1a: Lunala|Meteor Beam\n|-boost|p1a: Lunala|spa|1\n|-enditem|p1a: Lunala|Power Herb\n|-anim|p1a: Lunala|Meteor Beam|p2b: Dondozo\n|-damage|p2b: Dondozo|27/100\n|move|p2b: Dondozo|Earthquake|p1a: Lunala|[spread] p1a,p1b\n|-miss|p2b: Dondozo|p2a: Tatsugiri\n|-resisted|p1b: Brute Bonnet\n|-damage|p1a: Lunala|39/100\n|-damage|p1b: Brute Bonnet|61/100\n|move|p1b: Brute Bonnet|Seed Bomb|p2b: Dondozo\n|-supereffective|p2b: Dondozo\n|-damage|p2b: Dondozo|6/100\n|\n|-weather|none\n|-end|p1b: Brute Bonnet|Protosynthesis\n|-fieldend|move: Electric Terrain\n|upkeep\n|turn|6\n|\n|t:|1772107604\n|move|p1a: Lunala|Moongeist Beam|p2b: Dondozo\n|-damage|p2b: Dondozo|0 fnt\n|faint|p2b: Dondozo\n|move|p1b: Brute Bonnet|Spore|p2a: Tatsugiri\n|-status|p2a: Tatsugiri|slp|[from] move: Spore\n|\n|upkeep\n|\n|t:|1772107613\n|switch|p2b: Miraidon|Miraidon, L50, tera:Electric|78/100\n|-fieldstart|move: Electric Terrain|[from] ability: Hadron Engine|[of] p2b: Miraidon\n|turn|7\n|\n|t:|1772107640\n|move|p1b: Brute Bonnet|Rage Powder|p1b: Brute Bonnet\n|-singleturn|p1b: Brute Bonnet|move: Rage Powder\n|cant|p2a: Tatsugiri|slp\n|move|p2b: Miraidon|Volt Switch|p1b: Brute Bonnet\n|-resisted|p1b: Brute Bonnet\n|-damage|p1b: Brute Bonnet|22/100\n|-enditem|p1b: Brute Bonnet|Sitrus Berry|[eat]\n|-heal|p1b: Brute Bonnet|47/100|[from] item: Sitrus Berry\n|-damage|p2b: Miraidon|68/100|[from] item: Life Orb\n|\n|t:|1772107650\n|switch|p2b: Raichu|Raichu-Alola, L50, F|87/100|[from] Volt Switch\n|move|p1a: Lunala|Moongeist Beam|p2b: Raichu\n|-supereffective|p2b: Raichu\n|-damage|p2b: Raichu|0 fnt\n|faint|p2b: Raichu\n|\n|upkeep\n|\n|t:|1772107660\n|switch|p2b: Miraidon|Miraidon, L50, tera:Electric|68/100\n|-activate|p2b: Miraidon|ability: Hadron Engine\n|turn|8\n|\n|t:|1772107674\n|move|p1b: Brute Bonnet|Rage Powder|p1b: Brute Bonnet\n|-singleturn|p1b: Brute Bonnet|move: Rage Powder\n|-curestatus|p2a: Tatsugiri|slp|[msg]\n|move|p2a: Tatsugiri|Draco Meteor|p1b: Brute Bonnet\n|-damage|p1b: Brute Bonnet|1/100\n|-unboost|p2a: Tatsugiri|spa|2\n|move|p2b: Miraidon|Electro Drift|p1b: Brute Bonnet\n|-resisted|p1b: Brute Bonnet\n|-damage|p1b: Brute Bonnet|0 fnt\n|faint|p1b: Brute Bonnet\n|-end|p1b: Brute Bonnet|Protosynthesis|[silent]\n|-damage|p2b: Miraidon|58/100|[from] item: Life Orb\n|move|p1a: Lunala|Moongeist Beam|p2b: Miraidon\n|-damage|p2b: Miraidon|0 fnt\n|faint|p2b: Miraidon\n|\n|upkeep\n|\n|t:|1772107694\n|switch|p1b: Koraidon|Koraidon, L50, tera:Fire|8/100\n|-weather|SunnyDay|[from] ability: Orichalcum Pulse|[of] p1b: Koraidon\n|-activate|p1b: Koraidon|Orichalcum Pulse|[source]\n|turn|9\n|\n|t:|1772107704\n|move|p2a: Tatsugiri|Draco Meteor|p1a: Lunala|[miss]\n|-miss|p2a: Tatsugiri|p1a: Lunala\n|move|p1b: Koraidon|Close Combat|p2a: Tatsugiri\n|-damage|p2a: Tatsugiri|0 fnt\n|-unboost|p1b: Koraidon|def|1\n|-unboost|p1b: Koraidon|spd|1\n|faint|p2a: Tatsugiri\n|-damage|p1b: Koraidon|0 fnt|[from] item: Life Orb\n|faint|p1b: Koraidon\n|\n|win|gergef\n|raw|gergef's rating: 1301 &rarr; <strong>1325</strong><br />(+24 for winning)\n|raw|Zorse Mentality's rating: 1379 &rarr; <strong>1355</strong><br />(-24 for losing)\n|l|\u2606Zorse Mentality\n|player|p2|\n|l|\u2606gergef\n|player|p1|\n","uploadtime":1772107937,"views":12,"formatid":"gen9vgc2026regi","rating":1325,"private":0,"password":null}