{"id":"gen9vgc2026regi-2565763968","format":"[Gen 9] VGC 2026 Reg I","players":["Harry Koekenpan","Alphaacount"],"log":"|j|\u2606Harry Koekenpan\n|j|\u2606Alphaacount\n|t:|1774302086\n|gametype|doubles\n|player|p1|Harry Koekenpan|102|1157\n|player|p2|Alphaacount|266|1107\n|gen|9\n|tier|[Gen 9] VGC 2026 Reg I\n|rated|\n|rule|Species Clause: Limit one of each Pok\u00e9mon\n|rule|Item Clause: Limit 1 of each item\n|clearpoke\n|poke|p1|Dondozo, L50, M|\n|poke|p1|Tatsugiri-Droopy, L50, M|\n|poke|p1|Weezing-Galar, L50, F|\n|poke|p1|Calyrex-Shadow, L50|\n|poke|p1|Koraidon, L50|\n|poke|p1|Raging Bolt, L50|\n|poke|p2|Tatsugiri, L50, M|\n|poke|p2|Latios, L50, M|\n|poke|p2|Dondozo, L50, M|\n|poke|p2|Indeedee-F, L50, F|\n|poke|p2|Kyogre, L50|\n|poke|p2|Calyrex-Ice, L50|\n|teampreview|4\n|inactive|Battle timer is ON: inactive players will automatically lose when time's up. (requested by Harry Koekenpan)\n|\n|t:|1774302119\n|teamsize|p1|4\n|teamsize|p2|4\n|start\n|switch|p1a: Raging Bolt|Raging Bolt, L50|100/100\n|switch|p1b: Dondozo|Dondozo, L50, M|100/100\n|switch|p2a: Indeedee|Indeedee-F, L50, F|100/100\n|switch|p2b: Dondozo|Dondozo, L50, M|100/100\n|-fieldstart|move: Psychic Terrain|[from] ability: Psychic Surge|[of] p2a: Indeedee\n|turn|1\n|inactive|Harry Koekenpan has 30 seconds left.\n|\n|t:|1774302151\n|-terastallize|p2b: Dondozo|Grass\n|move|p1b: Dondozo|Protect|p1b: Dondozo\n|-singleturn|p1b: Dondozo|Protect\n|move|p1a: Raging Bolt|Thunderbolt|p2b: Dondozo\n|-resisted|p2b: Dondozo\n|-damage|p2b: Dondozo|77/100\n|move|p2b: Dondozo|Curse|p2b: Dondozo\n|-unboost|p2b: Dondozo|spe|1\n|-boost|p2b: Dondozo|atk|1\n|-boost|p2b: Dondozo|def|1\n|move|p2a: Indeedee|Trick Room|p2a: Indeedee\n|-fieldstart|move: Trick Room|[of] p2a: Indeedee\n|\n|-heal|p2b: Dondozo|83/100|[from] item: Leftovers\n|upkeep\n|turn|2\n|inactive|Alphaacount has 30 seconds left.\n|\n|t:|1774302181\n|-end|p1a: Raging Bolt|Protosynthesis|[silent]\n|switch|p1a: Tatsugiri|Tatsugiri-Droopy, L50, M|100/100\n|-activate|p1a: Tatsugiri|ability: Commander|[of] p1b: Dondozo\n|-boost|p1b: Dondozo|atk|2\n|-boost|p1b: Dondozo|spa|2\n|-boost|p1b: Dondozo|spe|2\n|-boost|p1b: Dondozo|def|2\n|-boost|p1b: Dondozo|spd|2\n|move|p2a: Indeedee|Helping Hand|p2b: Dondozo\n|-singleturn|p2b: Dondozo|Helping Hand|[of] p2a: Indeedee\n|move|p2b: Dondozo|Earthquake|p1b: Dondozo|[spread] p2a,p1b\n|-miss|p2b: Dondozo|p1a: Tatsugiri\n|-damage|p2a: Indeedee|24/100\n|-damage|p1b: Dondozo|83/100\n|move|p1b: Dondozo|Order Up|p2b: Dondozo\n|-damage|p2b: Dondozo|72/100\n|-boost|p1b: Dondozo|def|1\n|\n|-heal|p2b: Dondozo|78/100|[from] item: Leftovers\n|-heal|p1b: Dondozo|89/100|[from] item: Leftovers\n|upkeep\n|turn|3\n|inactive|Alphaacount has 30 seconds left.\n|inactive|Alphaacount has 20 seconds left.\n|\n|t:|1774302218\n|switch|p2a: Calyrex|Calyrex-Ice, L50|100/100\n|-ability|p2a: Calyrex|As One\n|-ability|p2a: Calyrex|Unnerve\n|move|p2b: Dondozo|Curse|p2b: Dondozo\n|-unboost|p2b: Dondozo|spe|1\n|-boost|p2b: Dondozo|atk|1\n|-boost|p2b: Dondozo|def|1\n|move|p1b: Dondozo|Earthquake|p2a: Calyrex|[spread] p2a,p2b\n|-miss|p1b: Dondozo|p1a: Tatsugiri\n|-resisted|p2b: Dondozo\n|-damage|p2a: Calyrex|77/100\n|-damage|p2b: Dondozo|73/100\n|\n|-heal|p2b: Dondozo|79/100|[from] item: Leftovers\n|-heal|p1b: Dondozo|95/100|[from] item: Leftovers\n|upkeep\n|turn|4\n|\n|t:|1774302240\n|move|p2b: Dondozo|Curse|p2b: Dondozo\n|-unboost|p2b: Dondozo|spe|1\n|-boost|p2b: Dondozo|atk|1\n|-boost|p2b: Dondozo|def|1\n|move|p2a: Calyrex|Seed Bomb|p1b: Dondozo\n|-supereffective|p1b: Dondozo\n|-damage|p1b: Dondozo|75/100\n|-damage|p2a: Calyrex|67/100|[from] item: Life Orb\n|move|p1b: Dondozo|Order Up|p2a: Calyrex\n|-damage|p2a: Calyrex|42/100\n|-boost|p1b: Dondozo|def|1\n|\n|-heal|p2b: Dondozo|86/100|[from] item: Leftovers\n|-heal|p1b: Dondozo|81/100|[from] item: Leftovers\n|upkeep\n|turn|5\n|inactive|Alphaacount has 30 seconds left.\n|inactive|Alphaacount has 20 seconds left.\n|inactive|Alphaacount has 15 seconds left.\n|\n|t:|1774302284\n|move|p1b: Dondozo|Protect|p1b: Dondozo\n|-singleturn|p1b: Dondozo|Protect\n|move|p2b: Dondozo|Wave Crash|p1b: Dondozo\n|-activate|p1b: Dondozo|move: Protect\n|move|p2a: Calyrex|Seed Bomb|p1b: Dondozo\n|-activate|p1b: Dondozo|move: Protect\n|\n|-heal|p2b: Dondozo|92/100|[from] item: Leftovers\n|-heal|p1b: Dondozo|87/100|[from] item: Leftovers\n|-fieldend|move: Trick Room\n|-fieldend|move: Psychic Terrain\n|upkeep\n|turn|6\n|\n|t:|1774302298\n|move|p1b: Dondozo|Body Press|p2a: Calyrex\n|-damage|p2a: Calyrex|0 fnt\n|faint|p2a: Calyrex\n|move|p2b: Dondozo|Curse|p2b: Dondozo\n|-unboost|p2b: Dondozo|spe|1\n|-boost|p2b: Dondozo|atk|1\n|-boost|p2b: Dondozo|def|1\n|\n|-heal|p1b: Dondozo|94/100|[from] item: Leftovers\n|-heal|p2b: Dondozo|98/100|[from] item: Leftovers\n|upkeep\n|\n|t:|1774302305\n|switch|p2a: Indeedee|Indeedee-F, L50, F|24/100\n|-fieldstart|move: Psychic Terrain|[from] ability: Psychic Surge|[of] p2a: Indeedee\n|turn|7\n|\n|t:|1774302319\n|move|p1b: Dondozo|Earthquake|p2b: Dondozo|[spread] p2a,p2b\n|-miss|p1b: Dondozo|p1a: Tatsugiri\n|-resisted|p2b: Dondozo\n|-damage|p2a: Indeedee|0 fnt\n|-damage|p2b: Dondozo|92/100\n|faint|p2a: Indeedee\n|move|p2b: Dondozo|Curse|p2b: Dondozo\n|-unboost|p2b: Dondozo|spe|1\n|-boost|p2b: Dondozo|atk|1\n|-boost|p2b: Dondozo|def|1\n|\n|-heal|p1b: Dondozo|99/100|[from] item: Leftovers\n|-heal|p2b: Dondozo|99/100|[from] item: Leftovers\n|upkeep\n|\n|t:|1774302327\n|switch|p2a: Tatsugiri|Tatsugiri, L50, M|100/100\n|-activate|p2a: Tatsugiri|ability: Commander|[of] p2b: Dondozo\n|-boost|p2b: Dondozo|atk|1\n|-boost|p2b: Dondozo|spa|2\n|-boost|p2b: Dondozo|spe|2\n|-boost|p2b: Dondozo|def|1\n|-boost|p2b: Dondozo|spd|2\n|turn|8\n|\n|t:|1774302338\n|move|p1b: Dondozo|Order Up|p2b: Dondozo\n|-damage|p2b: Dondozo|86/100\n|-boost|p1b: Dondozo|def|1\n|move|p2b: Dondozo|Wave Crash|p1b: Dondozo\n|-resisted|p1b: Dondozo\n|-damage|p1b: Dondozo|86/100\n|-damage|p2b: Dondozo|82/100|[from] Recoil\n|\n|-heal|p1b: Dondozo|92/100|[from] item: Leftovers\n|-heal|p2b: Dondozo|88/100|[from] item: Leftovers\n|upkeep\n|turn|9\n|\n|t:|1774302350\n|move|p2b: Dondozo|Protect|p2b: Dondozo\n|-singleturn|p2b: Dondozo|Protect\n|move|p1b: Dondozo|Order Up|p2b: Dondozo\n|-activate|p2b: Dondozo|move: Protect\n|\n|-heal|p1b: Dondozo|98/100|[from] item: Leftovers\n|-heal|p2b: Dondozo|94/100|[from] item: Leftovers\n|upkeep\n|turn|10\n|c|\u2606Alphaacount|2 woorden 9 letters\n|\n|t:|1774302366\n|move|p1b: Dondozo|Order Up|p2b: Dondozo\n|-damage|p2b: Dondozo|82/100\n|-boost|p1b: Dondozo|def|1\n|move|p2b: Dondozo|Earthquake|p1a: Tatsugiri|[spread] p1b\n|-miss|p2b: Dondozo|p2a: Tatsugiri\n|-miss|p2b: Dondozo|p1a: Tatsugiri\n|-damage|p1b: Dondozo|86/100\n|\n|-heal|p1b: Dondozo|92/100|[from] item: Leftovers\n|-heal|p2b: Dondozo|88/100|[from] item: Leftovers\n|upkeep\n|turn|11\n|c|\u2606Harry Koekenpan|Love dozos\n|inactive|Harry Koekenpan has 30 seconds left.\n|\n|t:|1774302392\n|move|p1b: Dondozo|Earthquake|p2a: Tatsugiri|[spread] p2b\n|-miss|p1b: Dondozo|p1a: Tatsugiri\n|-miss|p1b: Dondozo|p2a: Tatsugiri\n|-resisted|p2b: Dondozo\n|-damage|p2b: Dondozo|83/100\n|move|p2b: Dondozo|Earthquake|p1a: Tatsugiri|[spread] p1b\n|-miss|p2b: Dondozo|p2a: Tatsugiri\n|-miss|p2b: Dondozo|p1a: Tatsugiri\n|-crit|p1b: Dondozo\n|-damage|p1b: Dondozo|74/100\n|\n|-heal|p1b: Dondozo|80/100|[from] item: Leftovers\n|-heal|p2b: Dondozo|89/100|[from] item: Leftovers\n|-fieldend|move: Psychic Terrain\n|upkeep\n|turn|12\n|c|\u2606Alphaacount|lol\n|\n|t:|1774302413\n|move|p1b: Dondozo|Protect|p1b: Dondozo\n|-singleturn|p1b: Dondozo|Protect\n|move|p2b: Dondozo|Protect||[still]\n|-fail|p2b: Dondozo\n|\n|-heal|p1b: Dondozo|86/100|[from] item: Leftovers\n|-heal|p2b: Dondozo|95/100|[from] item: Leftovers\n|upkeep\n|turn|13\n|\n|t:|1774302420\n|move|p1b: Dondozo|Earthquake|p2a: Tatsugiri|[spread] p2b\n|-miss|p1b: Dondozo|p1a: Tatsugiri\n|-miss|p1b: Dondozo|p2a: Tatsugiri\n|-resisted|p2b: Dondozo\n|-damage|p2b: Dondozo|90/100\n|move|p2b: Dondozo|Earthquake|p1b: Dondozo|[spread] p1b\n|-miss|p2b: Dondozo|p2a: Tatsugiri\n|-miss|p2b: Dondozo|p1a: Tatsugiri\n|-damage|p1b: Dondozo|75/100\n|\n|-heal|p1b: Dondozo|81/100|[from] item: Leftovers\n|-heal|p2b: Dondozo|96/100|[from] item: Leftovers\n|upkeep\n|turn|14\n|\n|t:|1774302434\n|move|p2b: Dondozo|Protect|p2b: Dondozo\n|-singleturn|p2b: Dondozo|Protect\n|move|p1b: Dondozo|Body Press|p2b: Dondozo\n|-activate|p2b: Dondozo|move: Protect\n|\n|-heal|p1b: Dondozo|87/100|[from] item: Leftovers\n|-heal|p2b: Dondozo|100/100|[from] item: Leftovers\n|upkeep\n|turn|15\n|\n|t:|1774302442\n|move|p1b: Dondozo|Body Press|p2b: Dondozo\n|-damage|p2b: Dondozo|82/100\n|move|p2b: Dondozo|Curse|p2b: Dondozo\n|-unboost|p2b: Dondozo|spe|1\n|\n|-heal|p1b: Dondozo|93/100|[from] item: Leftovers\n|-heal|p2b: Dondozo|88/100|[from] item: Leftovers\n|upkeep\n|turn|16\n|\n|t:|1774302451\n|move|p2b: Dondozo|Protect|p2b: Dondozo\n|-singleturn|p2b: Dondozo|Protect\n|move|p1b: Dondozo|Earthquake|p2a: Tatsugiri|[spread] \n|-miss|p1b: Dondozo|p1a: Tatsugiri\n|-miss|p1b: Dondozo|p2a: Tatsugiri\n|-activate|p2b: Dondozo|move: Protect\n|\n|-heal|p1b: Dondozo|99/100|[from] item: Leftovers\n|-heal|p2b: Dondozo|95/100|[from] item: Leftovers\n|upkeep\n|turn|17\n|\n|t:|1774302458\n|move|p1b: Dondozo|Order Up|p2b: Dondozo\n|-damage|p2b: Dondozo|82/100\n|-boost|p1b: Dondozo|def|0\n|move|p2b: Dondozo|Earthquake|p1b: Dondozo|[spread] p1b\n|-miss|p2b: Dondozo|p2a: Tatsugiri\n|-miss|p2b: Dondozo|p1a: Tatsugiri\n|-damage|p1b: Dondozo|87/100\n|\n|-heal|p1b: Dondozo|93/100|[from] item: Leftovers\n|-heal|p2b: Dondozo|88/100|[from] item: Leftovers\n|upkeep\n|turn|18\n|\n|t:|1774302471\n|move|p2b: Dondozo|Protect|p2b: Dondozo\n|-singleturn|p2b: Dondozo|Protect\n|move|p1b: Dondozo|Earthquake|p2a: Tatsugiri|[spread] \n|-miss|p1b: Dondozo|p1a: Tatsugiri\n|-miss|p1b: Dondozo|p2a: Tatsugiri\n|-activate|p2b: Dondozo|move: Protect\n|\n|-heal|p1b: Dondozo|99/100|[from] item: Leftovers\n|-heal|p2b: Dondozo|95/100|[from] item: Leftovers\n|upkeep\n|turn|19\n|\n|t:|1774302479\n|move|p1b: Dondozo|Body Press|p2b: Dondozo\n|-damage|p2b: Dondozo|79/100\n|move|p2b: Dondozo|Earthquake|p1a: Tatsugiri|[spread] p1b\n|-miss|p2b: Dondozo|p2a: Tatsugiri\n|-miss|p2b: Dondozo|p1a: Tatsugiri\n|-damage|p1b: Dondozo|87/100\n|\n|-heal|p1b: Dondozo|94/100|[from] item: Leftovers\n|-heal|p2b: Dondozo|85/100|[from] item: Leftovers\n|upkeep\n|turn|20\n|\n|t:|1774302497\n|move|p1b: Dondozo|Protect|p1b: Dondozo\n|-singleturn|p1b: Dondozo|Protect\n|move|p2b: Dondozo|Protect||[still]\n|-fail|p2b: Dondozo\n|\n|-heal|p1b: Dondozo|99/100|[from] item: Leftovers\n|-heal|p2b: Dondozo|92/100|[from] item: Leftovers\n|upkeep\n|turn|21\n|\n|t:|1774302505\n|move|p1b: Dondozo|Body Press|p2b: Dondozo\n|-damage|p2b: Dondozo|74/100\n|move|p2b: Dondozo|Earthquake|p1b: Dondozo|[spread] p1b\n|-miss|p2b: Dondozo|p2a: Tatsugiri\n|-miss|p2b: Dondozo|p1a: Tatsugiri\n|-damage|p1b: Dondozo|89/100\n|\n|-heal|p1b: Dondozo|95/100|[from] item: Leftovers\n|-heal|p2b: Dondozo|81/100|[from] item: Leftovers\n|upkeep\n|turn|22\n|\n|t:|1774302518\n|move|p1b: Dondozo|Earthquake|p2b: Dondozo|[spread] p2b\n|-miss|p1b: Dondozo|p1a: Tatsugiri\n|-miss|p1b: Dondozo|p2a: Tatsugiri\n|-resisted|p2b: Dondozo\n|-damage|p2b: Dondozo|75/100\n|move|p2b: Dondozo|Curse|p2b: Dondozo\n|-unboost|p2b: Dondozo|spe|1\n|\n|-heal|p1b: Dondozo|100/100|[from] item: Leftovers\n|-heal|p2b: Dondozo|81/100|[from] item: Leftovers\n|upkeep\n|turn|23\n|\n|t:|1774302538\n|move|p1b: Dondozo|Body Press|p2b: Dondozo\n|-damage|p2b: Dondozo|64/100\n|move|p2b: Dondozo|Earthquake|p1b: Dondozo|[spread] p1b\n|-miss|p2b: Dondozo|p2a: Tatsugiri\n|-miss|p2b: Dondozo|p1a: Tatsugiri\n|-damage|p1b: Dondozo|90/100\n|\n|-heal|p1b: Dondozo|96/100|[from] item: Leftovers\n|-heal|p2b: Dondozo|70/100|[from] item: Leftovers\n|upkeep\n|turn|24\n|c|\u2606Alphaacount|pls speed i need this\n|\n|t:|1774302555\n|move|p1b: Dondozo|Protect|p1b: Dondozo\n|-singleturn|p1b: Dondozo|Protect\n|move|p2b: Dondozo|Protect||[still]\n|-fail|p2b: Dondozo\n|\n|-heal|p1b: Dondozo|100/100|[from] item: Leftovers\n|-heal|p2b: Dondozo|76/100|[from] item: Leftovers\n|upkeep\n|turn|25\n|\n|t:|1774302565\n|move|p2b: Dondozo|Protect|p2b: Dondozo\n|-singleturn|p2b: Dondozo|Protect\n|move|p1b: Dondozo|Body Press|p2b: Dondozo\n|-activate|p2b: Dondozo|move: Protect\n|\n|-heal|p2b: Dondozo|82/100|[from] item: Leftovers\n|upkeep\n|turn|26\n|\n|t:|1774302575\n|move|p1b: Dondozo|Earthquake|p2b: Dondozo|[spread] p2b\n|-miss|p1b: Dondozo|p1a: Tatsugiri\n|-miss|p1b: Dondozo|p2a: Tatsugiri\n|-resisted|p2b: Dondozo\n|-damage|p2b: Dondozo|77/100\n|move|p2b: Dondozo|Earthquake|p1b: Dondozo|[spread] p1b\n|-miss|p2b: Dondozo|p2a: Tatsugiri\n|-miss|p2b: Dondozo|p1a: Tatsugiri\n|-damage|p1b: Dondozo|87/100\n|\n|-heal|p1b: Dondozo|94/100|[from] item: Leftovers\n|-heal|p2b: Dondozo|83/100|[from] item: Leftovers\n|upkeep\n|turn|27\n|\n|t:|1774302588\n|move|p2b: Dondozo|Protect|p2b: Dondozo\n|-singleturn|p2b: Dondozo|Protect\n|move|p1b: Dondozo|Order Up|p2b: Dondozo\n|-activate|p2b: Dondozo|move: Protect\n|\n|-heal|p1b: Dondozo|99/100|[from] item: Leftovers\n|-heal|p2b: Dondozo|89/100|[from] item: Leftovers\n|upkeep\n|turn|28\n|\n|t:|1774302596\n|move|p1b: Dondozo|Order Up|p2b: Dondozo\n|-damage|p2b: Dondozo|78/100\n|-boost|p1b: Dondozo|def|0\n|move|p2b: Dondozo|Earthquake|p1a: Tatsugiri|[spread] p1b\n|-miss|p2b: Dondozo|p2a: Tatsugiri\n|-miss|p2b: Dondozo|p1a: Tatsugiri\n|-damage|p1b: Dondozo|88/100\n|\n|-heal|p1b: Dondozo|94/100|[from] item: Leftovers\n|-heal|p2b: Dondozo|84/100|[from] item: Leftovers\n|upkeep\n|turn|29\n|\n|t:|1774302608\n|move|p2b: Dondozo|Protect|p2b: Dondozo\n|-singleturn|p2b: Dondozo|Protect\n|move|p1b: Dondozo|Earthquake|p2b: Dondozo|[spread] \n|-miss|p1b: Dondozo|p1a: Tatsugiri\n|-miss|p1b: Dondozo|p2a: Tatsugiri\n|-activate|p2b: Dondozo|move: Protect\n|\n|-heal|p1b: Dondozo|99/100|[from] item: Leftovers\n|-heal|p2b: Dondozo|90/100|[from] item: Leftovers\n|upkeep\n|turn|30\n|\n|t:|1774302622\n|move|p1b: Dondozo|Body Press|p2b: Dondozo\n|-damage|p2b: Dondozo|74/100\n|move|p2b: Dondozo|Earthquake|p1b: Dondozo|[spread] p1b\n|-miss|p2b: Dondozo|p2a: Tatsugiri\n|-miss|p2b: Dondozo|p1a: Tatsugiri\n|-damage|p1b: Dondozo|89/100\n|\n|-heal|p1b: Dondozo|95/100|[from] item: Leftovers\n|-heal|p2b: Dondozo|81/100|[from] item: Leftovers\n|upkeep\n|turn|31\n|\n|t:|1774302635\n|move|p1b: Dondozo|Protect|p1b: Dondozo\n|-singleturn|p1b: Dondozo|Protect\n|move|p2b: Dondozo|Protect||[still]\n|-fail|p2b: Dondozo\n|\n|-heal|p1b: Dondozo|100/100|[from] item: Leftovers\n|-heal|p2b: Dondozo|87/100|[from] item: Leftovers\n|upkeep\n|turn|32\n|\n|t:|1774302641\n|move|p2b: Dondozo|Protect|p2b: Dondozo\n|-singleturn|p2b: Dondozo|Protect\n|move|p1b: Dondozo|Order Up|p2b: Dondozo\n|-activate|p2b: Dondozo|move: Protect\n|\n|-heal|p2b: Dondozo|93/100|[from] item: Leftovers\n|upkeep\n|turn|33\n|\n|t:|1774302646\n|move|p1b: Dondozo|Order Up|p2b: Dondozo\n|-damage|p2b: Dondozo|81/100\n|-boost|p1b: Dondozo|def|0\n|move|p2b: Dondozo|Earthquake|p1b: Dondozo|[spread] p1b\n|-miss|p2b: Dondozo|p2a: Tatsugiri\n|-miss|p2b: Dondozo|p1a: Tatsugiri\n|-damage|p1b: Dondozo|88/100\n|\n|-heal|p1b: Dondozo|94/100|[from] item: Leftovers\n|-heal|p2b: Dondozo|87/100|[from] item: Leftovers\n|upkeep\n|turn|34\n|inactive|Alphaacount has 30 seconds left.\n|\n|t:|1774302674\n|move|p1b: Dondozo|Earthquake|p2a: Tatsugiri|[spread] p2b\n|-miss|p1b: Dondozo|p1a: Tatsugiri\n|-miss|p1b: Dondozo|p2a: Tatsugiri\n|-resisted|p2b: Dondozo\n|-damage|p2b: Dondozo|81/100\n|move|p2b: Dondozo|Wave Crash|p1b: Dondozo\n|-resisted|p1b: Dondozo\n|-damage|p1b: Dondozo|81/100\n|-damage|p2b: Dondozo|77/100|[from] Recoil\n|\n|-heal|p1b: Dondozo|87/100|[from] item: Leftovers\n|-heal|p2b: Dondozo|83/100|[from] item: Leftovers\n|upkeep\n|turn|35\n|inactive|Alphaacount has 25 seconds left this turn.\n|inactive|Alphaacount has 20 seconds left.\n|\n|t:|1774302685\n|move|p1b: Dondozo|Protect|p1b: Dondozo\n|-singleturn|p1b: Dondozo|Protect\n|move|p2b: Dondozo|Earthquake|p1a: Tatsugiri|[spread] \n|-miss|p2b: Dondozo|p2a: Tatsugiri\n|-miss|p2b: Dondozo|p1a: Tatsugiri\n|-activate|p1b: Dondozo|move: Protect\n|\n|-heal|p1b: Dondozo|93/100|[from] item: Leftovers\n|-heal|p2b: Dondozo|89/100|[from] item: Leftovers\n|upkeep\n|turn|36\n|inactive|Alphaacount has 20 seconds left this turn.\n|inactive|Alphaacount has 15 seconds left.\n|\n|t:|1774302697\n|move|p2b: Dondozo|Protect|p2b: Dondozo\n|-singleturn|p2b: Dondozo|Protect\n|move|p1b: Dondozo|Order Up|p2b: Dondozo\n|-activate|p2b: Dondozo|move: Protect\n|\n|-heal|p1b: Dondozo|99/100|[from] item: Leftovers\n|-heal|p2b: Dondozo|95/100|[from] item: Leftovers\n|upkeep\n|turn|37\n|inactive|Alphaacount has 15 seconds left this turn.\n|inactive|Alphaacount has 10 seconds left.\n|\n|t:|1774302704\n|move|p1b: Dondozo|Earthquake|p2a: Tatsugiri|[spread] p2b\n|-miss|p1b: Dondozo|p1a: Tatsugiri\n|-miss|p1b: Dondozo|p2a: Tatsugiri\n|-resisted|p2b: Dondozo\n|-damage|p2b: Dondozo|90/100\n|move|p2b: Dondozo|Wave Crash|p1b: Dondozo\n|-resisted|p1b: Dondozo\n|-damage|p1b: Dondozo|85/100\n|-damage|p2b: Dondozo|85/100|[from] Recoil\n|\n|-heal|p1b: Dondozo|91/100|[from] item: Leftovers\n|-heal|p2b: Dondozo|92/100|[from] item: Leftovers\n|upkeep\n|turn|38\n|inactive|Alphaacount has 10 seconds left this turn.\n|\n|t:|1774302709\n|move|p1b: Dondozo|Protect|p1b: Dondozo\n|-singleturn|p1b: Dondozo|Protect\n|move|p2b: Dondozo|Wave Crash|p1b: Dondozo\n|-activate|p1b: Dondozo|move: Protect\n|\n|-heal|p1b: Dondozo|97/100|[from] item: Leftovers\n|-heal|p2b: Dondozo|98/100|[from] item: Leftovers\n|upkeep\n|turn|39\n|inactive|Alphaacount has 10 seconds left this turn.\n|inactive|Alphaacount has 5 seconds left.\n|\n|t:|1774302714\n|move|p2b: Dondozo|Protect|p2b: Dondozo\n|-singleturn|p2b: Dondozo|Protect\n|move|p1b: Dondozo|Earthquake|p2b: Dondozo|[spread] \n|-miss|p1b: Dondozo|p1a: Tatsugiri\n|-miss|p1b: Dondozo|p2a: Tatsugiri\n|-activate|p2b: Dondozo|move: Protect\n|\n|-heal|p1b: Dondozo|100/100|[from] item: Leftovers\n|-heal|p2b: Dondozo|100/100|[from] item: Leftovers\n|upkeep\n|turn|40\n|inactive|Alphaacount has 5 seconds left this turn.\n|\n|t:|1774302719\n|move|p1b: Dondozo|Body Press|p2b: Dondozo\n|-damage|p2b: Dondozo|85/100\n|move|p2b: Dondozo|Wave Crash|p1b: Dondozo\n|-resisted|p1b: Dondozo\n|-damage|p1b: Dondozo|86/100\n|-damage|p2b: Dondozo|80/100|[from] Recoil\n|\n|-heal|p1b: Dondozo|92/100|[from] item: Leftovers\n|-heal|p2b: Dondozo|86/100|[from] item: Leftovers\n|upkeep\n|turn|41\n|inactive|Alphaacount has 5 seconds left this turn.\n|\n|t:|1774302725\n|move|p1b: Dondozo|Earthquake|p2b: Dondozo|[spread] p2b\n|-miss|p1b: Dondozo|p1a: Tatsugiri\n|-miss|p1b: Dondozo|p2a: Tatsugiri\n|-resisted|p2b: Dondozo\n|-damage|p2b: Dondozo|81/100\n|move|p2b: Dondozo|Wave Crash|p1a: Tatsugiri|[miss]\n|-miss|p2b: Dondozo|p1a: Tatsugiri\n|\n|-heal|p1b: Dondozo|98/100|[from] item: Leftovers\n|-heal|p2b: Dondozo|87/100|[from] item: Leftovers\n|upkeep\n|turn|42\n|inactive|Alphaacount has 5 seconds left this turn.\n|\n|t:|1774302729\n|move|p1b: Dondozo|Order Up|p2b: Dondozo\n|-damage|p2b: Dondozo|74/100\n|-boost|p1b: Dondozo|def|0\n|move|p2b: Dondozo|Wave Crash|p1a: Tatsugiri|[miss]\n|-miss|p2b: Dondozo|p1a: Tatsugiri\n|\n|-heal|p1b: Dondozo|100/100|[from] item: Leftovers\n|-heal|p2b: Dondozo|80/100|[from] item: Leftovers\n|upkeep\n|turn|43\n|inactive|Alphaacount has 5 seconds left this turn.\n|\n|t:|1774302731\n|move|p1b: Dondozo|Earthquake|p2a: Tatsugiri|[spread] p2b\n|-miss|p1b: Dondozo|p1a: Tatsugiri\n|-miss|p1b: Dondozo|p2a: Tatsugiri\n|-resisted|p2b: Dondozo\n|-damage|p2b: Dondozo|74/100\n|move|p2b: Dondozo|Wave Crash|p1a: Tatsugiri|[miss]\n|-miss|p2b: Dondozo|p1a: Tatsugiri\n|\n|-heal|p2b: Dondozo|81/100|[from] item: Leftovers\n|upkeep\n|turn|44\n|inactive|Alphaacount has 5 seconds left this turn.\n|\n|t:|1774302735\n|move|p2b: Dondozo|Protect|p2b: Dondozo\n|-singleturn|p2b: Dondozo|Protect\n|move|p1b: Dondozo|Body Press|p2b: Dondozo\n|-activate|p2b: Dondozo|move: Protect\n|\n|-heal|p2b: Dondozo|87/100|[from] item: Leftovers\n|upkeep\n|turn|45\n|inactive|Alphaacount has 5 seconds left this turn.\n|\n|t:|1774302739\n|move|p1b: Dondozo|Order Up|p2b: Dondozo\n|-damage|p2b: Dondozo|74/100\n|-boost|p1b: Dondozo|def|0\n|move|p2b: Dondozo|Wave Crash|p1a: Tatsugiri|[miss]\n|-miss|p2b: Dondozo|p1a: Tatsugiri\n|\n|-heal|p2b: Dondozo|80/100|[from] item: Leftovers\n|upkeep\n|turn|46\n|inactive|Alphaacount has 5 seconds left this turn.\n|\n|t:|1774302740\n|move|p2b: Dondozo|Protect|p2b: Dondozo\n|-singleturn|p2b: Dondozo|Protect\n|move|p1b: Dondozo|Earthquake|p2a: Tatsugiri|[spread] \n|-miss|p1b: Dondozo|p1a: Tatsugiri\n|-miss|p1b: Dondozo|p2a: Tatsugiri\n|-activate|p2b: Dondozo|move: Protect\n|\n|-heal|p2b: Dondozo|86/100|[from] item: Leftovers\n|upkeep\n|turn|47\n|inactive|Alphaacount has 5 seconds left this turn.\n|\n|t:|1774302745\n|move|p1b: Dondozo|Earthquake|p2a: Tatsugiri|[spread] p2b\n|-miss|p1b: Dondozo|p1a: Tatsugiri\n|-miss|p1b: Dondozo|p2a: Tatsugiri\n|-resisted|p2b: Dondozo\n|-damage|p2b: Dondozo|81/100\n|move|p2b: Dondozo|Wave Crash|p1a: Tatsugiri|[miss]\n|-miss|p2b: Dondozo|p1a: Tatsugiri\n|\n|-heal|p2b: Dondozo|87/100|[from] item: Leftovers\n|upkeep\n|turn|48\n|inactive|Alphaacount has 5 seconds left this turn.\n|\n|t:|1774302748\n|move|p1b: Dondozo|Protect|p1b: Dondozo\n|-singleturn|p1b: Dondozo|Protect\n|move|p2b: Dondozo|Earthquake|p1b: Dondozo|[spread] \n|-miss|p2b: Dondozo|p2a: Tatsugiri\n|-miss|p2b: Dondozo|p1a: Tatsugiri\n|-activate|p1b: Dondozo|move: Protect\n|\n|-heal|p2b: Dondozo|93/100|[from] item: Leftovers\n|upkeep\n|turn|49\n|inactive|Alphaacount has 5 seconds left this turn.\n|\n|t:|1774302751\n|move|p1b: Dondozo|Order Up|p2b: Dondozo\n|-damage|p2b: Dondozo|79/100\n|-boost|p1b: Dondozo|def|0\n|move|p2b: Dondozo|Earthquake|p1b: Dondozo|[spread] p1b\n|-miss|p2b: Dondozo|p2a: Tatsugiri\n|-miss|p2b: Dondozo|p1a: Tatsugiri\n|-damage|p1b: Dondozo|88/100\n|\n|-heal|p1b: Dondozo|94/100|[from] item: Leftovers\n|-heal|p2b: Dondozo|86/100|[from] item: Leftovers\n|upkeep\n|turn|50\n|inactive|Alphaacount has 5 seconds left this turn.\n|\n|t:|1774302755\n|move|p1b: Dondozo|Protect|p1b: Dondozo\n|-singleturn|p1b: Dondozo|Protect\n|move|p2b: Dondozo|Wave Crash|p1a: Tatsugiri|[miss]\n|-miss|p2b: Dondozo|p1a: Tatsugiri\n|\n|-heal|p1b: Dondozo|99/100|[from] item: Leftovers\n|-heal|p2b: Dondozo|92/100|[from] item: Leftovers\n|upkeep\n|turn|51\n|inactive|Alphaacount has 5 seconds left this turn.\n|\n|t:|1774302758\n|move|p1b: Dondozo|Order Up|p2b: Dondozo\n|-damage|p2b: Dondozo|80/100\n|-boost|p1b: Dondozo|def|0\n|move|p2b: Dondozo|Wave Crash|p1a: Tatsugiri|[miss]\n|-miss|p2b: Dondozo|p1a: Tatsugiri\n|\n|-heal|p1b: Dondozo|100/100|[from] item: Leftovers\n|-heal|p2b: Dondozo|86/100|[from] item: Leftovers\n|upkeep\n|turn|52\n|inactive|Alphaacount has 5 seconds left this turn.\n|-message|Alphaacount lost due to inactivity.\n|\n|win|Harry Koekenpan\n|raw|Harry Koekenpan's rating: 1157 &rarr; <strong>1178</strong><br />(+21 for winning)\n|raw|Alphaacount's rating: 1107 &rarr; <strong>1086</strong><br />(-21 for losing)\n|c|\u2606Harry Koekenpan|Ggs\n","uploadtime":1774302778,"views":30,"formatid":"gen9vgc2026regi","rating":1086,"private":0,"password":null}