{"id":"gen9vgc2026regi-2531083106","format":"[Gen 9] VGC 2026 Reg I","players":["Bllllmads24","lalo's pollos"],"log":"|j|\u2606Bllllmads24\n|j|\u2606lalo's pollos\n|t:|1770009284\n|gametype|doubles\n|player|p1|Bllllmads24|caitlin|1296\n|player|p2|lalo's pollos|169|1355\n|gen|9\n|tier|[Gen 9] VGC 2026 Reg I\n|rated|\n|rule|Species Clause: Limit one of each Pok\u00e9mon\n|rule|Item Clause: Limit 1 of each item\n|clearpoke\n|poke|p1|Miraidon, L50|\n|poke|p1|Lunala, L50|\n|poke|p1|Whimsicott, L50, F|\n|poke|p1|Incineroar, L50, M|\n|poke|p1|Urshifu-*, L50, M|\n|poke|p1|Ursaluna, L50, M|\n|poke|p2|Miraidon, L50|\n|poke|p2|Landorus, L50, M|\n|poke|p2|Incineroar, L50, F|\n|poke|p2|Iron Bundle, L50|\n|poke|p2|Farigiraf, L50, M|\n|poke|p2|Calyrex-Ice, L50|\n|teampreview|4\n|j| yuu04320432\n|l| yuu04320432\n|inactive|Battle timer is ON: inactive players will automatically lose when time's up. (requested by Bllllmads24)\n|\n|t:|1770009298\n|teamsize|p1|4\n|teamsize|p2|4\n|start\n|switch|p1a: Incineroar|Incineroar, L50, M, shiny|100/100\n|switch|p1b: Miraidon|Miraidon, L50|100/100\n|switch|p2a: Co-Star|Miraidon, L50|100/100\n|switch|p2b: the Manager|Farigiraf, L50, M|100/100\n|-fieldstart|move: Electric Terrain|[from] ability: Hadron Engine|[of] p2a: Co-Star\n|-activate|p1b: Miraidon|ability: Hadron Engine\n|-ability|p1a: Incineroar|Intimidate|boost\n|-unboost|p2a: Co-Star|atk|1\n|-unboost|p2b: the Manager|atk|1\n|turn|1\n|\n|t:|1770009312\n|switch|p1b: Ursaluna|Ursaluna, L50, M|100/100\n|-terastallize|p2a: Co-Star|Fairy\n|move|p2b: the Manager|Helping Hand|p2a: Co-Star\n|-singleturn|p2a: Co-Star|Helping Hand|[of] p2b: the Manager\n|move|p2a: Co-Star|Dazzling Gleam|p1b: Ursaluna|[spread] p1a,p1b\n|-damage|p1a: Incineroar|50/100\n|-damage|p1b: Ursaluna|17/100\n|move|p1a: Incineroar|U-turn|p2b: the Manager\n|-supereffective|p2b: the Manager\n|-damage|p2b: the Manager|63/100\n|\n|t:|1770009321\n|switch|p1a: Lunala|Lunala, L50, shiny|100/100|[from] U-turn\n|-enditem|p1a: Lunala|Electric Seed\n|-boost|p1a: Lunala|def|1|[from] item: Electric Seed\n|\n|-status|p1b: Ursaluna|brn|[from] item: Flame Orb\n|upkeep\n|turn|2\n|\n|t:|1770009334\n|move|p1a: Lunala|Wide Guard|p1a: Lunala\n|-singleturn|p1a: Lunala|Wide Guard\n|move|p2a: Co-Star|Dazzling Gleam|p1a: Lunala|[spread] \n|-activate|p1a: Lunala|move: Wide Guard\n|-activate|p1b: Ursaluna|move: Wide Guard\n|move|p2b: the Manager|Foul Play|p1a: Lunala\n|-supereffective|p1a: Lunala\n|-damage|p1a: Lunala|81/100\n|move|p1b: Ursaluna|Earthquake|p2b: the Manager|[spread] p2a,p2b\n|-activate|p1a: Lunala|move: Wide Guard\n|-damage|p2a: Co-Star|28/100\n|-damage|p2b: the Manager|0 fnt\n|faint|p2b: the Manager\n|\n|-damage|p1b: Ursaluna|11/100 brn|[from] brn\n|upkeep\n|\n|t:|1770009342\n|switch|p2b: Incineroar|Incineroar, L50, F|100/100\n|-ability|p2b: Incineroar|Intimidate|boost\n|-unboost|p1a: Lunala|atk|1\n|-unboost|p1b: Ursaluna|atk|1\n|turn|3\n|\n|t:|1770009352\n|switch|p2a: Calyrex|Calyrex-Ice, L50|100/100\n|-ability|p2a: Calyrex|As One\n|-ability|p2a: Calyrex|Unnerve\n|switch|p1b: Incineroar|Incineroar, L50, M, shiny|50/100\n|-ability|p1b: Incineroar|Intimidate|boost\n|-fail|p2a: Calyrex|unboost|[from] item: Clear Amulet|[of] p2a: Calyrex\n|-unboost|p2b: Incineroar|atk|1\n|move|p1a: Lunala|Moongeist Beam|p2a: Calyrex\n|-supereffective|p2a: Calyrex\n|-damage|p2a: Calyrex|36/100\n|move|p2b: Incineroar|Flare Blitz|p1b: Incineroar\n|-resisted|p1b: Incineroar\n|-damage|p1b: Incineroar|36/100\n|-damage|p2b: Incineroar|96/100|[from] Recoil\n|\n|upkeep\n|turn|4\n|\n|t:|1770009375\n|move|p2a: Calyrex|Protect|p2a: Calyrex\n|-singleturn|p2a: Calyrex|Protect\n|move|p1b: Incineroar|Fake Out|p2b: Incineroar\n|-damage|p2b: Incineroar|89/100\n|move|p1a: Lunala|Moongeist Beam|p2a: Calyrex\n|-activate|p2a: Calyrex|move: Protect\n|cant|p2b: Incineroar|flinch\n|\n|upkeep\n|turn|5\n|\n|t:|1770009391\n|move|p1a: Lunala|Moongeist Beam|p2a: Calyrex\n|-supereffective|p2a: Calyrex\n|-damage|p2a: Calyrex|0 fnt\n|faint|p2a: Calyrex\n|move|p1b: Incineroar|U-turn|p2b: Incineroar\n|-damage|p2b: Incineroar|75/100\n|\n|t:|1770009403\n|switch|p1b: Ursaluna|Ursaluna, L50, M|11/100 brn|[from] U-turn\n|move|p2b: Incineroar|U-turn|p1a: Lunala\n|-damage|p1a: Lunala|75/100\n|\n|t:|1770009411\n|switch|p2b: Co-Star|Miraidon, L50, tera:Fairy|28/100|[from] U-turn\n|-activate|p2b: Co-Star|ability: Hadron Engine\n|\n|-damage|p1b: Ursaluna|5/100 brn|[from] brn\n|-fieldend|move: Electric Terrain\n|upkeep\n|\n|t:|1770009413\n|switch|p2a: Incineroar|Incineroar, L50, F|75/100\n|-ability|p2a: Incineroar|Intimidate|boost\n|-unboost|p1a: Lunala|atk|1\n|-unboost|p1b: Ursaluna|atk|1\n|turn|6\n|\n|t:|1770009431\n|move|p2b: Co-Star|Draco Meteor|p1a: Lunala\n|-damage|p1a: Lunala|7/100\n|-unboost|p2b: Co-Star|spa|2\n|move|p1a: Lunala|Moongeist Beam|p2b: Co-Star\n|-damage|p2b: Co-Star|0 fnt\n|faint|p2b: Co-Star\n|move|p2a: Incineroar|Flare Blitz|p1b: Ursaluna\n|-crit|p1b: Ursaluna\n|-damage|p1b: Ursaluna|0 fnt\n|faint|p1b: Ursaluna\n|-damage|p2a: Incineroar|74/100|[from] Recoil\n|\n|upkeep\n|\n|t:|1770009438\n|switch|p1b: Miraidon|Miraidon, L50|100/100\n|-fieldstart|move: Electric Terrain|[from] ability: Hadron Engine|[of] p1b: Miraidon\n|turn|7\n|-message|lalo's pollos forfeited.\n|\n|win|Bllllmads24\n|raw|Bllllmads24's rating: 1296 &rarr; <strong>1325</strong><br />(+29 for winning)\n|raw|lalo&apos;s pollos's rating: 1355 &rarr; <strong>1332</strong><br />(-23 for losing)\n|l|\u2606lalo's pollos\n|player|p2|\n","uploadtime":1770009641,"views":12,"formatid":"gen9vgc2026regi","rating":1325,"private":0,"password":null}