{"id":"gen9vgc2026regi-2573465159","format":"[Gen 9] VGC 2026 Reg I","players":["migcthi","pokemonmasterNO121"],"log":"|j|\u2606migcthi\n|j|\u2606pokemonmasterNO121\n|t:|1775139096\n|gametype|doubles\n|player|p1|migcthi|170|1000\n|player|p2|pokemonmasterNO121|steven|1083\n|gen|9\n|tier|[Gen 9] VGC 2026 Reg I\n|rated|\n|rule|Species Clause: Limit one of each Pok\u00e9mon\n|rule|Item Clause: Limit 1 of each item\n|clearpoke\n|poke|p1|Calyrex-Ice, L50|\n|poke|p1|Miraidon, L50|\n|poke|p1|Ursaluna, L50, F|\n|poke|p1|Volcarona, L50, F|\n|poke|p1|Grimmsnarl, L50, M|\n|poke|p1|Iron Hands, L50|\n|poke|p2|Archaludon, L50, F|\n|poke|p2|Basculegion, L50, M|\n|poke|p2|Clefable, L50, M|\n|poke|p2|Kingdra, L50, M|\n|poke|p2|Raichu, L50, F|\n|poke|p2|Kyogre, L50|\n|teampreview|4\n|inactive|Battle timer is ON: inactive players will automatically lose when time's up. (requested by migcthi)\npokemonmasterNO121 has agreed to open team sheets.\n|inactive|migcthi has 60 seconds left.\n|inactive|migcthi has 30 seconds left.\n|inactive|migcthi has 20 seconds left.\n|\n|t:|1775139176\n|teamsize|p1|4\n|teamsize|p2|4\n|start\n|switch|p1a: Grimmsnarl|Grimmsnarl, L50, M|100/100\n|switch|p1b: Miraidon|Miraidon, L50|100/100\n|switch|p2a: Kyogre|Kyogre, L50|100/100\n|switch|p2b: Raichu|Raichu, L50, F|100/100\n|-item|p2b: Raichu|Air Balloon\n|-fieldstart|move: Electric Terrain|[from] ability: Hadron Engine|[of] p1b: Miraidon\n|-weather|RainDance|[from] ability: Drizzle|[of] p2a: Kyogre\n|turn|1\n|inactive|migcthi has 30 seconds left.\n|\n|t:|1775139204\n|move|p2b: Raichu|Fake Out|p1a: Grimmsnarl\n|-damage|p1a: Grimmsnarl|92/100\n|cant|p1a: Grimmsnarl|flinch\n|move|p1b: Miraidon|Dazzling Gleam|p2a: Kyogre|[spread] p2a,p2b\n|-damage|p2a: Kyogre|75/100\n|-damage|p2b: Raichu|31/100\n|-enditem|p2b: Raichu|Air Balloon\n|move|p2a: Kyogre|Water Spout|p1a: Grimmsnarl|[spread] p1a,p1b\n|-resisted|p1b: Miraidon\n|-damage|p1a: Grimmsnarl|0 fnt\n|-damage|p1b: Miraidon|60/100\n|faint|p1a: Grimmsnarl\n|\n|-weather|RainDance|[upkeep]\n|upkeep\n|\n|t:|1775139221\n|switch|p1a: Iron Hands|Iron Hands, L50|100/100\n|-activate|p1a: Iron Hands|ability: Quark Drive\n|-start|p1a: Iron Hands|quarkdriveatk\n|turn|2\n|\n|t:|1775139241\n|switch|p2b: Clefable|Clefable, L50, M|100/100\n|-terastallize|p1b: Miraidon|Fairy\n|-terastallize|p2a: Kyogre|Water\n|move|p1a: Iron Hands|Fake Out|p2b: Clefable\n|-damage|p2b: Clefable|75/100\n|move|p1b: Miraidon|Dazzling Gleam|p2a: Kyogre|[spread] p2a,p2b\n|-damage|p2a: Kyogre|31/100\n|-damage|p2b: Clefable|32/100\n|move|p2a: Kyogre|Water Spout|p1b: Miraidon|[spread] p1a,p1b\n|-damage|p1a: Iron Hands|68/100\n|-damage|p1b: Miraidon|11/100\n|\n|-weather|RainDance|[upkeep]\n|-heal|p2b: Clefable|38/100|[from] item: Leftovers\n|upkeep\n|turn|3\n|\n|t:|1775139261\n|-end|p1a: Iron Hands|Quark Drive|[silent]\n|switch|p1a: Calyrex|Calyrex-Ice, L50|100/100\n|-ability|p1a: Calyrex|As One\n|-ability|p1a: Calyrex|Unnerve\n|move|p2b: Clefable|Follow Me|p2b: Clefable\n|-singleturn|p2b: Clefable|move: Follow Me\n|move|p1b: Miraidon|Dazzling Gleam|p2b: Clefable|[spread] p2a,p2b\n|-damage|p2a: Kyogre|0 fnt\n|-damage|p2b: Clefable|0 fnt\n|faint|p2a: Kyogre\n|faint|p2b: Clefable\n|\n|-weather|RainDance|[upkeep]\n|upkeep\n|\n|t:|1775139273\n|switch|p2a: Basculegion|Basculegion, L50, M|100/100\n|switch|p2b: Raichu|Raichu, L50, F|31/100\n|turn|4\n|\n|t:|1775139293\n|switch|p1b: Iron Hands|Iron Hands, L50|68/100\n|-activate|p1b: Iron Hands|ability: Quark Drive\n|-start|p1b: Iron Hands|quarkdriveatk\n|move|p1a: Calyrex|Protect|p1a: Calyrex\n|-singleturn|p1a: Calyrex|Protect\n|move|p2b: Raichu|Fake Out|p1b: Iron Hands\n|-damage|p1b: Iron Hands|61/100\n|move|p2a: Basculegion|Last Respects|p1a: Calyrex\n|-activate|p1a: Calyrex|move: Protect\n|\n|-weather|RainDance|[upkeep]\n|upkeep\n|turn|5\n|inactive|migcthi has 30 seconds left.\n|inactive|pokemonmasterNO121 has 30 seconds left.\n|\n|t:|1775139322\n|move|p2a: Basculegion|Psychic Fangs|p1b: Iron Hands\n|-supereffective|p1b: Iron Hands\n|-damage|p1b: Iron Hands|17/100\n|move|p2b: Raichu|Thunder|p1a: Calyrex\n|-damage|p1a: Calyrex|64/100\n|-status|p1a: Calyrex|par\n|move|p1b: Iron Hands|Heavy Slam|p2b: Raichu\n|-resisted|p2b: Raichu\n|-damage|p2b: Raichu|0 fnt\n|faint|p2b: Raichu\n|move|p1a: Calyrex|Glacial Lance|p2a: Basculegion\n|-resisted|p2a: Basculegion\n|-damage|p2a: Basculegion|57/100\n|\n|-weather|none\n|-heal|p1a: Calyrex|70/100 par|[from] item: Leftovers\n|-fieldend|move: Electric Terrain\n|-end|p1b: Iron Hands|Quark Drive\n|upkeep\n|turn|6\n|\n|t:|1775139337\n|move|p2a: Basculegion|Last Respects|p1a: Calyrex\n|-supereffective|p1a: Calyrex\n|-damage|p1a: Calyrex|0 fnt\n|faint|p1a: Calyrex\n|move|p1b: Iron Hands|Wild Charge|p2a: Basculegion\n|-supereffective|p2a: Basculegion\n|-damage|p2a: Basculegion|0 fnt\n|faint|p2a: Basculegion\n|-damage|p1b: Iron Hands|4/100|[from] Recoil\n|\n|win|migcthi\n|raw|migcthi's rating: 1000 &rarr; <strong>1049</strong><br />(+49 for winning)\n|raw|pokemonmasterNO121's rating: 1083 &rarr; <strong>1055</strong><br />(-28 for losing)\n|l|\u2606pokemonmasterNO121\n|player|p2|\n","uploadtime":1775139341,"views":14,"formatid":"gen9vgc2026regi","rating":1049,"private":0,"password":null}