{"id":"gen9vgc2026regi-2561961008","format":"[Gen 9] VGC 2026 Reg I","players":["ArisHazard","cpxigao"],"log":"|j|\u2606ArisHazard\n|j|\u2606cpxigao\n|t:|1773858346\n|gametype|doubles\n|player|p1|ArisHazard|1|1434\n|player|p2|cpxigao|170|1476\n|gen|9\n|tier|[Gen 9] VGC 2026 Reg I\n|rated|\n|rule|Species Clause: Limit one of each Pok\u00e9mon\n|rule|Item Clause: Limit 1 of each item\n|clearpoke\n|poke|p1|Calyrex-Ice, L50|\n|poke|p1|Hitmontop, L50, M|\n|poke|p1|Miraidon, L50|\n|poke|p1|Sableye, L50, F|\n|poke|p1|Ting-Lu, L50|\n|poke|p1|Iron Valiant, L50|\n|poke|p2|Terapagos, L50, M|\n|poke|p2|Lunala, L50|\n|poke|p2|Smeargle, L50, F|\n|poke|p2|Weezing-Galar, L50, M|\n|poke|p2|Murkrow, L50, F|\n|poke|p2|Ursaluna, L50, F|\n|teampreview|4\n|inactive|Battle timer is ON: inactive players will automatically lose when time's up. (requested by cpxigao)\n|\n|t:|1773858406\n|teamsize|p1|4\n|teamsize|p2|4\n|start\n|switch|p1a: Calyrex|Calyrex-Ice, L50|100/100\n|switch|p1b: Hitmontop|Hitmontop, L50, M|100/100\n|switch|p2a: Weezing|Weezing-Galar, L50, M|100/100\n|switch|p2b: Murkrow|Murkrow, L50, F|100/100\n|-ability|p2a: Weezing|Neutralizing Gas\n|-block|p2b: Murkrow|item: Ability Shield\n|-ability|p1a: Calyrex|As One\n|-ability|p1a: Calyrex|Unnerve\n|turn|1\n|inactive|cpxigao has 30 seconds left.\n|\n|t:|1773858438\n|-terastallize|p1a: Calyrex|Fire\n|move|p2b: Murkrow|Tailwind|p2b: Murkrow\n|-sidestart|p2: cpxigao|move: Tailwind\n|move|p2a: Weezing|Misty Explosion|p1b: Hitmontop|[spread] p2b,p1a,p1b\n|-supereffective|p2b: Murkrow\n|-resisted|p1a: Calyrex\n|-supereffective|p1b: Hitmontop\n|-damage|p2b: Murkrow|0 fnt\n|-damage|p1a: Calyrex|89/100\n|-damage|p1b: Hitmontop|36/100\n|faint|p2a: Weezing\n|-end|p2a: Weezing|ability: Neutralizing Gas\n|faint|p2b: Murkrow\n|move|p1b: Hitmontop|Coaching|p1a: Calyrex\n|-boost|p1a: Calyrex|atk|1\n|-boost|p1a: Calyrex|def|1\n|move|p1a: Calyrex|Glacial Lance|p2: Weezing|[notarget]\n|-fail|p1a: Calyrex\n|\n|upkeep\n|\n|t:|1773858454\n|switch|p2a: Terapagos|Terapagos, L50, M|100/100\n|switch|p2b: Smeargle|Smeargle, L50, F|100/100\n|-activate|p2a: Terapagos|ability: Tera Shift\n|detailschange|p2a: Terapagos|Terapagos-Terastal, L50, M\n|-heal|p2a: Terapagos|100/100|[silent]\n|turn|2\n|\n|t:|1773858470\n|switch|p1b: Sableye|Sableye, L50, F|100/100\n|-terastallize|p2a: Terapagos|Stellar\n|detailschange|p2a: Terapagos|Terapagos-Stellar, L50, M, tera:Stellar\n|-heal|p2a: Terapagos|100/100|[silent]\n|move|p1a: Calyrex|Protect|p1a: Calyrex\n|-singleturn|p1a: Calyrex|Protect\n|move|p2b: Smeargle|Decorate|p2a: Terapagos\n|-boost|p2a: Terapagos|atk|2\n|-boost|p2a: Terapagos|spa|2\n|move|p2a: Terapagos|Tera Starstorm|p1b: Sableye|[spread] p1b\n|-activate|p1a: Calyrex|move: Protect\n|-damage|p1b: Sableye|0 fnt\n|faint|p1b: Sableye\n|\n|upkeep\n|\n|t:|1773858488\n|switch|p1b: Hitmontop|Hitmontop, L50, M|36/100\n|-ability|p1b: Hitmontop|Intimidate|boost\n|-unboost|p2a: Terapagos|atk|1\n|-fail|p2b: Smeargle|unboost|Attack|[from] ability: Own Tempo|[of] p2b: Smeargle\n|turn|3\n|inactive|cpxigao has 30 seconds left.\n|\n|t:|1773858516\n|move|p2b: Smeargle|Quick Guard|p2b: Smeargle\n|-singleturn|p2b: Smeargle|Quick Guard\n|move|p1b: Hitmontop|Wide Guard|p1b: Hitmontop\n|-singleturn|p1b: Hitmontop|Wide Guard\n|move|p2a: Terapagos|Tera Starstorm|p1b: Hitmontop|[spread] \n|-activate|p1a: Calyrex|move: Wide Guard\n|-activate|p1b: Hitmontop|move: Wide Guard\n|move|p1a: Calyrex|Trick Room|p1a: Calyrex\n|-fieldstart|move: Trick Room|[of] p1a: Calyrex\n|\n|upkeep\n|turn|4\n|\n|t:|1773858532\n|move|p2b: Smeargle|Feint|p1a: Calyrex\n|-damage|p1a: Calyrex|87/100\n|move|p1a: Calyrex|Glacial Lance|p2b: Smeargle|[spread] p2a,p2b\n|-damage|p2a: Terapagos|37/100\n|-enditem|p2b: Smeargle|Focus Sash\n|-damage|p2b: Smeargle|1/100\n|move|p1b: Hitmontop|Close Combat|p2a: Terapagos\n|-supereffective|p2a: Terapagos\n|-damage|p2a: Terapagos|0 fnt\n|-unboost|p1b: Hitmontop|def|1\n|-unboost|p1b: Hitmontop|spd|1\n|faint|p2a: Terapagos\n|detailschange|p2: Terapagos|Terapagos, L50, M|[silent]\n|\n|-sideend|p2: cpxigao|move: Tailwind\n|upkeep\n|turn|5\n|-message|cpxigao forfeited.\n|\n|win|ArisHazard\n|raw|ArisHazard's rating: 1434 &rarr; <strong>1456</strong><br />(+22 for winning)\n|raw|cpxigao's rating: 1476 &rarr; <strong>1454</strong><br />(-22 for losing)\n|l|\u2606cpxigao\n|player|p2|\n|l|\u2606ArisHazard\n|player|p1|\n","uploadtime":1773858715,"views":12,"formatid":"gen9vgc2026regi","rating":1454,"private":0,"password":null}