{"id":"gen9vgc2026regi-2514825279","format":"[Gen 9] VGC 2026 Reg I","players":["Rillabossman","paradox franco"],"log":"|j|\u2606Rillabossman\n|j|\u2606paradox franco\n|t:|1767911694\n|gametype|doubles\n|player|p1|Rillabossman|burglar|1173\n|player|p2|paradox franco|elesa|1357\n|gen|9\n|tier|[Gen 9] VGC 2026 Reg I\n|rated|\n|rule|Species Clause: Limit one of each Pok\u00e9mon\n|rule|Item Clause: Limit 1 of each item\n|clearpoke\n|poke|p1|Miraidon, L50|\n|poke|p1|Calyrex-Ice, L50|\n|poke|p1|Urshifu-*, L50, M|\n|poke|p1|Landorus, L50, M|\n|poke|p1|Incineroar, L50, M|\n|poke|p1|Pelipper, L50, F|\n|poke|p2|Calyrex-Ice, L50|\n|poke|p2|Kyogre, L50|\n|poke|p2|Smeargle, L50, F|\n|poke|p2|Farigiraf, L50, M|\n|poke|p2|Maushold, L50|\n|poke|p2|Volcarona, L50, F|\n|teampreview|4\n|c|\u2606Rillabossman|glhf\n|\n|t:|1767911707\n|teamsize|p1|4\n|teamsize|p2|4\n|start\n|switch|p1a: Calyrex|Calyrex-Ice, L50|100/100\n|switch|p1b: Miraidon|Miraidon, L50|100/100\n|switch|p2a: Maushold|Maushold, L50|100/100\n|switch|p2b: Volcarona|Volcarona, L50, F|100/100\n|-ability|p1a: Calyrex|As One\n|-ability|p1a: Calyrex|Unnerve\n|-fieldstart|move: Electric Terrain|[from] ability: Hadron Engine|[of] p1b: Miraidon\n|turn|1\n|c|\u2606paradox franco|glhf\n|c|\u2606paradox franco|:)\n|\n|t:|1767911723\n|move|p2b: Volcarona|Rage Powder|p2b: Volcarona\n|-singleturn|p2b: Volcarona|move: Rage Powder\n|move|p1b: Miraidon|Volt Switch|p2b: Volcarona\n|-damage|p2b: Volcarona|34/100\n|\n|t:|1767911728\n|switch|p1b: Urshifu|Urshifu-Rapid-Strike, L50, M|100/100|[from] Volt Switch\n|move|p2a: Maushold|Population Bomb|p1a: Calyrex\n|-crit|p1a: Calyrex\n|-damage|p1a: Calyrex|90/100\n|-damage|p1a: Calyrex|83/100\n|-damage|p1a: Calyrex|77/100\n|-damage|p1a: Calyrex|71/100\n|-crit|p1a: Calyrex\n|-damage|p1a: Calyrex|60/100\n|-damage|p1a: Calyrex|54/100\n|-damage|p1a: Calyrex|47/100\n|-damage|p1a: Calyrex|40/100\n|-damage|p1a: Calyrex|33/100\n|-damage|p1a: Calyrex|26/100\n|-hitcount|p1a: Calyrex|10\n|move|p1a: Calyrex|Trick Room|p1a: Calyrex\n|-fieldstart|move: Trick Room|[of] p1a: Calyrex\n|\n|-heal|p1a: Calyrex|32/100|[from] item: Leftovers\n|upkeep\n|turn|2\n|j| Mono BH\n|inactive|Battle timer is ON: inactive players will automatically lose when time's up. (requested by paradox franco)\n|\n|t:|1767911793\n|move|p2b: Volcarona|Rage Powder|p2b: Volcarona\n|-singleturn|p2b: Volcarona|move: Rage Powder\n|move|p1b: Urshifu|Aqua Jet|p2b: Volcarona\n|-supereffective|p2b: Volcarona\n|-damage|p2b: Volcarona|0 fnt\n|-damage|p1b: Urshifu|84/100|[from] item: Rocky Helmet|[of] p2b: Volcarona\n|faint|p2b: Volcarona\n|move|p1a: Calyrex|Glacial Lance|p2a: Maushold\n|-damage|p2a: Maushold|0 fnt\n|faint|p2a: Maushold\n|-ability|p1a: Calyrex|Chilling Neigh|boost\n|-boost|p1a: Calyrex|atk|1\n|\n|-heal|p1a: Calyrex|38/100|[from] item: Leftovers\n|upkeep\n|\n|t:|1767911802\n|switch|p2b: Kyogre|Kyogre, L50|100/100\n|switch|p2a: Calyrex|Calyrex-Ice, L50|100/100\n|-ability|p2a: Calyrex|As One\n|-ability|p2a: Calyrex|Unnerve\n|-weather|RainDance|[from] ability: Drizzle|[of] p2b: Kyogre\n|turn|3\n|inactive|Rillabossman has 30 seconds left.\n|inactive|Rillabossman has 20 seconds left.\n|\n|t:|1767911838\n|move|p1b: Urshifu|Detect|p1b: Urshifu\n|-singleturn|p1b: Urshifu|Protect\n|move|p1a: Calyrex|Leech Seed|p2b: Kyogre\n|-start|p2b: Kyogre|move: Leech Seed\n|move|p2a: Calyrex|Crunch|p1a: Calyrex\n|-supereffective|p1a: Calyrex\n|-damage|p1a: Calyrex|0 fnt\n|faint|p1a: Calyrex\n|-ability|p2a: Calyrex|Chilling Neigh|boost\n|-boost|p2a: Calyrex|atk|1\n|move|p2b: Kyogre|Thunder|p1b: Urshifu\n|-activate|p1b: Urshifu|move: Protect\n|\n|-weather|RainDance|[upkeep]\n|upkeep\n|\n|t:|1767911845\n|switch|p1a: Pelipper|Pelipper, L50, F|100/100\n|turn|4\n|\n|t:|1767911853\n|-terastallize|p1a: Pelipper|Grass\n|-terastallize|p2a: Calyrex|Grass\n|move|p1a: Pelipper|Wide Guard|p1a: Pelipper\n|-singleturn|p1a: Pelipper|Wide Guard\n|move|p2a: Calyrex|Seed Bomb|p1b: Urshifu\n|-supereffective|p1b: Urshifu\n|-damage|p1b: Urshifu|0 fnt\n|faint|p1b: Urshifu\n|-ability|p2a: Calyrex|Chilling Neigh|boost\n|-boost|p2a: Calyrex|atk|1\n|move|p2b: Kyogre|Thunder|p1a: Pelipper\n|-resisted|p1a: Pelipper\n|-damage|p1a: Pelipper|63/100\n|\n|-weather|RainDance|[upkeep]\n|-damage|p2b: Kyogre|88/100|[from] Leech Seed|[of] p1a: Pelipper\n|-heal|p1a: Pelipper|76/100|[silent]\n|upkeep\n|\n|t:|1767911859\n|switch|p1b: Miraidon|Miraidon, L50|100/100\n|-activate|p1b: Miraidon|ability: Hadron Engine\n|turn|5\n|\n|t:|1767911868\n|move|p1a: Pelipper|Wide Guard|p1a: Pelipper\n|-singleturn|p1a: Pelipper|Wide Guard\n|move|p2a: Calyrex|Glacial Lance|p1a: Pelipper|[spread] \n|-activate|p1a: Pelipper|move: Wide Guard\n|-activate|p1b: Miraidon|move: Wide Guard\n|move|p2b: Kyogre|Thunder|p1a: Pelipper\n|-resisted|p1a: Pelipper\n|-damage|p1a: Pelipper|36/100\n|move|p1b: Miraidon|Electro Drift|p2b: Kyogre\n|-supereffective|p2b: Kyogre\n|-damage|p2b: Kyogre|0 fnt\n|faint|p2b: Kyogre\n|\n|-weather|RainDance|[upkeep]\n|-fieldend|move: Trick Room\n|-fieldend|move: Electric Terrain\n|upkeep\n|turn|6\n|inactive|Rillabossman has 30 seconds left.\n|inactive|Rillabossman has 20 seconds left.\n|inactive|Rillabossman has 15 seconds left.\n|\n|t:|1767911912\n|move|p1b: Miraidon|Electro Drift|p2a: Calyrex\n|-resisted|p2a: Calyrex\n|-damage|p2a: Calyrex|86/100\n|move|p2a: Calyrex|High Horsepower|p1b: Miraidon\n|-supereffective|p1b: Miraidon\n|-damage|p1b: Miraidon|0 fnt\n|faint|p1b: Miraidon\n|-ability|p2a: Calyrex|Chilling Neigh|boost\n|-boost|p2a: Calyrex|atk|1\n|move|p1a: Pelipper|Hurricane|p2a: Calyrex\n|-supereffective|p2a: Calyrex\n|-damage|p2a: Calyrex|42/100\n|\n|-weather|RainDance|[upkeep]\n|upkeep\n|turn|7\n|\n|t:|1767911923\n|move|p2a: Calyrex|Glacial Lance|p1a: Pelipper\n|-supereffective|p1a: Pelipper\n|-damage|p1a: Pelipper|0 fnt\n|faint|p1a: Pelipper\n|\n|win|paradox franco\n|raw|Rillabossman's rating: 1173 &rarr; <strong>1160</strong><br />(-13 for losing)\n|raw|paradox franco's rating: 1357 &rarr; <strong>1367</strong><br />(+10 for winning)\n|l|\u2606Rillabossman\n|player|p1|\n|l|\u2606paradox franco\n|player|p2|\n|j|\u2606Rillabossman\n|player|p1|Rillabossman|burglar|\n|l|\u2606Rillabossman\n|player|p1|\n|j|\u2606Rillabossman\n|player|p1|Rillabossman|burglar|\n|l|\u2606Rillabossman\n|player|p1|\n|l| Mono BH\n","uploadtime":1767912168,"views":14,"formatid":"gen9vgc2026regi","rating":1160,"private":0,"password":null}