{"id":"gen9vgc2026regi-2543555802","format":"[Gen 9] VGC 2026 Reg I","players":["RyushinYuki","blackred123"],"log":"|j|\u2606RyushinYuki\n|j|\u2606blackred123\n|t:|1771592635\n|gametype|doubles\n|player|p1|RyushinYuki|roxie|1336\n|player|p2|blackred123|iono-masters|1409\n|gen|9\n|tier|[Gen 9] VGC 2026 Reg I\n|rated|\n|rule|Species Clause: Limit one of each Pok\u00e9mon\n|rule|Item Clause: Limit 1 of each item\n|clearpoke\n|poke|p1|Calyrex-Ice, L50|\n|poke|p1|Indeedee-F, L50, F|\n|poke|p1|Lunala, L50|\n|poke|p1|Smeargle, L50, M|\n|poke|p1|Murkrow, L50, F|\n|poke|p1|Ogerpon-Wellspring, L50, F|\n|poke|p2|Miraidon, L50|\n|poke|p2|Calyrex-Ice, L50|\n|poke|p2|Incineroar, L50, M|\n|poke|p2|Grimmsnarl, L50, M|\n|poke|p2|Urshifu-*, L50, M|\n|poke|p2|Ursaluna-Bloodmoon, L50, M|\n|teampreview|4\n|inactive|Battle timer is ON: inactive players will automatically lose when time's up. (requested by blackred123)\n|inactive|RyushinYuki has 60 seconds left.\n|\n|t:|1771592674\n|teamsize|p1|4\n|teamsize|p2|4\n|start\n|switch|p1a: Calyrex|Calyrex-Ice, L50|100/100\n|switch|p1b: Smeargle|Smeargle, L50, M|100/100\n|switch|p2a: \u94f6\u91d1\u7535\u86c7|Miraidon, L50, shiny|100/100\n|switch|p2b: \u5de8\u6839\u7537\u6a21|Grimmsnarl, L50, M|100/100\n|-ability|p1a: Calyrex|As One\n|-ability|p1a: Calyrex|Unnerve\n|-fieldstart|move: Electric Terrain|[from] ability: Hadron Engine|[of] p2a: \u94f6\u91d1\u7535\u86c7\n|turn|1\n|\n|t:|1771592685\n|move|p1a: Calyrex|Protect|p1a: Calyrex\n|-singleturn|p1a: Calyrex|Protect\n|move|p2b: \u5de8\u6839\u7537\u6a21|Reflect|p2b: \u5de8\u6839\u7537\u6a21\n|-sidestart|p2: blackred123|Reflect\n|move|p2a: \u94f6\u91d1\u7535\u86c7|Volt Switch|p1b: Smeargle\n|-enditem|p1b: Smeargle|Focus Sash\n|-damage|p1b: Smeargle|1/100\n|\n|t:|1771592695\n|switch|p2a: \u629b\u4e0b\u864e\u54e5\u5578\u7a74|Incineroar, L50, M|100/100|[from] Volt Switch\n|-ability|p2a: \u629b\u4e0b\u864e\u54e5\u5578\u7a74|Intimidate|boost\n|-fail|p1a: Calyrex|unboost|[from] item: Clear Amulet|[of] p1a: Calyrex\n|-unboost|p1b: Smeargle|atk|1\n|move|p1b: Smeargle|Decorate|p1a: Calyrex\n|-boost|p1a: Calyrex|atk|2\n|-boost|p1a: Calyrex|spa|2\n|\n|-ability|p1b: Smeargle|Moody|boost\n|-boost|p1b: Smeargle|atk|2\n|-unboost|p1b: Smeargle|def|1\n|upkeep\n|turn|2\n|\n|t:|1771592720\n|move|p1b: Smeargle|Follow Me|p1b: Smeargle\n|-singleturn|p1b: Smeargle|move: Follow Me\n|move|p2b: \u5de8\u6839\u7537\u6a21|Thunder Wave|p1b: Smeargle\n|-status|p1b: Smeargle|par\n|move|p2a: \u629b\u4e0b\u864e\u54e5\u5578\u7a74|Will-O-Wisp||[still]\n|-fail|p2a: \u629b\u4e0b\u864e\u54e5\u5578\u7a74\n|move|p1a: Calyrex|Glacial Lance|p2a: \u629b\u4e0b\u864e\u54e5\u5578\u7a74|[spread] p2a,p2b\n|-resisted|p2a: \u629b\u4e0b\u864e\u54e5\u5578\u7a74\n|-damage|p2a: \u629b\u4e0b\u864e\u54e5\u5578\u7a74|68/100\n|-damage|p2b: \u5de8\u6839\u7537\u6a21|27/100\n|\n|-ability|p1b: Smeargle|Moody|boost\n|-boost|p1b: Smeargle|spe|2\n|-unboost|p1b: Smeargle|atk|1\n|upkeep\n|turn|3\n|j| jiratajiri\n|\n|t:|1771592740\n|switch|p2b: \u5996\u64b8\u51a0\u4e86|Calyrex-Ice, L50|100/100\n|-ability|p2b: \u5996\u64b8\u51a0\u4e86|As One\n|-ability|p2b: \u5996\u64b8\u51a0\u4e86|Unnerve\n|-terastallize|p1a: Calyrex|Fire\n|move|p1b: Smeargle|Follow Me|p1b: Smeargle\n|-singleturn|p1b: Smeargle|move: Follow Me\n|move|p2a: \u629b\u4e0b\u864e\u54e5\u5578\u7a74|Knock Off|p1b: Smeargle\n|-damage|p1b: Smeargle|0 fnt\n|faint|p1b: Smeargle\n|move|p1a: Calyrex|Trick Room|p1a: Calyrex\n|-fieldstart|move: Trick Room|[of] p1a: Calyrex\n|\n|upkeep\n|\n|t:|1771592749\n|switch|p1b: Lunala|Lunala, L50|100/100\n|turn|4\n|\n|t:|1771592764\n|-terastallize|p2b: \u5996\u64b8\u51a0\u4e86|Fairy\n|move|p2b: \u5996\u64b8\u51a0\u4e86|Leech Seed|p1b: Lunala\n|-start|p1b: Lunala|move: Leech Seed\n|move|p1a: Calyrex|Close Combat|p2a: \u629b\u4e0b\u864e\u54e5\u5578\u7a74\n|-supereffective|p2a: \u629b\u4e0b\u864e\u54e5\u5578\u7a74\n|-damage|p2a: \u629b\u4e0b\u864e\u54e5\u5578\u7a74|0 fnt\n|-unboost|p1a: Calyrex|def|1\n|-unboost|p1a: Calyrex|spd|1\n|faint|p2a: \u629b\u4e0b\u864e\u54e5\u5578\u7a74\n|-ability|p1a: Calyrex|Chilling Neigh|boost\n|-boost|p1a: Calyrex|atk|1\n|move|p1b: Lunala|Meteor Beam||[still]\n|-prepare|p1b: Lunala|Meteor Beam\n|-boost|p1b: Lunala|spa|1\n|-enditem|p1b: Lunala|Power Herb\n|-anim|p1b: Lunala|Meteor Beam|p2b: \u5996\u64b8\u51a0\u4e86\n|-damage|p2b: \u5996\u64b8\u51a0\u4e86|59/100\n|\n|-heal|p2b: \u5996\u64b8\u51a0\u4e86|65/100|[from] item: Leftovers\n|-damage|p1b: Lunala|88/100|[from] Leech Seed|[of] p2b: \u5996\u64b8\u51a0\u4e86\n|-heal|p2b: \u5996\u64b8\u51a0\u4e86|79/100|[silent]\n|upkeep\n|\n|t:|1771592787\n|switch|p2a: \u5de8\u6839\u7537\u6a21|Grimmsnarl, L50, M|27/100\n|turn|5\n|\n|t:|1771592808\n|switch|p1b: Murkrow|Murkrow, L50, F|100/100\n|move|p2a: \u5de8\u6839\u7537\u6a21|Light Screen|p2a: \u5de8\u6839\u7537\u6a21\n|-sidestart|p2: blackred123|move: Light Screen\n|move|p1a: Calyrex|Glacial Lance|p2a: \u5de8\u6839\u7537\u6a21|[spread] p2a,p2b\n|-damage|p2a: \u5de8\u6839\u7537\u6a21|0 fnt\n|-damage|p2b: \u5996\u64b8\u51a0\u4e86|21/100\n|faint|p2a: \u5de8\u6839\u7537\u6a21\n|-ability|p1a: Calyrex|Chilling Neigh|boost\n|-boost|p1a: Calyrex|atk|1\n|move|p2b: \u5996\u64b8\u51a0\u4e86|Trick Room|p2b: \u5996\u64b8\u51a0\u4e86\n|-fieldend|move: Trick Room\n|\n|-heal|p2b: \u5996\u64b8\u51a0\u4e86|27/100|[from] item: Leftovers\n|-fieldend|move: Electric Terrain\n|upkeep\n|\n|t:|1771592815\n|switch|p2a: \u94f6\u91d1\u7535\u86c7|Miraidon, L50, shiny|100/100\n|-fieldstart|move: Electric Terrain|[from] ability: Hadron Engine|[of] p2a: \u94f6\u91d1\u7535\u86c7\n|turn|6\n|\n|t:|1771592826\n|move|p1b: Murkrow|Quash|p2a: \u94f6\u91d1\u7535\u86c7\n|-activate|p2a: \u94f6\u91d1\u7535\u86c7|move: Quash\n|move|p2b: \u5996\u64b8\u51a0\u4e86|Glacial Lance|p1b: Murkrow|[spread] p1a,p1b\n|-resisted|p1a: Calyrex\n|-supereffective|p1b: Murkrow\n|-damage|p1a: Calyrex|79/100\n|-damage|p1b: Murkrow|0 fnt\n|faint|p1b: Murkrow\n|-ability|p2b: \u5996\u64b8\u51a0\u4e86|Chilling Neigh|boost\n|-boost|p2b: \u5996\u64b8\u51a0\u4e86|atk|1\n|move|p1a: Calyrex|Glacial Lance|p2b: \u5996\u64b8\u51a0\u4e86|[spread] p2a,p2b\n|-supereffective|p2a: \u94f6\u91d1\u7535\u86c7\n|-damage|p2a: \u94f6\u91d1\u7535\u86c7|0 fnt\n|-damage|p2b: \u5996\u64b8\u51a0\u4e86|0 fnt\n|faint|p2a: \u94f6\u91d1\u7535\u86c7\n|faint|p2b: \u5996\u64b8\u51a0\u4e86\n|\n|win|RyushinYuki\n|raw|RyushinYuki's rating: 1336 &rarr; <strong>1360</strong><br />(+24 for winning)\n|raw|blackred123's rating: 1409 &rarr; <strong>1385</strong><br />(-24 for losing)\n|l|\u2606blackred123\n|player|p2|\n|l|\u2606RyushinYuki\n|player|p1|\n|l| jiratajiri\n","uploadtime":1771592848,"views":14,"formatid":"gen9vgc2026regi","rating":1360,"private":0,"password":null}