{"id":"gen9vgc2026regi-2549987487","format":"[Gen 9] VGC 2026 Reg I","players":["I\u2764\ufe0f\u5a1c\u7984forever","t1penny"],"log":"|j|\u2606I\u2764\ufe0f\u5a1c\u7984forever\n|j|\u2606t1penny\n|t:|1772437118\n|gametype|doubles\n|player|p1|I\u2764\ufe0f\u5a1c\u7984forever|youngcouple-gen4dp|1486\n|player|p2|t1penny|hilda|1382\n|gen|9\n|tier|[Gen 9] VGC 2026 Reg I\n|rated|\n|rule|Species Clause: Limit one of each Pok\u00e9mon\n|rule|Item Clause: Limit 1 of each item\n|clearpoke\n|poke|p1|Groudon, L50|\n|poke|p1|Kyurem-White, L50|\n|poke|p1|Heatran, L50, M|\n|poke|p1|Whimsicott, L50, M|\n|poke|p1|Roaring Moon, L50|\n|poke|p1|Ditto, L50|\n|poke|p2|Terapagos, L50, M|\n|poke|p2|Calyrex-Shadow, L50|\n|poke|p2|Incineroar, L50, M|\n|poke|p2|Tornadus, L50, M|\n|poke|p2|Smeargle, L50, M|\n|poke|p2|Farigiraf, L50, F|\n|teampreview|4\n|\n|t:|1772437138\n|teamsize|p1|4\n|teamsize|p2|4\n|start\n|switch|p1a: Kyurem|Kyurem-White, L50|100/100\n|switch|p1b: Roaring Moon|Roaring Moon, L50|100/100\n|switch|p2a: Rat|Smeargle, L50, M|100/100\n|switch|p2b: Tonkers|Terapagos, L50, M|100/100\n|-activate|p2b: Tonkers|ability: Tera Shift\n|detailschange|p2b: Tonkers|Terapagos-Terastal, L50, M\n|-heal|p2b: Tonkers|100/100|[silent]\n|-ability|p1a: Kyurem|Turboblaze\n|turn|1\n|\n|t:|1772437152\n|-terastallize|p2b: Tonkers|Stellar\n|detailschange|p2b: Tonkers|Terapagos-Stellar, L50, M, tera:Stellar\n|-heal|p2b: Tonkers|100/100|[silent]\n|move|p1b: Roaring Moon|Rock Slide|p2a: Rat|[spread] p2a,p2b\n|-damage|p2a: Rat|46/100\n|-damage|p2b: Tonkers|87/100\n|cant|p2a: Rat|flinch\n|move|p2b: Tonkers|Tera Starstorm|p1a: Kyurem|[spread] p1a,p1b\n|-damage|p1a: Kyurem|50/100\n|-damage|p1b: Roaring Moon|50/100\n|move|p1a: Kyurem|Blizzard|p2b: Tonkers|[spread] p2a,p2b\n|-damage|p2a: Rat|0 fnt\n|-damage|p2b: Tonkers|47/100\n|faint|p2a: Rat\n|\n|upkeep\n|\n|t:|1772437166\n|switch|p2a: Yesman|Incineroar, L50, M|100/100\n|-ability|p2a: Yesman|Intimidate|boost\n|-unboost|p1a: Kyurem|atk|1\n|-unboost|p1b: Roaring Moon|atk|1\n|turn|2\n|\n|t:|1772437185\n|-end|p1b: Roaring Moon|Protosynthesis|[silent]\n|switch|p1b: Heatran|Heatran, L50, M|100/100\n|move|p2a: Yesman|Fake Out|p1a: Kyurem\n|-damage|p1a: Kyurem|42/100\n|move|p2b: Tonkers|Tera Starstorm|p1a: Kyurem|[spread] p1a,p1b\n|-damage|p1a: Kyurem|0 fnt\n|-damage|p1b: Heatran|56/100\n|faint|p1a: Kyurem\n|\n|-heal|p1b: Heatran|62/100|[from] item: Leftovers\n|upkeep\n|\n|t:|1772437195\n|switch|p1a: Roaring Moon|Roaring Moon, L50|50/100\n|turn|3\n|\n|t:|1772437218\n|move|p1a: Roaring Moon|Knock Off|p2b: Tonkers\n|-damage|p2b: Tonkers|9/100\n|-enditem|p2b: Tonkers|Choice Specs|[from] move: Knock Off|[of] p1a: Roaring Moon\n|move|p2b: Tonkers|Tera Starstorm|p1b: Heatran|[spread] p1a,p1b\n|-crit|p1a: Roaring Moon\n|-damage|p1a: Roaring Moon|0 fnt\n|-damage|p1b: Heatran|28/100\n|faint|p1a: Roaring Moon\n|-end|p1a: Roaring Moon|Protosynthesis|[silent]\n|move|p1b: Heatran|Substitute|p1b: Heatran\n|-start|p1b: Heatran|Substitute\n|-damage|p1b: Heatran|3/100\n|move|p2a: Yesman|Flare Blitz|p1b: Heatran\n|-end|p1b: Heatran|Substitute\n|-damage|p2a: Yesman|93/100|[from] Recoil|[of] p1b: Heatran\n|\n|-heal|p1b: Heatran|9/100|[from] item: Leftovers\n|upkeep\n|\n|t:|1772437232\n|switch|p1a: Groudon|Groudon, L50|100/100\n|-weather|SunnyDay|[from] ability: Drought|[of] p1a: Groudon\n|turn|4\n|\n|t:|1772437258\n|move|p1b: Heatran|Protect|p1b: Heatran\n|-singleturn|p1b: Heatran|Protect\n|move|p2b: Tonkers|Tera Starstorm|p1a: Groudon|[spread] p1a\n|-activate|p1b: Heatran|move: Protect\n|-damage|p1a: Groudon|75/100\n|move|p1a: Groudon|Precipice Blades|p2a: Yesman|[spread] p2b\n|-miss|p1a: Groudon|p2a: Yesman\n|-damage|p2b: Tonkers|0 fnt\n|faint|p2b: Tonkers\n|detailschange|p2: Tonkers|Terapagos, L50, M|[silent]\n|move|p2a: Yesman|Parting Shot|p1a: Groudon\n|-unboost|p1a: Groudon|atk|1\n|-unboost|p1a: Groudon|spa|1\n|\n|t:|1772437270\n|switch|p2a: Cali|Calyrex-Shadow, L50|100/100|[from] Parting Shot\n|-ability|p2a: Cali|As One\n|-ability|p2a: Cali|Unnerve\n|\n|-weather|SunnyDay|[upkeep]\n|-heal|p1b: Heatran|15/100|[from] item: Leftovers\n|upkeep\n|\n|t:|1772437278\n|switch|p2b: Yesman|Incineroar, L50, M|93/100\n|-ability|p2b: Yesman|Intimidate|boost\n|-unboost|p1a: Groudon|atk|1\n|-unboost|p1b: Heatran|atk|1\n|turn|5\n|\n|t:|1772437285\n|move|p2b: Yesman|Fake Out|p1a: Groudon\n|-damage|p1a: Groudon|69/100\n|move|p2a: Cali|Astral Barrage|p1a: Groudon|[spread] p1a,p1b\n|-damage|p1a: Groudon|29/100\n|-damage|p1b: Heatran|0 fnt\n|faint|p1b: Heatran\n|-ability|p2a: Cali|Grim Neigh|boost\n|-boost|p2a: Cali|spa|1\n|-damage|p2a: Cali|91/100|[from] item: Life Orb\n|cant|p1a: Groudon|flinch\n|\n|-weather|SunnyDay|[upkeep]\n|upkeep\n|turn|6\n|\n|t:|1772437301\n|move|p2a: Cali|Astral Barrage|p1a: Groudon\n|-damage|p1a: Groudon|0 fnt\n|faint|p1a: Groudon\n|-damage|p2a: Cali|81/100|[from] item: Life Orb\n|\n|win|t1penny\n|raw|I\u2764\ufe0f\u5a1c\u7984forever's rating: 1486 &rarr; <strong>1460</strong><br />(-26 for losing)\n|raw|t1penny's rating: 1382 &rarr; <strong>1408</strong><br />(+26 for winning)\n|l|\u2606I\u2764\ufe0f\u5a1c\u7984forever\n|player|p1|\n|l|\u2606t1penny\n|player|p2|\n","uploadtime":1772437492,"views":12,"formatid":"gen9vgc2026regi","rating":1408,"private":0,"password":null}