{"id":"gen9vgc2026regi-2562481236","format":"[Gen 9] VGC 2026 Reg I","players":["thepearl","dasabe\u76d6\u6b27\u5361\u4fa0"],"log":"|j|\u2606thepearl\n|j|\u2606dasabe\u76d6\u6b27\u5361\u4fa0\n|t:|1773922495\n|gametype|doubles\n|player|p1|thepearl|iris-gen5bw2|\n|player|p2|dasabe\u76d6\u6b27\u5361\u4fa0|may-masters4|\n|gen|9\n|tier|[Gen 9] VGC 2026 Reg I\n|rated|Tournament battle\n|rule|Species Clause: Limit one of each Pok\u00e9mon\n|rule|Item Clause: Limit 1 of each item\n|raw|<div class=\"infobox\"><details class=\"readmore\" open><summary><strong>3 custom rules:</strong></summary> Open Team Sheets, Force Open Team Sheets, !Open Team Sheets</details></div>\n|clearpoke\n|poke|p1|Calyrex-Shadow, L50|\n|poke|p1|Terapagos, L50, M|\n|poke|p1|Whimsicott, L50, F|\n|poke|p1|Incineroar, L50, F|\n|poke|p1|Urshifu-*, L50, M|\n|poke|p1|Flutter Mane, L50|\n|poke|p2|Kyogre, L50|\n|poke|p2|Miraidon, L50|\n|poke|p2|Whimsicott, L50, F|\n|poke|p2|Iron Hands, L50|\n|poke|p2|Farigiraf, L50, F|\n|poke|p2|Urshifu-*, L50, M|\n|teampreview|4\n|showteam|p1|Calyrex-Shadow||LifeOrb|AsOneSpectrier|AstralBarrage,DrainingKiss,Psychic,Protect||||||50|,,,,,Fairy]Terapagos||ChoiceSpecs|TeraShift|TeraStarstorm,EarthPower,DragonPulse,IceBeam|||M|||50|,,,,,Stellar]Whimsicott||MentalHerb|Prankster|Tailwind,Encore,EnergyBall,Protect|||F|||50|,,,,,Ghost]Incineroar||SafetyGoggles|Intimidate|FakeOut,FlareBlitz,KnockOff,PartingShot|||F|||50|,,,,,Ghost]Urshifu-Rapid-Strike||ChoiceScarf|UnseenFist|SurgingStrikes,CloseCombat,Uturn,IceSpinner|||M|||50|,,,,,Water]Flutter Mane||BoosterEnergy|Protosynthesis|Moonblast,IcyWind,ShadowBall,Protect||||||50|,,,,,Grass\n|showteam|p2|Kyogre||ChoiceSpecs|Drizzle|WaterSpout,HydroPump,OriginPulse,IceBeam||||||50|,,,,,Water]Miraidon||LifeOrb|HadronEngine|DazzlingGleam,DracoMeteor,Protect,ElectroDrift||||||50|,,,,,Fairy]Whimsicott||FocusSash|Prankster|Tailwind,Moonblast,Encore,Endeavor|||F|||50|,,,,,Ghost]Iron Hands||AssaultVest|QuarkDrive|LowKick,DrainPunch,WildCharge,FakeOut||||||50|,,,,,Water]Farigiraf||ElectricSeed|ArmorTail|Imprison,Psychic,TrickRoom,HelpingHand|||F|||50|,,,,,Fairy]Urshifu||ChoiceBand|UnseenFist|WickedBlow,SuckerPunch,CloseCombat,PoisonJab|||M|||50|,,,,,Poison\n|inactive|Battle timer is ON: inactive players will automatically lose when time's up. (requested by thepearl)\n|\n|t:|1773922512\n|teamsize|p1|4\n|teamsize|p2|4\n|start\n|switch|p1a: Whimsicott|Whimsicott, L50, F|100/100\n|switch|p1b: Terapagos|Terapagos, L50, M|100/100\n|switch|p2a: \u5996\u820d\u7cbe\u62c9|Whimsicott, L50, F, shiny|100/100\n|switch|p2b: \u6210\u90fd\u8001\u76d6|Kyogre, L50, shiny|100/100\n|-activate|p1b: Terapagos|ability: Tera Shift\n|detailschange|p1b: Terapagos|Terapagos-Terastal, L50, M\n|-heal|p1b: Terapagos|100/100|[silent]\n|-weather|RainDance|[from] ability: Drizzle|[of] p2b: \u6210\u90fd\u8001\u76d6\n|turn|1\n|\n|t:|1773922536\n|-terastallize|p1b: Terapagos|Stellar\n|detailschange|p1b: Terapagos|Terapagos-Stellar, L50, M, tera:Stellar\n|-heal|p1b: Terapagos|100/100|[silent]\n|-ability|p1b: Terapagos|Teraform Zero\n|-weather|none\n|move|p1a: Whimsicott|Tailwind|p1a: Whimsicott\n|-sidestart|p1: thepearl|move: Tailwind\n|move|p1b: Terapagos|Tera Starstorm|p2a: \u5996\u820d\u7cbe\u62c9|[spread] p2a,p2b\n|-enditem|p2a: \u5996\u820d\u7cbe\u62c9|Focus Sash\n|-damage|p2a: \u5996\u820d\u7cbe\u62c9|1/100\n|-damage|p2b: \u6210\u90fd\u8001\u76d6|55/100\n|move|p2a: \u5996\u820d\u7cbe\u62c9|Endeavor|p1b: Terapagos\n|-damage|p1b: Terapagos|1/100\n|move|p2b: \u6210\u90fd\u8001\u76d6|Origin Pulse|p1b: Terapagos|[spread] p1a,p1b\n|-resisted|p1a: Whimsicott\n|-damage|p1a: Whimsicott|39/100\n|-damage|p1b: Terapagos|0 fnt\n|faint|p1b: Terapagos\n|detailschange|p1: Terapagos|Terapagos, L50, M|[silent]\n|\n|upkeep\n|\n|t:|1773922551\n|switch|p1b: Calyrex|Calyrex-Shadow, L50|100/100\n|-ability|p1b: Calyrex|As One\n|-ability|p1b: Calyrex|Unnerve\n|turn|2\n|\n|t:|1773922556\n|switch|p2b: \u5c0f\u5934\u63a7\u5927\u5934|Farigiraf, L50, F, shiny|100/100\n|move|p2a: \u5996\u820d\u7cbe\u62c9|Encore|p1a: Whimsicott\n|-start|p1a: Whimsicott|Encore\n|-enditem|p1a: Whimsicott|Mental Herb\n|-end|p1a: Whimsicott|Encore\n|move|p1b: Calyrex|Astral Barrage|p2b: \u5c0f\u5934\u63a7\u5927\u5934|[spread] p2a\n|-immune|p2b: \u5c0f\u5934\u63a7\u5927\u5934\n|-damage|p2a: \u5996\u820d\u7cbe\u62c9|0 fnt\n|faint|p2a: \u5996\u820d\u7cbe\u62c9\n|-ability|p1b: Calyrex|Grim Neigh|boost\n|-boost|p1b: Calyrex|spa|1\n|-damage|p1b: Calyrex|91/100|[from] item: Life Orb\n|move|p1a: Whimsicott|Energy Ball|p2b: \u5c0f\u5934\u63a7\u5927\u5934\n|-damage|p2b: \u5c0f\u5934\u63a7\u5927\u5934|72/100\n|\n|upkeep\n|j| Snowball_seer\n|\n|t:|1773922558\n|switch|p2a: \u94f6\u91d1\u5996\u86c7|Miraidon, L50, shiny|100/100\n|-fieldstart|move: Electric Terrain|[from] ability: Hadron Engine|[of] p2a: \u94f6\u91d1\u5996\u86c7\n|-enditem|p2b: \u5c0f\u5934\u63a7\u5927\u5934|Electric Seed\n|-boost|p2b: \u5c0f\u5934\u63a7\u5927\u5934|def|1|[from] item: Electric Seed\n|turn|3\n|\n|t:|1773922580\n|move|p2a: \u94f6\u91d1\u5996\u86c7|Protect|p2a: \u94f6\u91d1\u5996\u86c7\n|-singleturn|p2a: \u94f6\u91d1\u5996\u86c7|Protect\n|move|p1b: Calyrex|Astral Barrage|p2b: \u5c0f\u5934\u63a7\u5927\u5934|[spread] \n|-activate|p2a: \u94f6\u91d1\u5996\u86c7|move: Protect\n|-immune|p2b: \u5c0f\u5934\u63a7\u5927\u5934\n|move|p1a: Whimsicott|Energy Ball|p2b: \u5c0f\u5934\u63a7\u5927\u5934\n|-damage|p2b: \u5c0f\u5934\u63a7\u5927\u5934|45/100\n|move|p2b: \u5c0f\u5934\u63a7\u5927\u5934|Trick Room|p2b: \u5c0f\u5934\u63a7\u5927\u5934\n|-fieldstart|move: Trick Room|[of] p2b: \u5c0f\u5934\u63a7\u5927\u5934\n|\n|upkeep\n|turn|4\n|j| GOD_Of_RAGEBAITING\n|\n|t:|1773922595\n|move|p1b: Calyrex|Protect|p1b: Calyrex\n|-singleturn|p1b: Calyrex|Protect\n|move|p2b: \u5c0f\u5934\u63a7\u5927\u5934|Psychic|p1a: Whimsicott\n|-crit|p1a: Whimsicott\n|-damage|p1a: Whimsicott|0 fnt\n|faint|p1a: Whimsicott\n|move|p2a: \u94f6\u91d1\u5996\u86c7|Electro Drift|p1b: Calyrex\n|-activate|p1b: Calyrex|move: Protect\n|\n|-sideend|p1: thepearl|move: Tailwind\n|upkeep\n|j| myname\u2764grassgreen\n|\n|t:|1773922602\n|switch|p1a: Flutter Mane|Flutter Mane, L50|100/100\n|-enditem|p1a: Flutter Mane|Booster Energy\n|-activate|p1a: Flutter Mane|ability: Protosynthesis|[fromitem]\n|-start|p1a: Flutter Mane|protosynthesisspe\n|turn|5\n|\n|t:|1773922615\n|move|p2b: \u5c0f\u5934\u63a7\u5927\u5934|Psychic|p1a: Flutter Mane\n|-crit|p1a: Flutter Mane\n|-damage|p1a: Flutter Mane|47/100\n|move|p2a: \u94f6\u91d1\u5996\u86c7|Electro Drift|p1b: Calyrex\n|-damage|p1b: Calyrex|0 fnt\n|faint|p1b: Calyrex\n|-damage|p2a: \u94f6\u91d1\u5996\u86c7|91/100|[from] item: Life Orb\n|move|p1a: Flutter Mane|Moonblast|p2a: \u94f6\u91d1\u5996\u86c7\n|-supereffective|p2a: \u94f6\u91d1\u5996\u86c7\n|-damage|p2a: \u94f6\u91d1\u5996\u86c7|5/100\n|\n|upkeep\n|turn|6\n|j| Gerryjunior\n|\n|t:|1773922624\n|move|p1a: Flutter Mane|Protect|p1a: Flutter Mane\n|-singleturn|p1a: Flutter Mane|Protect\n|move|p2b: \u5c0f\u5934\u63a7\u5927\u5934|Psychic|p1a: Flutter Mane\n|-activate|p1a: Flutter Mane|move: Protect\n|move|p2a: \u94f6\u91d1\u5996\u86c7|Electro Drift|p1a: Flutter Mane\n|-activate|p1a: Flutter Mane|move: Protect\n|\n|upkeep\n|turn|7\n|\n|t:|1773922629\n|move|p2b: \u5c0f\u5934\u63a7\u5927\u5934|Psychic|p1a: Flutter Mane\n|-damage|p1a: Flutter Mane|10/100\n|move|p2a: \u94f6\u91d1\u5996\u86c7|Electro Drift|p1a: Flutter Mane\n|-damage|p1a: Flutter Mane|0 fnt\n|faint|p1a: Flutter Mane\n|-end|p1a: Flutter Mane|Protosynthesis|[silent]\n|-damage|p2a: \u94f6\u91d1\u5996\u86c7|0 fnt|[from] item: Life Orb\n|faint|p2a: \u94f6\u91d1\u5996\u86c7\n|\n|win|dasabe\u76d6\u6b27\u5361\u4fa0\n|n|\u2606thepearl|thepearl\n|n|\u2606dasabe\u76d6\u6b27\u5361\u4fa0|dasabe\n|n| Snowball_seer|snowballseer\n|n| GOD_Of_RAGEBAITING|godofragebaiting\n|n| myname\u2764grassgreen|mynamegrassgreen\n|n| Gerryjunior|gerryjunior\n","uploadtime":1773922629,"views":12,"formatid":"gen9vgc2026regi","rating":null,"private":0,"password":null}