{"id":"gen9vgc2026regi-2565258958","format":"[Gen 9] VGC 2026 Reg I","players":["Hazweioh","itsxaver"],"log":"|j|\u2606Hazweioh\n|j|\u2606itsxaver\n|t:|1774253226\n|gametype|doubles\n|player|p1|Hazweioh|2|1377\n|player|p2|itsxaver|265|1380\n|gen|9\n|tier|[Gen 9] VGC 2026 Reg I\n|rated|\n|rule|Species Clause: Limit one of each Pok\u00e9mon\n|rule|Item Clause: Limit 1 of each item\n|clearpoke\n|poke|p1|Kyogre, L50|\n|poke|p1|Calyrex-Ice, L50|\n|poke|p1|Regieleki, L50|\n|poke|p1|Landorus, L50, M|\n|poke|p1|Ogerpon-Cornerstone, L50, F|\n|poke|p1|Farigiraf, L50, M|\n|poke|p2|Miraidon, L50|\n|poke|p2|Groudon, L50|\n|poke|p2|Flutter Mane, L50|\n|poke|p2|Dragonite, L50, M|\n|poke|p2|Chien-Pao, L50|\n|poke|p2|Entei, L50|\n|teampreview|4\n|inactive|Battle timer is ON: inactive players will automatically lose when time's up. (requested by Hazweioh)\n|\n|t:|1774253253\n|teamsize|p1|4\n|teamsize|p2|4\n|start\n|switch|p1a: Landorus|Landorus, L50, M|100/100\n|switch|p1b: Regieleki|Regieleki, L50|100/100\n|switch|p2a: Groudon|Groudon, L50|100/100\n|switch|p2b: Flutter Mane|Flutter Mane, L50|100/100\n|-weather|SunnyDay|[from] ability: Drought|[of] p2a: Groudon\n|-activate|p2b: Flutter Mane|ability: Protosynthesis\n|-start|p2b: Flutter Mane|protosynthesisspe\n|turn|1\n|\n|t:|1774253269\n|move|p2a: Groudon|Protect|p2a: Groudon\n|-singleturn|p2a: Groudon|Protect\n|move|p2b: Flutter Mane|Icy Wind|p1b: Regieleki|[spread] p1a,p1b\n|-supereffective|p1a: Landorus\n|-damage|p1a: Landorus|0 fnt\n|-damage|p1b: Regieleki|57/100\n|-unboost|p1b: Regieleki|spe|1\n|faint|p1a: Landorus\n|move|p1b: Regieleki|Electroweb|p2a: Groudon|[spread] p2b\n|-activate|p2a: Groudon|move: Protect\n|-damage|p2b: Flutter Mane|75/100\n|-unboost|p2b: Flutter Mane|spe|1\n|\n|-weather|SunnyDay|[upkeep]\n|upkeep\n|\n|t:|1774253277\n|switch|p1a: Calyrex|Calyrex-Ice, L50|100/100\n|-ability|p1a: Calyrex|As One\n|-ability|p1a: Calyrex|Unnerve\n|turn|2\n|\n|t:|1774253293\n|-end|p2b: Flutter Mane|Protosynthesis|[silent]\n|switch|p2b: Chien-Pao|Chien-Pao, L50|100/100\n|-ability|p2b: Chien-Pao|Sword of Ruin\n|-terastallize|p2a: Groudon|Ghost\n|move|p1b: Regieleki|Thunderbolt|p2b: Chien-Pao\n|-damage|p2b: Chien-Pao|24/100\n|move|p2a: Groudon|Precipice Blades|p1b: Regieleki|[spread] p1a\n|-miss|p2a: Groudon|p1b: Regieleki\n|-damage|p1a: Calyrex|66/100\n|move|p1a: Calyrex|Glacial Lance|p2a: Groudon|[spread] p2a,p2b\n|-resisted|p2b: Chien-Pao\n|-damage|p2a: Groudon|52/100\n|-damage|p2b: Chien-Pao|0 fnt\n|faint|p2b: Chien-Pao\n|-ability|p1a: Calyrex|Chilling Neigh|boost\n|-boost|p1a: Calyrex|atk|1\n|\n|-weather|SunnyDay|[upkeep]\n|upkeep\n|\n|t:|1774253312\n|switch|p2b: Flutter Mane|Flutter Mane, L50|75/100\n|-activate|p2b: Flutter Mane|ability: Protosynthesis\n|-start|p2b: Flutter Mane|protosynthesisspe\n|turn|3\n|\n|t:|1774253325\n|-terastallize|p1a: Calyrex|Grass\n|move|p1b: Regieleki|Protect|p1b: Regieleki\n|-singleturn|p1b: Regieleki|Protect\n|move|p2b: Flutter Mane|Shadow Ball|p1a: Calyrex\n|-damage|p1a: Calyrex|22/100\n|move|p2a: Groudon|Precipice Blades|p1a: Calyrex|[spread] p1a\n|-activate|p1b: Regieleki|move: Protect\n|-resisted|p1a: Calyrex\n|-damage|p1a: Calyrex|7/100\n|move|p1a: Calyrex|Glacial Lance|p2b: Flutter Mane|[spread] p2a,p2b\n|-damage|p2a: Groudon|0 fnt\n|-damage|p2b: Flutter Mane|0 fnt\n|faint|p2a: Groudon\n|faint|p2b: Flutter Mane\n|-end|p2b: Flutter Mane|Protosynthesis|[silent]\n|-ability|p1a: Calyrex|Chilling Neigh|boost\n|-boost|p1a: Calyrex|atk|2\n|\n|-weather|SunnyDay|[upkeep]\n|upkeep\n|\n|t:|1774253331\n|switch|p2b: Miraidon|Miraidon, L50|100/100\n|-fieldstart|move: Electric Terrain|[from] ability: Hadron Engine|[of] p2b: Miraidon\n|turn|4\n|\n|t:|1774253348\n|switch|p1b: Ogerpon|Ogerpon-Cornerstone, L50, F|100/100\n|move|p1a: Calyrex|Protect|p1a: Calyrex\n|-singleturn|p1a: Calyrex|Protect\n|move|p2b: Miraidon|Discharge|p1b: Ogerpon|[spread] p1b\n|-activate|p1a: Calyrex|move: Protect\n|-resisted|p1b: Ogerpon\n|-damage|p1b: Ogerpon|65/100\n|-status|p1b: Ogerpon|par\n|\n|-weather|SunnyDay|[upkeep]\n|upkeep\n|turn|5\n|\n|t:|1774253365\n|switch|p1a: Regieleki|Regieleki, L50|57/100\n|cant|p1b: Ogerpon|par\n|move|p2b: Miraidon|Discharge|p1a: Regieleki|[spread] p1a,p1b\n|-resisted|p1a: Regieleki\n|-resisted|p1b: Ogerpon\n|-damage|p1a: Regieleki|7/100\n|-damage|p1b: Ogerpon|31/100 par\n|\n|-weather|none\n|upkeep\n|turn|6\n|\n|t:|1774253375\n|move|p1a: Regieleki|Electroweb|p2b: Miraidon\n|-resisted|p2b: Miraidon\n|-damage|p2b: Miraidon|91/100\n|-unboost|p2b: Miraidon|spe|1\n|move|p2b: Miraidon|Discharge|p1b: Ogerpon|[spread] p1a,p1b\n|-resisted|p1a: Regieleki\n|-resisted|p1b: Ogerpon\n|-damage|p1a: Regieleki|0 fnt\n|-damage|p1b: Ogerpon|0 fnt\n|faint|p1a: Regieleki\n|faint|p1b: Ogerpon\n|\n|upkeep\n|\n|t:|1774253381\n|switch|p1b: Calyrex|Calyrex-Ice, L50, tera:Grass|7/100\n|-ability|p1b: Calyrex|As One\n|-ability|p1b: Calyrex|Unnerve\n|turn|7\n|\n|t:|1774253389\n|move|p2b: Miraidon|Dragon Pulse|p1b: Calyrex\n|-damage|p1b: Calyrex|0 fnt\n|faint|p1b: Calyrex\n|\n|win|itsxaver\n|raw|Hazweioh's rating: 1377 &rarr; <strong>1357</strong><br />(-20 for losing)\n|raw|itsxaver's rating: 1380 &rarr; <strong>1400</strong><br />(+20 for winning)\n|l|\u2606Hazweioh\n|player|p1|\n|l|\u2606itsxaver\n|player|p2|\n","uploadtime":1774253629,"views":10,"formatid":"gen9vgc2026regi","rating":1357,"private":0,"password":null}