{"id":"gen9vgc2026regi-2588091884","format":"[Gen 9] VGC 2026 Reg I","players":["24kpure","chue3"],"log":"|j|\u260624kpure\n|j|\u2606chue3\n|t:|1776603325\n|gametype|doubles\n|player|p1|24kpure|169|1468\n|player|p2|chue3|266|1553\n|gen|9\n|tier|[Gen 9] VGC 2026 Reg I\n|rated|\n|rule|Species Clause: Limit one of each Pok\u00e9mon\n|rule|Item Clause: Limit 1 of each item\n|clearpoke\n|poke|p1|Muk-Alola, L50, F|\n|poke|p1|Smeargle, L50, F|\n|poke|p1|Rillaboom, L50, F|\n|poke|p1|Flamigo, L50, F|\n|poke|p1|Koraidon, L50|\n|poke|p1|Incineroar, L50, F|\n|poke|p2|Muk-Alola, L50, F|\n|poke|p2|Smeargle, L50, F|\n|poke|p2|Calyrex-Shadow, L50|\n|poke|p2|Flamigo, L50, F|\n|poke|p2|Miraidon, L50|\n|poke|p2|Volcarona, L50, F|\n|teampreview|4\n|inactive|Battle timer is ON: inactive players will automatically lose when time's up. (requested by chue3)\n|\n|t:|1776603345\n|teamsize|p1|4\n|teamsize|p2|4\n|start\n|switch|p1a: Muk|Muk-Alola, L50, F|100/100\n|switch|p1b: Smeargle|Smeargle, L50, F|100/100\n|switch|p2a: Smeargle|Smeargle, L50, F|100/100\n|switch|p2b: Miraidon|Miraidon, L50|100/100\n|-fieldstart|move: Electric Terrain|[from] ability: Hadron Engine|[of] p2b: Miraidon\n|turn|1\n|\n|t:|1776603362\n|move|p1a: Muk|Protect|p1a: Muk\n|-singleturn|p1a: Muk|Protect\n|move|p2a: Smeargle|Fake Out|p1a: Muk\n|-activate|p1a: Muk|move: Protect\n|move|p2b: Miraidon|Electro Drift|p1a: Muk\n|-activate|p1a: Muk|move: Protect\n|move|p1b: Smeargle|Spore|p2a: Smeargle\n|-activate|p2a: Smeargle|move: Electric Terrain\n|\n|-ability|p1b: Smeargle|Moody|boost\n|-boost|p1b: Smeargle|atk|2\n|-unboost|p1b: Smeargle|def|1\n|-ability|p2a: Smeargle|Moody|boost\n|-boost|p2a: Smeargle|spe|2\n|-unboost|p2a: Smeargle|atk|1\n|upkeep\n|turn|2\n|\n|t:|1776603384\n|move|p1b: Smeargle|Follow Me|p1b: Smeargle\n|-singleturn|p1b: Smeargle|move: Follow Me\n|move|p2b: Miraidon|Electro Drift|p1b: Smeargle\n|-enditem|p1b: Smeargle|Focus Sash\n|-damage|p1b: Smeargle|1/100\n|move|p2a: Smeargle|Salt Cure|p1b: Smeargle\n|-damage|p1b: Smeargle|0 fnt\n|faint|p1b: Smeargle\n|-ability|p1a: Muk|Moody|Power of Alchemy|[from] ability: Power of Alchemy|[of] p1b: Smeargle\n|move|p1a: Muk|Minimize|p1a: Muk\n|-boost|p1a: Muk|evasion|2\n|\n|-ability|p2a: Smeargle|Moody|boost\n|-boost|p2a: Smeargle|atk|2\n|-unboost|p2a: Smeargle|spa|1\n|-ability|p1a: Muk|Moody|boost\n|-boost|p1a: Muk|spd|2\n|-unboost|p1a: Muk|atk|1\n|upkeep\n|\n|t:|1776603393\n|switch|p1b: Rillaboom|Rillaboom, L50, F|100/100\n|-fieldstart|move: Grassy Terrain|[from] ability: Grassy Surge|[of] p1b: Rillaboom\n|turn|3\n|\n|t:|1776603411\n|move|p1b: Rillaboom|Fake Out|p2a: Smeargle\n|-damage|p2a: Smeargle|78/100\n|move|p2b: Miraidon|Electro Drift|p1a: Muk|[miss]\n|-miss|p2b: Miraidon|p1a: Muk\n|cant|p2a: Smeargle|flinch\n|move|p1a: Muk|Minimize|p1a: Muk\n|-boost|p1a: Muk|evasion|2\n|\n|-heal|p2a: Smeargle|84/100|[from] Grassy Terrain\n|-ability|p2a: Smeargle|Moody|boost\n|-boost|p2a: Smeargle|spa|2\n|-unboost|p2a: Smeargle|atk|1\n|-ability|p1a: Muk|Moody|boost\n|-boost|p1a: Muk|spd|2\n|-unboost|p1a: Muk|def|1\n|upkeep\n|turn|4\n|\n|t:|1776603423\n|move|p1a: Muk|Protect|p1a: Muk\n|-singleturn|p1a: Muk|Protect\n|move|p2b: Miraidon|Electro Drift|p1a: Muk\n|-activate|p1a: Muk|move: Protect\n|move|p2a: Smeargle|Spore|p1a: Muk\n|-activate|p1a: Muk|move: Protect\n|move|p1b: Rillaboom|Drum Beating|p2a: Smeargle\n|-damage|p2a: Smeargle|5/100\n|-unboost|p2a: Smeargle|spe|1\n|\n|-heal|p2a: Smeargle|11/100|[from] Grassy Terrain\n|-ability|p2a: Smeargle|Moody|boost\n|-boost|p2a: Smeargle|spa|2\n|-unboost|p2a: Smeargle|atk|1\n|-ability|p1a: Muk|Moody|boost\n|-boost|p1a: Muk|spd|2\n|-unboost|p1a: Muk|spe|1\n|upkeep\n|turn|5\n|\n|t:|1776603433\n|switch|p2a: Volcarona|Volcarona, L50, F|100/100\n|move|p1b: Rillaboom|Grassy Glide|p2a: Volcarona\n|-resisted|p2a: Volcarona\n|-damage|p2a: Volcarona|91/100\n|-status|p1b: Rillaboom|brn|[from] ability: Flame Body|[of] p2a: Volcarona\n|move|p2b: Miraidon|Electro Drift|p1a: Muk|[miss]\n|-miss|p2b: Miraidon|p1a: Muk\n|move|p1a: Muk|Minimize|p1a: Muk\n|-boost|p1a: Muk|evasion|2\n|\n|-heal|p2a: Volcarona|97/100|[from] Grassy Terrain\n|-damage|p1b: Rillaboom|95/100 brn|[from] brn\n|-ability|p1a: Muk|Moody|boost\n|-boost|p1a: Muk|spa|2\n|-unboost|p1a: Muk|atk|1\n|upkeep\n|turn|6\n|inactive|chue3 has 30 seconds left.\n|\n|t:|1776603465\n|switch|p1b: Flamigo|Flamigo, L50, F|100/100\n|-copyboost|p1b: Flamigo|p1a: Muk|[from] ability: Costar\n|move|p2b: Miraidon|Electro Drift|p1b: Flamigo\n|-supereffective|p1b: Flamigo\n|-damage|p1b: Flamigo|32/100\n|move|p2a: Volcarona|Fiery Dance|p1b: Flamigo\n|-damage|p1b: Flamigo|16/100\n|move|p1a: Muk|Toxic|p2a: Volcarona\n|-status|p2a: Volcarona|tox\n|\n|-heal|p2a: Volcarona|100/100 tox|[from] Grassy Terrain\n|-damage|p2a: Volcarona|94/100 tox|[from] psn\n|-ability|p1a: Muk|Moody|boost\n|-boost|p1a: Muk|atk|2\n|-unboost|p1a: Muk|spe|1\n|upkeep\n|turn|7\n|\n|t:|1776603488\n|move|p1b: Flamigo|Protect|p1b: Flamigo\n|-singleturn|p1b: Flamigo|Protect\n|move|p2b: Miraidon|Electro Drift|p1b: Flamigo\n|-activate|p1b: Flamigo|move: Protect\n|move|p2a: Volcarona|Fiery Dance|p1b: Flamigo\n|-activate|p1b: Flamigo|move: Protect\n|move|p1a: Muk|Toxic|p2b: Miraidon\n|-status|p2b: Miraidon|tox\n|\n|-heal|p2a: Volcarona|100/100 tox|[from] Grassy Terrain\n|-damage|p2b: Miraidon|94/100 tox|[from] psn\n|-damage|p2a: Volcarona|88/100 tox|[from] psn\n|-fieldend|move: Grassy Terrain\n|-ability|p1a: Muk|Moody|boost\n|-boost|p1a: Muk|spa|2\n|-unboost|p1a: Muk|atk|1\n|upkeep\n|turn|8\n|c|\u260624kpure|double hist\n|\n|t:|1776603503\n|move|p2b: Miraidon|Electro Drift|p1b: Flamigo\n|-supereffective|p1b: Flamigo\n|-damage|p1b: Flamigo|0 fnt\n|faint|p1b: Flamigo\n|move|p2a: Volcarona|Fiery Dance|p1a: Muk|[miss]\n|-miss|p2a: Volcarona|p1a: Muk\n|move|p1a: Muk|Knock Off|p2a: Volcarona\n|-damage|p2a: Volcarona|61/100 tox\n|-enditem|p2a: Volcarona|Electric Seed|[from] move: Knock Off|[of] p1a: Muk\n|\n|-damage|p2b: Miraidon|82/100 tox|[from] psn\n|-damage|p2a: Volcarona|42/100 tox|[from] psn\n|-ability|p1a: Muk|Moody|boost\n|-boost|p1a: Muk|atk|2\n|-unboost|p1a: Muk|spa|1\n|upkeep\n|c|\u260624kpure|100%\n|\n|t:|1776603515\n|switch|p1b: Rillaboom|Rillaboom, L50, F|95/100 brn\n|-fieldstart|move: Grassy Terrain|[from] ability: Grassy Surge|[of] p1b: Rillaboom\n|turn|9\n|\n|t:|1776603526\n|move|p2a: Volcarona|Protect|p2a: Volcarona\n|-singleturn|p2a: Volcarona|Protect\n|move|p1b: Rillaboom|Fake Out|p2a: Volcarona\n|-activate|p2a: Volcarona|move: Protect\n|-activate|p2b: Miraidon|move: Struggle\n|move|p2b: Miraidon|Struggle|p1b: Rillaboom\n|-damage|p1b: Rillaboom|86/100 brn\n|-damage|p2b: Miraidon|57/100 tox|[from] recoil\n|move|p1a: Muk|Knock Off|p2a: Volcarona\n|-activate|p2a: Volcarona|move: Protect\n|\n|-heal|p2b: Miraidon|63/100 tox|[from] Grassy Terrain\n|-heal|p2a: Volcarona|48/100 tox|[from] Grassy Terrain\n|-heal|p1b: Rillaboom|92/100 brn|[from] Grassy Terrain\n|-damage|p2b: Miraidon|45/100 tox|[from] psn\n|-damage|p2a: Volcarona|23/100 tox|[from] psn\n|-damage|p1b: Rillaboom|86/100 brn|[from] brn\n|-ability|p1a: Muk|Moody|boost\n|-boost|p1a: Muk|spe|2\n|-unboost|p1a: Muk|spa|1\n|upkeep\n|turn|10\n|inactive|24kpure has 30 seconds left.\n|inactive|chue3 has 30 seconds left.\n|inactive|24kpure has 20 seconds left.\n|\n|t:|1776603561\n|move|p1b: Rillaboom|Grassy Glide|p2a: Volcarona\n|-resisted|p2a: Volcarona\n|-damage|p2a: Volcarona|19/100 tox\n|-activate|p2b: Miraidon|move: Struggle\n|move|p2b: Miraidon|Struggle|p1a: Muk\n|-damage|p1a: Muk|90/100\n|-damage|p2b: Miraidon|19/100 tox|[from] recoil\n|move|p2a: Volcarona|Fiery Dance|p1b: Rillaboom\n|-supereffective|p1b: Rillaboom\n|-damage|p1b: Rillaboom|51/100 brn\n|-boost|p2a: Volcarona|spa|1\n|move|p1a: Muk|Knock Off|p2b: Miraidon\n|-damage|p2b: Miraidon|0 fnt\n|-enditem|p2b: Miraidon|Choice Scarf|[from] move: Knock Off|[of] p1a: Muk\n|faint|p2b: Miraidon\n|\n|-heal|p2a: Volcarona|25/100 tox|[from] Grassy Terrain\n|-heal|p1b: Rillaboom|57/100 brn|[from] Grassy Terrain\n|-heal|p1a: Muk|96/100|[from] Grassy Terrain\n|-heal|p1a: Muk|100/100|[from] item: Leftovers\n|-damage|p2a: Volcarona|0 fnt|[from] psn\n|faint|p2a: Volcarona\n|-damage|p1b: Rillaboom|51/100 brn|[from] brn\n|-ability|p1a: Muk|Moody|boost\n|-boost|p1a: Muk|atk|2\n|-unboost|p1a: Muk|spd|1\n|upkeep\n|inactive|chue3 has 30 seconds left.\n|\n|t:|1776603590\n|switch|p2b: Smeargle|Smeargle, L50, F|11/100\n|switch|p2a: Calyrex|Calyrex-Shadow, L50|100/100\n|-ability|p2a: Calyrex|As One\n|-ability|p2a: Calyrex|Unnerve\n|turn|11\n|\n|t:|1776603603\n|move|p2a: Calyrex|Protect|p2a: Calyrex\n|-singleturn|p2a: Calyrex|Protect\n|move|p1b: Rillaboom|Grassy Glide|p2b: Smeargle\n|-damage|p2b: Smeargle|0 fnt\n|faint|p2b: Smeargle\n|move|p1a: Muk|Toxic|p2a: Calyrex\n|-activate|p2a: Calyrex|move: Protect\n|\n|-heal|p1b: Rillaboom|57/100 brn|[from] Grassy Terrain\n|-damage|p1b: Rillaboom|51/100 brn|[from] brn\n|-ability|p1a: Muk|Moody|boost\n|-boost|p1a: Muk|spe|2\n|-unboost|p1a: Muk|atk|1\n|upkeep\n|turn|12\n|\n|t:|1776603621\n|move|p1b: Rillaboom|Grassy Glide|p2a: Calyrex\n|-damage|p2a: Calyrex|82/100\n|move|p2a: Calyrex|Psych Up|p1a: Muk\n|-copyboost|p2a: Calyrex|p1a: Muk|[from] move: Psych Up\n|move|p1a: Muk|Knock Off|p2a: Calyrex|[miss]\n|-miss|p1a: Muk|p2a: Calyrex\n|\n|-heal|p2a: Calyrex|88/100|[from] Grassy Terrain\n|-heal|p1b: Rillaboom|57/100 brn|[from] Grassy Terrain\n|-damage|p1b: Rillaboom|51/100 brn|[from] brn\n|-ability|p1a: Muk|Moody|boost\n|-boost|p1a: Muk|atk|2\n|-unboost|p1a: Muk|spe|1\n|upkeep\n|turn|13\n|c|\u260624kpure|doesn't matter\n|\n|t:|1776603640\n|move|p1b: Rillaboom|Grassy Glide|p2a: Calyrex\n|-damage|p2a: Calyrex|61/100\n|move|p2a: Calyrex|Astral Barrage|p1a: Muk|[spread] p1b\n|-miss|p2a: Calyrex|p1a: Muk\n|-damage|p1b: Rillaboom|0 fnt\n|faint|p1b: Rillaboom\n|-ability|p2a: Calyrex|Grim Neigh|boost\n|-boost|p2a: Calyrex|spa|1\n|move|p1a: Muk|Toxic|p2a: Calyrex\n|-status|p2a: Calyrex|tox\n|\n|-heal|p2a: Calyrex|67/100 tox|[from] Grassy Terrain\n|-damage|p2a: Calyrex|61/100 tox|[from] psn\n|-fieldend|move: Grassy Terrain\n|-ability|p1a: Muk|Moody|boost\n|-boost|p1a: Muk|spa|2\n|-unboost|p1a: Muk|spd|1\n|upkeep\n|turn|14\n|\n|t:|1776603662\n|-terastallize|p2a: Calyrex|Grass\n|move|p2a: Calyrex|Giga Drain|p1a: Muk\n|-resisted|p1a: Muk\n|-damage|p1a: Muk|86/100\n|-heal|p2a: Calyrex|70/100 tox|[from] drain|[of] p1a: Muk\n|move|p1a: Muk|Knock Off|p2a: Calyrex\n|-damage|p2a: Calyrex|0 fnt\n|-enditem|p2a: Calyrex|Spell Tag|[from] move: Knock Off|[of] p1a: Muk\n|faint|p2a: Calyrex\n|\n|win|24kpure\n|raw|24kpure's rating: 1468 &rarr; <strong>1493</strong><br />(+25 for winning)\n|raw|chue3's rating: 1553 &rarr; <strong>1528</strong><br />(-25 for losing)\n|l|\u2606chue3\n|player|p2|\n|l|\u260624kpure\n|player|p1|\n","uploadtime":1776603855,"views":9,"formatid":"gen9vgc2026regi","rating":1493,"private":0,"password":null}