{"id":"gen9vgc2026regi-2562633801","format":"[Gen 9] VGC 2026 Reg I","players":["Mooose","magoromon"],"log":"|j|\u2606Mooose\n|j|\u2606magoromon\n|t:|1773936515\n|gametype|doubles\n|player|p1|Mooose|ethan|1114\n|player|p2|magoromon|lance|1193\n|gen|9\n|tier|[Gen 9] VGC 2026 Reg I\n|rated|\n|rule|Species Clause: Limit one of each Pok\u00e9mon\n|rule|Item Clause: Limit 1 of each item\n|clearpoke\n|poke|p1|Zacian-*, L50|\n|poke|p1|Terapagos, L50, M|\n|poke|p1|Talonflame, L50, M|\n|poke|p1|Munkidori, L50, M|\n|poke|p1|Tyranitar, L50, M|\n|poke|p1|Dragapult, L50, F|\n|poke|p2|Kyogre, L50|\n|poke|p2|Calyrex-Ice, L50|\n|poke|p2|Rillaboom, L50, F|\n|poke|p2|Urshifu-*, L50, M|\n|poke|p2|Flutter Mane, L50|\n|poke|p2|Amoonguss, L50, M|\n|teampreview|4\n|inactive|Battle timer is ON: inactive players will automatically lose when time's up. (requested by Mooose)\n|inactive|magoromon has 60 seconds left.\n|\n|t:|1773936553\n|teamsize|p1|4\n|teamsize|p2|4\n|start\n|switch|p1a: Munkidori|Munkidori, L50, M|100/100\n|switch|p1b: Terapagos|Terapagos, L50, M|100/100\n|switch|p2a: Calyrex|Calyrex-Ice, L50|100/100\n|switch|p2b: Amoonguss|Amoonguss, L50, M|100/100\n|-activate|p1b: Terapagos|ability: Tera Shift\n|detailschange|p1b: Terapagos|Terapagos-Terastal, L50, M\n|-heal|p1b: Terapagos|100/100|[silent]\n|-ability|p2a: Calyrex|As One\n|-ability|p2a: Calyrex|Unnerve\n|turn|1\n|inactive|magoromon has 30 seconds left.\n|\n|t:|1773936579\n|move|p1a: Munkidori|Psychic|p2b: Amoonguss\n|-supereffective|p2b: Amoonguss\n|-damage|p2b: Amoonguss|40/100\n|move|p1b: Terapagos|Calm Mind|p1b: Terapagos\n|-boost|p1b: Terapagos|spa|1\n|-boost|p1b: Terapagos|spd|1\n|move|p2b: Amoonguss|Spore|p1b: Terapagos\n|-status|p1b: Terapagos|slp|[from] move: Spore\n|move|p2a: Calyrex|Trick Room|p2a: Calyrex\n|-fieldstart|move: Trick Room|[of] p2a: Calyrex\n|\n|upkeep\n|turn|2\n|\n|t:|1773936597\n|switch|p1a: Tyranitar|Tyranitar, L50, M|100/100\n|-weather|Sandstorm|[from] ability: Sand Stream|[of] p1a: Tyranitar\n|move|p2b: Amoonguss|Spore|p1a: Tyranitar\n|-status|p1a: Tyranitar|slp|[from] move: Spore\n|move|p2a: Calyrex|Leech Seed|p1b: Terapagos\n|-start|p1b: Terapagos|move: Leech Seed\n|cant|p1b: Terapagos|slp\n|\n|-weather|Sandstorm|[upkeep]\n|-damage|p2b: Amoonguss|34/100|[from] Sandstorm\n|-damage|p2a: Calyrex|95/100|[from] Sandstorm\n|-damage|p1b: Terapagos|94/100 slp|[from] Sandstorm\n|-heal|p2a: Calyrex|100/100|[from] item: Leftovers\n|-heal|p1b: Terapagos|100/100 slp|[from] item: Leftovers\n|-damage|p1b: Terapagos|88/100 slp|[from] Leech Seed|[of] p2a: Calyrex\n|upkeep\n|turn|3\n|inactive|magoromon has 30 seconds left.\n|\n|t:|1773936631\n|switch|p2b: Kyogre|Kyogre, L50|100/100\n|-weather|RainDance|[from] ability: Drizzle|[of] p2b: Kyogre\n|switch|p1b: Munkidori|Munkidori, L50, M|100/100\n|move|p2a: Calyrex|Leech Seed|p1a: Tyranitar\n|-start|p1a: Tyranitar|move: Leech Seed\n|cant|p1a: Tyranitar|slp\n|\n|-weather|RainDance|[upkeep]\n|-damage|p1a: Tyranitar|88/100 slp|[from] Leech Seed|[of] p2a: Calyrex\n|upkeep\n|turn|4\n|\n|t:|1773936646\n|move|p1b: Munkidori|Fake Out|p2b: Kyogre\n|-crit|p2b: Kyogre\n|-damage|p2b: Kyogre|90/100\n|move|p2a: Calyrex|Glacial Lance|p1b: Munkidori|[spread] p1a,p1b\n|-damage|p1a: Tyranitar|53/100 slp\n|-damage|p1b: Munkidori|49/100\n|-curestatus|p1a: Tyranitar|slp|[msg]\n|move|p1a: Tyranitar|Knock Off|p2a: Calyrex\n|-supereffective|p2a: Calyrex\n|-damage|p2a: Calyrex|47/100\n|-enditem|p2a: Calyrex|Leftovers|[from] move: Knock Off|[of] p1a: Tyranitar\n|cant|p2b: Kyogre|flinch\n|\n|-weather|RainDance|[upkeep]\n|-damage|p1a: Tyranitar|41/100|[from] Leech Seed|[of] p2a: Calyrex\n|-heal|p2a: Calyrex|59/100|[silent]\n|upkeep\n|turn|5\n|\n|t:|1773936670\n|switch|p2b: Amoonguss|Amoonguss, L50, M|67/100\n|switch|p1b: Terapagos|Terapagos-Terastal, L50, M|88/100 slp\n|move|p2a: Calyrex|Glacial Lance|p1a: Tyranitar|[spread] p1a,p1b\n|-damage|p1a: Tyranitar|2/100\n|-damage|p1b: Terapagos|56/100 slp\n|move|p1a: Tyranitar|Rock Slide|p2b: Amoonguss|[spread] p2a,p2b\n|-supereffective|p2a: Calyrex\n|-damage|p2a: Calyrex|28/100\n|-damage|p2b: Amoonguss|42/100\n|\n|-weather|RainDance|[upkeep]\n|-heal|p1b: Terapagos|62/100 slp|[from] item: Leftovers\n|-damage|p1a: Tyranitar|0 fnt|[from] Leech Seed|[of] p2a: Calyrex\n|-heal|p2a: Calyrex|29/100|[silent]\n|faint|p1a: Tyranitar\n|-fieldend|move: Trick Room\n|upkeep\n|\n|t:|1773936686\n|switch|p1a: Munkidori|Munkidori, L50, M|49/100\n|turn|6\n|\n|t:|1773936707\n|switch|p2a: Urshifu|Urshifu-Rapid-Strike, L50, M|100/100\n|switch|p2b: Kyogre|Kyogre, L50|90/100\n|move|p1a: Munkidori|Acid Spray|p2a: Urshifu\n|-damage|p2a: Urshifu|75/100\n|-unboost|p2a: Urshifu|spd|2\n|-curestatus|p1b: Terapagos|slp|[msg]\n|move|p1b: Terapagos|Tera Starstorm|p2a: Urshifu\n|-damage|p2a: Urshifu|0 fnt\n|faint|p2a: Urshifu\n|\n|-weather|RainDance|[upkeep]\n|-heal|p1b: Terapagos|69/100|[from] item: Leftovers\n|upkeep\n|\n|t:|1773936719\n|switch|p2a: Amoonguss|Amoonguss, L50, M|75/100\n|turn|7\n|\n|t:|1773936727\n|-terastallize|p1b: Terapagos|Stellar\n|detailschange|p1b: Terapagos|Terapagos-Stellar, L50, M, tera:Stellar\n|-heal|p1b: Terapagos|77/100|[silent]\n|-ability|p1b: Terapagos|Teraform Zero\n|-weather|none\n|move|p2a: Amoonguss|Rage Powder|p2a: Amoonguss\n|-singleturn|p2a: Amoonguss|move: Rage Powder\n|move|p1a: Munkidori|Psychic|p2a: Amoonguss\n|-supereffective|p2a: Amoonguss\n|-damage|p2a: Amoonguss|9/100\n|move|p2b: Kyogre|Origin Pulse|p1a: Munkidori|[spread] p1a,p1b\n|-damage|p1a: Munkidori|7/100\n|-damage|p1b: Terapagos|43/100\n|move|p1b: Terapagos|Tera Starstorm|p2a: Amoonguss|[spread] p2a,p2b\n|-damage|p2a: Amoonguss|0 fnt\n|-damage|p2b: Kyogre|65/100\n|faint|p2a: Amoonguss\n|\n|-heal|p1b: Terapagos|49/100|[from] item: Leftovers\n|upkeep\n|\n|t:|1773936741\n|switch|p2a: Calyrex|Calyrex-Ice, L50|29/100\n|-ability|p2a: Calyrex|As One\n|-ability|p2a: Calyrex|Unnerve\n|turn|8\n|\n|t:|1773936756\n|move|p1a: Munkidori|Acid Spray|p2b: Kyogre\n|-damage|p2b: Kyogre|52/100\n|-unboost|p2b: Kyogre|spd|2\n|move|p2b: Kyogre|Origin Pulse|p1a: Munkidori|[spread] p1a,p1b\n|-crit|p1b: Terapagos\n|-damage|p1a: Munkidori|0 fnt\n|-damage|p1b: Terapagos|0 fnt\n|faint|p1a: Munkidori\n|faint|p1b: Terapagos\n|detailschange|p1: Terapagos|Terapagos, L50, M|[silent]\n|move|p2a: Calyrex|Leech Seed|p1: Munkidori|[notarget]\n|-fail|p2a: Calyrex\n|\n|upkeep\n|\n|t:|1773936764\n|switch|p1b: Zacian|Zacian-Crowned, L50|100/100\n|-ability|p1b: Zacian|Intrepid Sword|boost\n|-boost|p1b: Zacian|atk|1\n|turn|9\n|\n|t:|1773936777\n|move|p1b: Zacian|Behemoth Blade|p2a: Calyrex\n|-supereffective|p2a: Calyrex\n|-damage|p2a: Calyrex|0 fnt\n|faint|p2a: Calyrex\n|move|p2b: Kyogre|Origin Pulse|p1b: Zacian\n|-damage|p1b: Zacian|40/100\n|\n|upkeep\n|turn|10\n|\n|t:|1773936787\n|move|p1b: Zacian|Play Rough|p2b: Kyogre\n|-damage|p2b: Kyogre|0 fnt\n|faint|p2b: Kyogre\n|\n|win|Mooose\n|raw|Mooose's rating: 1114 &rarr; <strong>1145</strong><br />(+31 for winning)\n|raw|magoromon's rating: 1193 &rarr; <strong>1162</strong><br />(-31 for losing)\n|l|\u2606magoromon\n|player|p2|\n|l|\u2606Mooose\n|player|p1|\n","uploadtime":1773936969,"views":13,"formatid":"gen9vgc2026regi","rating":1145,"private":0,"password":null}