{"id":"gen9vgc2026regi-2575615896","format":"[Gen 9] VGC 2026 Reg I","players":["blackred123","Alex Soto's fan"],"log":"|j|\u2606blackred123\n|j|\u2606Alex Soto's fan\n|t:|1775376117\n|gametype|doubles\n|player|p1|blackred123|iono-masters|1536\n|player|p2|Alex Soto's fan|101|1444\n|gen|9\n|tier|[Gen 9] VGC 2026 Reg I\n|rated|\n|rule|Species Clause: Limit one of each Pok\u00e9mon\n|rule|Item Clause: Limit 1 of each item\n|clearpoke\n|poke|p1|Kyogre, L50|\n|poke|p1|Zamazenta-*, L50|\n|poke|p1|Chien-Pao, L50|\n|poke|p1|Amoonguss, L50, M|\n|poke|p1|Dragonite, L50, M|\n|poke|p1|Rillaboom, L50, M|\n|poke|p2|Miraidon, L50|\n|poke|p2|Lunala, L50|\n|poke|p2|Urshifu-*, L50, F|\n|poke|p2|Ursaluna, L50, M|\n|poke|p2|Incineroar, L50, M|\n|poke|p2|Whimsicott, L50, F|\n|teampreview|4\n|inactive|Battle timer is ON: inactive players will automatically lose when time's up. (requested by Alex Soto's fan)\n|inactive|blackred123 also wants the timer to be on.\n|inactive|Alex Soto's fan has 60 seconds left.\n|\n|t:|1775376172\n|teamsize|p1|4\n|teamsize|p2|4\n|start\n|switch|p1a: Kyogre|Kyogre, L50|100/100\n|switch|p1b: Rillaboom|Rillaboom, L50, M|100/100\n|switch|p2a: Lunala|Lunala, L50, shiny|100/100\n|switch|p2b: Urshifu|Urshifu-Rapid-Strike, L50, F|100/100\n|-weather|RainDance|[from] ability: Drizzle|[of] p1a: Kyogre\n|-fieldstart|move: Grassy Terrain|[from] ability: Grassy Surge|[of] p1b: Rillaboom\n|turn|1\n|\n|t:|1775376182\n|switch|p2b: Miraidon|Miraidon, L50, shiny|100/100\n|-fieldstart|move: Electric Terrain|[from] ability: Hadron Engine|[of] p2b: Miraidon\n|-enditem|p2a: Lunala|Electric Seed\n|-boost|p2a: Lunala|def|1|[from] item: Electric Seed\n|move|p2a: Lunala|Wide Guard|p2a: Lunala\n|-singleturn|p2a: Lunala|Wide Guard\n|move|p1b: Rillaboom|Fake Out|p2b: Miraidon\n|-damage|p2b: Miraidon|87/100\n|move|p1a: Kyogre|Thunder|p2b: Miraidon\n|-resisted|p2b: Miraidon\n|-damage|p2b: Miraidon|74/100\n|\n|-weather|RainDance|[upkeep]\n|upkeep\n|turn|2\n|\n|t:|1775376201\n|switch|p1a: Zamazenta|Zamazenta-Crowned, L50|100/100\n|-ability|p1a: Zamazenta|Dauntless Shield|boost\n|-boost|p1a: Zamazenta|def|1\n|move|p2b: Miraidon|Volt Switch|p1b: Rillaboom\n|-resisted|p1b: Rillaboom\n|-damage|p1b: Rillaboom|63/100\n|\n|t:|1775376212\n|switch|p2b: Urshifu|Urshifu-Rapid-Strike, L50, F|100/100|[from] Volt Switch\n|move|p2a: Lunala|Moongeist Beam|p1b: Rillaboom\n|-damage|p1b: Rillaboom|20/100\n|move|p1b: Rillaboom|U-turn|p2a: Lunala\n|-damage|p2a: Lunala|95/100\n|\n|t:|1775376224\n|switch|p1b: Kyogre|Kyogre, L50|100/100|[from] U-turn\n|\n|-weather|RainDance|[upkeep]\n|upkeep\n|turn|3\n|\n|t:|1775376241\n|switch|p2b: Whimsicott|Whimsicott, L50, F, shiny|100/100\n|-terastallize|p1a: Zamazenta|Grass\n|move|p1b: Kyogre|Water Spout|p2b: Whimsicott|[spread] p2a,p2b\n|-resisted|p2b: Whimsicott\n|-damage|p2a: Lunala|24/100\n|-damage|p2b: Whimsicott|13/100\n|move|p1a: Zamazenta|Body Press|p2b: Whimsicott\n|-resisted|p2b: Whimsicott\n|-damage|p2b: Whimsicott|0 fnt\n|faint|p2b: Whimsicott\n|move|p2a: Lunala|Moongeist Beam|p1a: Zamazenta\n|-damage|p1a: Zamazenta|57/100\n|\n|-weather|RainDance|[upkeep]\n|upkeep\n|\n|t:|1775376259\n|switch|p2b: Miraidon|Miraidon, L50, shiny|74/100\n|-activate|p2b: Miraidon|ability: Hadron Engine\n|turn|4\n|\n|t:|1775376270\n|switch|p1b: Rillaboom|Rillaboom, L50, M|20/100\n|-fieldstart|move: Grassy Terrain|[from] ability: Grassy Surge|[of] p1b: Rillaboom\n|move|p2b: Miraidon|Volt Switch|p1b: Rillaboom\n|-resisted|p1b: Rillaboom\n|-damage|p1b: Rillaboom|0 fnt\n|faint|p1b: Rillaboom\n|\n|t:|1775376279\n|switch|p2b: Urshifu|Urshifu-Rapid-Strike, L50, F|100/100|[from] Volt Switch\n|move|p1a: Zamazenta|Heavy Slam|p2a: Lunala\n|-damage|p2a: Lunala|0 fnt\n|faint|p2a: Lunala\n|\n|-weather|RainDance|[upkeep]\n|-heal|p1a: Zamazenta|63/100|[from] Grassy Terrain\n|upkeep\n|\n|t:|1775376285\n|switch|p2a: Miraidon|Miraidon, L50, shiny|74/100\n|switch|p1b: Kyogre|Kyogre, L50|100/100\n|-fieldstart|move: Electric Terrain|[from] ability: Hadron Engine|[of] p2a: Miraidon\n|turn|5\n|\n|t:|1775376298\n|move|p1b: Kyogre|Water Spout|p2a: Miraidon|[spread] p2a,p2b\n|-resisted|p2a: Miraidon\n|-resisted|p2b: Urshifu\n|-damage|p2a: Miraidon|36/100\n|-damage|p2b: Urshifu|43/100\n|move|p2a: Miraidon|Electro Drift|p1b: Kyogre\n|-supereffective|p1b: Kyogre\n|-damage|p1b: Kyogre|0 fnt\n|faint|p1b: Kyogre\n|move|p1a: Zamazenta|Body Press|p2a: Miraidon\n|-damage|p2a: Miraidon|0 fnt\n|faint|p2a: Miraidon\n|move|p2b: Urshifu|Surging Strikes|p1a: Zamazenta\n|-resisted|p1a: Zamazenta\n|-crit|p1a: Zamazenta\n|-damage|p1a: Zamazenta|49/100\n|-resisted|p1a: Zamazenta\n|-crit|p1a: Zamazenta\n|-damage|p1a: Zamazenta|35/100\n|-resisted|p1a: Zamazenta\n|-crit|p1a: Zamazenta\n|-damage|p1a: Zamazenta|22/100\n|-hitcount|p1a: Zamazenta|3\n|\n|-weather|none\n|upkeep\n|\n|t:|1775376307\n|switch|p1b: Dragonite|Dragonite, L50, M|100/100\n|turn|6\n|\n|t:|1775376312\n|-terastallize|p2b: Urshifu|Ghost\n|move|p1b: Dragonite|Extreme Speed|p2b: Urshifu\n|-immune|p2b: Urshifu\n|move|p1a: Zamazenta|Body Press|p2b: Urshifu\n|-immune|p2b: Urshifu\n|move|p2b: Urshifu|Surging Strikes|p1a: Zamazenta\n|-resisted|p1a: Zamazenta\n|-crit|p1a: Zamazenta\n|-damage|p1a: Zamazenta|14/100\n|-resisted|p1a: Zamazenta\n|-crit|p1a: Zamazenta\n|-damage|p1a: Zamazenta|5/100\n|-resisted|p1a: Zamazenta\n|-crit|p1a: Zamazenta\n|-damage|p1a: Zamazenta|0 fnt\n|faint|p1a: Zamazenta\n|-hitcount|p1: Zamazenta|3\n|\n|upkeep\n|turn|7\n|-message|blackred123 forfeited.\n|\n|win|Alex Soto's fan\n|raw|blackred123's rating: 1536 &rarr; <strong>1511</strong><br />(-25 for losing)\n|raw|Alex Soto&apos;s fan's rating: 1444 &rarr; <strong>1469</strong><br />(+25 for winning)\n|l|\u2606Alex Soto's fan\n|player|p2|\n","uploadtime":1775376330,"views":7,"formatid":"gen9vgc2026regi","rating":1469,"private":0,"password":null}