{"id":"gen9vgc2026regi-2562560587","format":"[Gen 9] VGC 2026 Reg I","players":["Gorfgob","jd8erh"],"log":"|j|\u2606Gorfgob\n|j|\u2606jd8erh\n|t:|1773930359\n|gametype|doubles\n|player|p1|Gorfgob|266|1391\n|player|p2|jd8erh|265|1339\n|gen|9\n|tier|[Gen 9] VGC 2026 Reg I\n|rated|\n|rule|Species Clause: Limit one of each Pok\u00e9mon\n|rule|Item Clause: Limit 1 of each item\n|clearpoke\n|poke|p1|Terapagos, L50, M|\n|poke|p1|Koraidon, L50|\n|poke|p1|Farigiraf, L50, M|\n|poke|p1|Rillaboom, L50, F|\n|poke|p1|Incineroar, L50, F|\n|poke|p1|Flutter Mane, L50|\n|poke|p2|Zacian-*, L50|\n|poke|p2|Thundurus, L50, M|\n|poke|p2|Kyogre, L50|\n|poke|p2|Landorus, L50, M|\n|poke|p2|Sinistcha, L50|\n|poke|p2|Archaludon, L50, M|\n|teampreview|4\n|inactive|Battle timer is ON: inactive players will automatically lose when time's up. (requested by jd8erh)\n|l|\u2606jd8erh\n|inactive|jd8erh disconnected and has a minute to reconnect!\n|player|p2|\n|j|\u2606jd8erh\n|inactive|jd8erh reconnected and has 70 seconds left.\n|player|p2|jd8erh|265|\n|inactive|Gorfgob has 60 seconds left.\n|inactive|jd8erh has 60 seconds left.\n|l|\u2606jd8erh\n|inactive|jd8erh disconnected and has a minute to reconnect!\n|player|p2|\n|\n|t:|1773930409\n|teamsize|p1|4\n|teamsize|p2|4\n|start\n|switch|p1a: Terapagos|Terapagos, L50, M|100/100\n|switch|p1b: Incineroar|Incineroar, L50, F|100/100\n|switch|p2a: Zacian|Zacian-Crowned, L50|100/100\n|switch|p2b: Thundurus|Thundurus, L50, M|100/100\n|-activate|p1a: Terapagos|ability: Tera Shift\n|detailschange|p1a: Terapagos|Terapagos-Terastal, L50, M\n|-heal|p1a: Terapagos|100/100|[silent]\n|-ability|p2a: Zacian|Intrepid Sword|boost\n|-boost|p2a: Zacian|atk|1\n|-ability|p1b: Incineroar|Intimidate|boost\n|-unboost|p2a: Zacian|atk|1\n|-unboost|p2b: Thundurus|atk|1\n|-ability|p2b: Thundurus|Defiant|boost\n|-boost|p2b: Thundurus|atk|2\n|turn|1\n|inactive|jd8erh has 30 seconds left.\n|inactive|jd8erh has 20 seconds left.\n|inactive|jd8erh has 15 seconds left.\n|inactive|jd8erh has 10 seconds left.\n|inactive|jd8erh has 5 seconds left.\n|j|\u2606jd8erh\n|inactive|jd8erh reconnected and has 5 seconds left.\n|player|p2|jd8erh|265|\n|\n|t:|1773930464\n|switch|p1a: Koraidon|Koraidon, L50|100/100\n|-weather|SunnyDay|[from] ability: Orichalcum Pulse|[of] p1a: Koraidon\n|-activate|p1a: Koraidon|Orichalcum Pulse|[source]\n|move|p2a: Zacian|Behemoth Blade|p1a: Koraidon\n|-damage|p1a: Koraidon|52/100\n|move|p2b: Thundurus|Wild Charge|p1a: Koraidon\n|-resisted|p1a: Koraidon\n|-damage|p1a: Koraidon|22/100\n|-damage|p2b: Thundurus|93/100|[from] Recoil\n|move|p1b: Incineroar|Flare Blitz|p2a: Zacian\n|-supereffective|p2a: Zacian\n|-damage|p2a: Zacian|0 fnt\n|faint|p2a: Zacian\n|-damage|p1b: Incineroar|73/100|[from] Recoil\n|\n|-weather|SunnyDay|[upkeep]\n|upkeep\n|\n|t:|1773930469\n|switch|p2a: Kyogre|Kyogre, L50|100/100\n|-weather|RainDance|[from] ability: Drizzle|[of] p2a: Kyogre\n|turn|2\n|\n|t:|1773930486\n|switch|p1b: Terapagos|Terapagos-Terastal, L50, M|100/100\n|move|p1a: Koraidon|Protect|p1a: Koraidon\n|-singleturn|p1a: Koraidon|Protect\n|move|p2b: Thundurus|Knock Off|p1a: Koraidon\n|-activate|p1a: Koraidon|move: Protect\n|move|p2a: Kyogre|Water Spout|p1b: Terapagos|[spread] p1b\n|-activate|p1a: Koraidon|move: Protect\n|-activate|p1b: Terapagos|ability: Tera Shell\n|-resisted|p1b: Terapagos\n|-damage|p1b: Terapagos|50/100\n|\n|-weather|RainDance|[upkeep]\n|-heal|p1b: Terapagos|56/100|[from] item: Leftovers\n|upkeep\n|turn|3\n|\n|t:|1773930501\n|switch|p1a: Farigiraf|Farigiraf, L50, M|100/100\n|-terastallize|p1b: Terapagos|Stellar\n|detailschange|p1b: Terapagos|Terapagos-Stellar, L50, M, tera:Stellar\n|-heal|p1b: Terapagos|67/100|[silent]\n|-ability|p1b: Terapagos|Teraform Zero\n|-weather|none\n|move|p2a: Kyogre|Protect|p2a: Kyogre\n|-singleturn|p2a: Kyogre|Protect\n|move|p2b: Thundurus|Wild Charge|p1a: Farigiraf\n|-damage|p1a: Farigiraf|54/100\n|-damage|p2b: Thundurus|78/100|[from] Recoil\n|move|p1b: Terapagos|Calm Mind|p1b: Terapagos\n|-boost|p1b: Terapagos|spa|1\n|-boost|p1b: Terapagos|spd|1\n|\n|-heal|p1b: Terapagos|73/100|[from] item: Leftovers\n|upkeep\n|turn|4\n|\n|t:|1773930520\n|move|p1a: Farigiraf|Helping Hand|p1b: Terapagos\n|-singleturn|p1b: Terapagos|Helping Hand|[of] p1a: Farigiraf\n|move|p2b: Thundurus|Eerie Impulse|p1b: Terapagos\n|-unboost|p1b: Terapagos|spa|2\n|move|p2a: Kyogre|Water Spout|p1a: Farigiraf|[spread] p1a,p1b\n|-damage|p1a: Farigiraf|0 fnt\n|-damage|p1b: Terapagos|40/100\n|faint|p1a: Farigiraf\n|move|p1b: Terapagos|Tera Starstorm|p2a: Kyogre|[spread] p2a,p2b\n|-crit|p2b: Thundurus\n|-damage|p2a: Kyogre|73/100\n|-damage|p2b: Thundurus|0 fnt\n|faint|p2b: Thundurus\n|\n|-heal|p1b: Terapagos|46/100|[from] item: Leftovers\n|upkeep\n|\n|t:|1773930532\n|switch|p2b: Archaludon|Archaludon, L50, M|100/100\n|switch|p1a: Koraidon|Koraidon, L50|22/100\n|-weather|SunnyDay|[from] ability: Orichalcum Pulse|[of] p1a: Koraidon\n|-activate|p1a: Koraidon|Orichalcum Pulse|[source]\n|turn|5\n|\n|t:|1773930547\n|-terastallize|p2b: Archaludon|Grass\n|move|p1a: Koraidon|Close Combat|p2b: Archaludon\n|-crit|p2b: Archaludon\n|-damage|p2b: Archaludon|0 fnt\n|-unboost|p1a: Koraidon|def|1\n|-unboost|p1a: Koraidon|spd|1\n|faint|p2b: Archaludon\n|-damage|p1a: Koraidon|12/100|[from] item: Life Orb\n|move|p2a: Kyogre|Ice Beam|p1a: Koraidon\n|-supereffective|p1a: Koraidon\n|-damage|p1a: Koraidon|0 fnt\n|faint|p1a: Koraidon\n|move|p1b: Terapagos|Calm Mind|p1b: Terapagos\n|-boost|p1b: Terapagos|spa|1\n|-boost|p1b: Terapagos|spd|1\n|\n|-weather|SunnyDay|[upkeep]\n|-heal|p1b: Terapagos|52/100|[from] item: Leftovers\n|upkeep\n|\n|t:|1773930556\n|switch|p1a: Incineroar|Incineroar, L50, F|73/100\n|-ability|p1a: Incineroar|Intimidate|boost\n|-unboost|p2a: Kyogre|atk|1\n|turn|6\n|\n|t:|1773930559\n|move|p2a: Kyogre|Protect|p2a: Kyogre\n|-singleturn|p2a: Kyogre|Protect\n|move|p1a: Incineroar|Fake Out|p2a: Kyogre\n|-activate|p2a: Kyogre|move: Protect\n|move|p1b: Terapagos|Tera Starstorm|p2a: Kyogre\n|-activate|p2a: Kyogre|move: Protect\n|\n|-weather|SunnyDay|[upkeep]\n|-heal|p1b: Terapagos|58/100|[from] item: Leftovers\n|upkeep\n|turn|7\n|\n|t:|1773930565\n|move|p2a: Kyogre|Origin Pulse|p1b: Terapagos|[spread] p1a\n|-miss|p2a: Kyogre|p1b: Terapagos\n|-supereffective|p1a: Incineroar\n|-damage|p1a: Incineroar|12/100\n|move|p1b: Terapagos|Tera Starstorm|p2a: Kyogre\n|-damage|p2a: Kyogre|37/100\n|move|p1a: Incineroar|Knock Off|p2a: Kyogre\n|-damage|p2a: Kyogre|0 fnt\n|-enditem|p2a: Kyogre|Mystic Water|[from] move: Knock Off|[of] p1a: Incineroar\n|faint|p2a: Kyogre\n|\n|win|Gorfgob\n|raw|Gorfgob's rating: 1391 &rarr; <strong>1408</strong><br />(+17 for winning)\n|raw|jd8erh's rating: 1339 &rarr; <strong>1322</strong><br />(-17 for losing)\n|l|\u2606Gorfgob\n|player|p1|\n|l|\u2606jd8erh\n|player|p2|\n","uploadtime":1773930800,"views":14,"formatid":"gen9vgc2026regi","rating":1322,"private":0,"password":null}