{"id":"gen9vgc2026regi-2570747934","format":"[Gen 9] VGC 2026 Reg I","players":["inb_178","Kwiper"],"log":"|j|\u2606inb_178\n|j|\u2606Kwiper\n|t:|1774842831\n|gametype|doubles\n|player|p1|inb_178|2|1596\n|player|p2|Kwiper|sycamore|1698\n|gen|9\n|tier|[Gen 9] VGC 2026 Reg I\n|rated|\n|rule|Species Clause: Limit one of each Pok\u00e9mon\n|rule|Item Clause: Limit 1 of each item\n|clearpoke\n|poke|p1|Miraidon, L50|\n|poke|p1|Zamazenta-*, L50|\n|poke|p1|Pelipper, L50, F|\n|poke|p1|Iron Bundle, L50|\n|poke|p1|Urshifu-*, L50, M|\n|poke|p1|Sneasler, L50, M|\n|poke|p2|Koraidon, L50|\n|poke|p2|Lunala, L50|\n|poke|p2|Indeedee-F, L50, F|\n|poke|p2|Flutter Mane, L50|\n|poke|p2|Volcarona, L50, M|\n|poke|p2|Ursaluna, L50, M|\n|teampreview|4\n|inactive|Battle timer is ON: inactive players will automatically lose when time's up. (requested by Kwiper)\n|inactive|inb_178 has 60 seconds left.\n|inactive|Kwiper has 60 seconds left.\n|\n|t:|1774842869\n|teamsize|p1|4\n|teamsize|p2|4\n|start\n|switch|p1a: Miraidon|Miraidon, L50|100/100\n|switch|p1b: Iron Bundle|Iron Bundle, L50|100/100\n|switch|p2a: Lunala|Lunala, L50, shiny|100/100\n|switch|p2b: Indeedee|Indeedee-F, L50, F|100/100\n|-fieldstart|move: Electric Terrain|[from] ability: Hadron Engine|[of] p1a: Miraidon\n|-activate|p1b: Iron Bundle|ability: Quark Drive\n|-start|p1b: Iron Bundle|quarkdrivespe\n|-fieldstart|move: Psychic Terrain|[from] ability: Psychic Surge|[of] p2b: Indeedee\n|-end|p1b: Iron Bundle|Quark Drive\n|turn|1\n|\n|t:|1774842893\n|move|p1b: Iron Bundle|Encore||[still]\n|-fail|p1b: Iron Bundle\n|move|p1a: Miraidon|Volt Switch|p2a: Lunala\n|-damage|p2a: Lunala|85/100\n|\n|t:|1774842899\n|switch|p1a: Zamazenta|Zamazenta-Crowned, L50|100/100|[from] Volt Switch\n|-ability|p1a: Zamazenta|Dauntless Shield|boost\n|-boost|p1a: Zamazenta|def|1\n|move|p2a: Lunala|Expanding Force|p1a: Zamazenta|[spread] p1a,p1b\n|-damage|p1a: Zamazenta|58/100\n|-enditem|p1b: Iron Bundle|Focus Sash\n|-damage|p1b: Iron Bundle|1/100\n|move|p2b: Indeedee|Trick Room|p2b: Indeedee\n|-fieldstart|move: Trick Room|[of] p2b: Indeedee\n|\n|upkeep\n|turn|2\n|inactive|Kwiper has 30 seconds left.\n|inactive|Kwiper has 20 seconds left.\n|inactive|Kwiper has 15 seconds left.\n|\n|t:|1774842943\n|switch|p2b: Volcarona|Volcarona, L50, M|100/100\n|-end|p1b: Iron Bundle|Quark Drive|[silent]\n|switch|p1b: Miraidon|Miraidon, L50|100/100\n|-fieldstart|move: Electric Terrain|[from] ability: Hadron Engine|[of] p1b: Miraidon\n|move|p1a: Zamazenta|Protect|p1a: Zamazenta\n|-singleturn|p1a: Zamazenta|Protect\n|move|p2a: Lunala|Meteor Beam||[still]\n|-prepare|p2a: Lunala|Meteor Beam\n|-boost|p2a: Lunala|spa|1\n|-enditem|p2a: Lunala|Power Herb\n|-anim|p2a: Lunala|Meteor Beam|p1b: Miraidon\n|-damage|p1b: Miraidon|64/100\n|\n|upkeep\n|turn|3\n|\n|t:|1774842960\n|-terastallize|p1b: Miraidon|Electric\n|move|p1a: Zamazenta|Wide Guard|p1a: Zamazenta\n|-singleturn|p1a: Zamazenta|Wide Guard\n|move|p2b: Volcarona|Will-O-Wisp|p1a: Zamazenta\n|-status|p1a: Zamazenta|brn\n|move|p2a: Lunala|Moongeist Beam|p1b: Miraidon\n|-damage|p1b: Miraidon|13/100\n|move|p1b: Miraidon|Parabolic Charge|p2b: Volcarona|[spread] p2a,p2b\n|-activate|p1a: Zamazenta|move: Wide Guard\n|-damage|p2a: Lunala|34/100\n|-heal|p1b: Miraidon|44/100|[from] drain|[of] p2a: Lunala\n|-damage|p2b: Volcarona|44/100\n|-heal|p1b: Miraidon|73/100|[from] drain|[of] p2b: Volcarona\n|\n|-damage|p1a: Zamazenta|52/100 brn|[from] brn\n|upkeep\n|turn|4\n|\n|t:|1774842982\n|move|p2a: Lunala|Wide Guard|p2a: Lunala\n|-singleturn|p2a: Lunala|Wide Guard\n|move|p1a: Zamazenta|Wide Guard|p1a: Zamazenta\n|-singleturn|p1a: Zamazenta|Wide Guard\n|move|p2b: Volcarona|Will-O-Wisp|p1b: Miraidon\n|-status|p1b: Miraidon|brn\n|move|p1b: Miraidon|Parabolic Charge|p2a: Lunala|[spread] \n|-activate|p1a: Zamazenta|move: Wide Guard\n|-activate|p2a: Lunala|move: Wide Guard\n|-activate|p2b: Volcarona|move: Wide Guard\n|\n|-damage|p1a: Zamazenta|46/100 brn|[from] brn\n|-damage|p1b: Miraidon|67/100 brn|[from] brn\n|upkeep\n|turn|5\n|j| bullgod4ever\n|\n|t:|1774843000\n|move|p2a: Lunala|Wide Guard|p2a: Lunala\n|-singleturn|p2a: Lunala|Wide Guard\n|move|p1a: Zamazenta|Wide Guard|p1a: Zamazenta\n|-singleturn|p1a: Zamazenta|Wide Guard\n|move|p2b: Volcarona|Tailwind|p2b: Volcarona\n|-sidestart|p2: Kwiper|move: Tailwind\n|move|p1b: Miraidon|Volt Switch|p2a: Lunala\n|-damage|p2a: Lunala|0 fnt\n|faint|p2a: Lunala\n|\n|t:|1774843014\n|switch|p1b: Iron Bundle|Iron Bundle, L50|1/100|[from] Volt Switch\n|-activate|p1b: Iron Bundle|ability: Quark Drive\n|-start|p1b: Iron Bundle|quarkdrivespe\n|\n|-damage|p1a: Zamazenta|40/100 brn|[from] brn\n|-fieldend|move: Trick Room\n|upkeep\n|\n|t:|1774843018\n|switch|p2a: Indeedee|Indeedee-F, L50, F|100/100\n|-fieldstart|move: Psychic Terrain|[from] ability: Psychic Surge|[of] p2a: Indeedee\n|-end|p1b: Iron Bundle|Quark Drive\n|turn|6\n|\n|t:|1774843034\n|-end|p1b: Iron Bundle|Quark Drive|[silent]\n|switch|p1b: Miraidon|Miraidon, L50, tera:Electric|67/100 brn\n|-fieldstart|move: Electric Terrain|[from] ability: Hadron Engine|[of] p1b: Miraidon\n|-terastallize|p2a: Indeedee|Fairy\n|move|p2b: Volcarona|Struggle Bug|p1a: Zamazenta|[spread] p1a,p1b\n|-resisted|p1a: Zamazenta\n|-damage|p1a: Zamazenta|37/100 brn\n|-damage|p1b: Miraidon|59/100 brn\n|-unboost|p1a: Zamazenta|spa|1\n|-unboost|p1b: Miraidon|spa|1\n|move|p2a: Indeedee|Alluring Voice|p1a: Zamazenta\n|-damage|p1a: Zamazenta|21/100 brn\n|move|p1a: Zamazenta|Body Press|p2a: Indeedee\n|-resisted|p2a: Indeedee\n|-damage|p2a: Indeedee|88/100\n|\n|-damage|p1b: Miraidon|53/100 brn|[from] brn\n|-damage|p1a: Zamazenta|15/100 brn|[from] brn\n|upkeep\n|turn|7\n|\n|t:|1774843054\n|move|p1a: Zamazenta|Wide Guard|p1a: Zamazenta\n|-singleturn|p1a: Zamazenta|Wide Guard\n|move|p2b: Volcarona|Struggle Bug|p1b: Miraidon|[spread] \n|-activate|p1a: Zamazenta|move: Wide Guard\n|-activate|p1b: Miraidon|move: Wide Guard\n|move|p2a: Indeedee|Alluring Voice|p1a: Zamazenta\n|-damage|p1a: Zamazenta|0 fnt\n|faint|p1a: Zamazenta\n|move|p1b: Miraidon|Parabolic Charge|p2b: Volcarona|[spread] p2a,p2b\n|-damage|p2a: Indeedee|45/100\n|-heal|p1b: Miraidon|73/100 brn|[from] drain|[of] p2a: Indeedee\n|-damage|p2b: Volcarona|10/100\n|-heal|p1b: Miraidon|90/100 brn|[from] drain|[of] p2b: Volcarona\n|\n|-damage|p1b: Miraidon|84/100 brn|[from] brn\n|upkeep\n|\n|t:|1774843078\n|switch|p1a: Iron Bundle|Iron Bundle, L50|1/100\n|-activate|p1a: Iron Bundle|ability: Quark Drive\n|-start|p1a: Iron Bundle|quarkdrivespe\n|turn|8\n|j| Archmage Cazper\n|\n|t:|1774843086\n|move|p1a: Iron Bundle|Protect|p1a: Iron Bundle\n|-singleturn|p1a: Iron Bundle|Protect\n|move|p2a: Indeedee|Follow Me|p2a: Indeedee\n|-singleturn|p2a: Indeedee|move: Follow Me\n|move|p2b: Volcarona|Struggle Bug|p1b: Miraidon|[spread] p1b\n|-activate|p1a: Iron Bundle|move: Protect\n|-damage|p1b: Miraidon|75/100 brn\n|-unboost|p1b: Miraidon|spa|1\n|move|p1b: Miraidon|Volt Switch|p2a: Indeedee\n|-crit|p2a: Indeedee\n|-damage|p2a: Indeedee|0 fnt\n|faint|p2a: Indeedee\n|\n|t:|1774843099\n|switch|p1b: Pelipper|Pelipper, L50, F|100/100|[from] Volt Switch\n|-weather|RainDance|[from] ability: Drizzle|[of] p1b: Pelipper\n|\n|-weather|RainDance|[upkeep]\n|-sideend|p2: Kwiper|move: Tailwind\n|upkeep\n|\n|t:|1774843102\n|switch|p2a: Koraidon|Koraidon, L50, shiny|100/100\n|-weather|SunnyDay|[from] ability: Orichalcum Pulse|[of] p2a: Koraidon\n|-activate|p2a: Koraidon|Orichalcum Pulse|[source]\n|turn|9\n|j| 801344244b\n|\n|t:|1774843117\n|switch|p1b: Miraidon|Miraidon, L50, tera:Electric|75/100 brn\n|-activate|p1b: Miraidon|ability: Hadron Engine\n|move|p1a: Iron Bundle|Icy Wind|p2a: Koraidon|[spread] p2a,p2b\n|-supereffective|p2a: Koraidon\n|-resisted|p2b: Volcarona\n|-crit|p2b: Volcarona\n|-damage|p2a: Koraidon|59/100\n|-damage|p2b: Volcarona|0 fnt\n|-unboost|p2a: Koraidon|spe|1\n|faint|p2b: Volcarona\n|move|p2a: Koraidon|Breaking Swipe|p1a: Iron Bundle|[spread] p1a,p1b\n|-damage|p1a: Iron Bundle|0 fnt\n|-damage|p1b: Miraidon|38/100 brn\n|-unboost|p1b: Miraidon|atk|1\n|faint|p1a: Iron Bundle\n|-end|p1a: Iron Bundle|Quark Drive|[silent]\n|-damage|p2a: Koraidon|50/100|[from] item: Life Orb\n|\n|-weather|SunnyDay|[upkeep]\n|-damage|p1b: Miraidon|32/100 brn|[from] brn\n|upkeep\n|-message|Kwiper forfeited.\n|\n|win|inb_178\n|raw|inb_178's rating: 1596 &rarr; <strong>1622</strong><br />(+26 for winning)\n|raw|Kwiper's rating: 1698 &rarr; <strong>1672</strong><br />(-26 for losing)\n","uploadtime":1774843123,"views":27,"formatid":"gen9vgc2026regi","rating":1622,"private":0,"password":null}