{"id":"gen9vgc2026regi-2536529447","format":"[Gen 9] VGC 2026 Reg I","players":["blackred123","OakmanBro"],"log":"|j|\u2606blackred123\n|j|\u2606OakmanBro\n|t:|1770700203\n|gametype|doubles\n|player|p1|blackred123|iono-masters|1217\n|player|p2|OakmanBro|2|1178\n|gen|9\n|tier|[Gen 9] VGC 2026 Reg I\n|rated|\n|rule|Species Clause: Limit one of each Pok\u00e9mon\n|rule|Item Clause: Limit 1 of each item\n|clearpoke\n|poke|p1|Zamazenta-*, L50|\n|poke|p1|Calyrex-Shadow, L50|\n|poke|p1|Tornadus, L50, M|\n|poke|p1|Rillaboom, L50, F|\n|poke|p1|Smeargle, L50, M|\n|poke|p1|Raging Bolt, L50|\n|poke|p2|Giratina-Origin, L50|\n|poke|p2|Sneasler, L50, M|\n|poke|p2|Indeedee, L50, M|\n|poke|p2|Calyrex-Ice, L50|\n|poke|p2|Tornadus, L50, M|\n|poke|p2|Flutter Mane, L50|\n|teampreview|4\n|inactive|Battle timer is ON: inactive players will automatically lose when time's up. (requested by blackred123)\n|\n|t:|1770700226\n|teamsize|p1|4\n|teamsize|p2|4\n|start\n|switch|p1a: \u556a\u53fd\u556a\uff08\u5657\u53fd\u58f0\uff09|Zamazenta-Crowned, L50|100/100\n|switch|p1b: \u7d2b\u5c3e\u723d\u98de|Tornadus, L50, M|100/100\n|switch|p2a: Tornadus|Tornadus, L50, M|100/100\n|switch|p2b: Flutter Mane|Flutter Mane, L50|100/100\n|-ability|p1a: \u556a\u53fd\u556a\uff08\u5657\u53fd\u58f0\uff09|Dauntless Shield|boost\n|-boost|p1a: \u556a\u53fd\u556a\uff08\u5657\u53fd\u58f0\uff09|def|1\n|-enditem|p2b: Flutter Mane|Booster Energy\n|-activate|p2b: Flutter Mane|ability: Protosynthesis|[fromitem]\n|-start|p2b: Flutter Mane|protosynthesisspe\n|turn|1\n|\n|t:|1770700251\n|move|p2b: Flutter Mane|Protect|p2b: Flutter Mane\n|-singleturn|p2b: Flutter Mane|Protect\n|move|p2a: Tornadus|Tailwind|p2a: Tornadus\n|-sidestart|p2: OakmanBro|move: Tailwind\n|move|p1b: \u7d2b\u5c3e\u723d\u98de|Tailwind|p1b: \u7d2b\u5c3e\u723d\u98de\n|-sidestart|p1: blackred123|move: Tailwind\n|move|p1a: \u556a\u53fd\u556a\uff08\u5657\u53fd\u58f0\uff09|Heavy Slam|p2b: Flutter Mane\n|-activate|p2b: Flutter Mane|move: Protect\n|\n|upkeep\n|turn|2\n|\n|t:|1770700266\n|move|p2b: Flutter Mane|Power Gem|p1b: \u7d2b\u5c3e\u723d\u98de\n|-supereffective|p1b: \u7d2b\u5c3e\u723d\u98de\n|-damage|p1b: \u7d2b\u5c3e\u723d\u98de|36/100\n|move|p2a: Tornadus|Sludge Bomb|p1b: \u7d2b\u5c3e\u723d\u98de\n|-damage|p1b: \u7d2b\u5c3e\u723d\u98de|0 fnt\n|faint|p1b: \u7d2b\u5c3e\u723d\u98de\n|move|p1a: \u556a\u53fd\u556a\uff08\u5657\u53fd\u58f0\uff09|Heavy Slam|p2b: Flutter Mane\n|-supereffective|p2b: Flutter Mane\n|-damage|p2b: Flutter Mane|0 fnt\n|faint|p2b: Flutter Mane\n|-end|p2b: Flutter Mane|Protosynthesis|[silent]\n|\n|upkeep\n|\n|t:|1770700281\n|switch|p2b: Calyrex|Calyrex-Ice, L50|100/100\n|switch|p1b: \u9a6c\u6b7b\u4e86|Calyrex-Shadow, L50|100/100\n|-ability|p1b: \u9a6c\u6b7b\u4e86|As One\n|-ability|p1b: \u9a6c\u6b7b\u4e86|Unnerve\n|-ability|p2b: Calyrex|As One\n|-ability|p2b: Calyrex|Unnerve\n|turn|3\n|\n|t:|1770700303\n|move|p1b: \u9a6c\u6b7b\u4e86|Astral Barrage|p2b: Calyrex|[spread] p2a,p2b\n|-supereffective|p2b: Calyrex\n|-damage|p2a: Tornadus|2/100\n|-damage|p2b: Calyrex|10/100\n|-damage|p1b: \u9a6c\u6b7b\u4e86|91/100|[from] item: Life Orb\n|move|p2a: Tornadus|Bleakwind Storm|p1b: \u9a6c\u6b7b\u4e86|[spread] p1a,p1b\n|-damage|p1a: \u556a\u53fd\u556a\uff08\u5657\u53fd\u58f0\uff09|71/100\n|-damage|p1b: \u9a6c\u6b7b\u4e86|52/100\n|move|p1a: \u556a\u53fd\u556a\uff08\u5657\u53fd\u58f0\uff09|Body Press|p2b: Calyrex\n|-damage|p2b: Calyrex|0 fnt\n|faint|p2b: Calyrex\n|\n|upkeep\n|\n|t:|1770700320\n|switch|p2b: Giratina|Giratina-Origin, L50|100/100\n|turn|4\n|\n|t:|1770700342\n|-terastallize|p1b: \u9a6c\u6b7b\u4e86|Dark\n|move|p1b: \u9a6c\u6b7b\u4e86|Astral Barrage|p2b: Giratina|[spread] p2a,p2b\n|-supereffective|p2b: Giratina\n|-damage|p2a: Tornadus|0 fnt\n|-damage|p2b: Giratina|21/100\n|faint|p2a: Tornadus\n|-ability|p1b: \u9a6c\u6b7b\u4e86|Grim Neigh|boost\n|-boost|p1b: \u9a6c\u6b7b\u4e86|spa|1\n|-damage|p1b: \u9a6c\u6b7b\u4e86|43/100|[from] item: Life Orb\n|move|p1a: \u556a\u53fd\u556a\uff08\u5657\u53fd\u58f0\uff09|Heavy Slam|p2b: Giratina\n|-damage|p2b: Giratina|10/100\n|move|p2b: Giratina|Phantom Force||[still]\n|-prepare|p2b: Giratina|Phantom Force\n|\n|-sideend|p1: blackred123|move: Tailwind\n|-sideend|p2: OakmanBro|move: Tailwind\n|upkeep\n|turn|5\n|\n|t:|1770700360\n|move|p1b: \u9a6c\u6b7b\u4e86|Protect|p1b: \u9a6c\u6b7b\u4e86\n|-singleturn|p1b: \u9a6c\u6b7b\u4e86|Protect\n|move|p1a: \u556a\u53fd\u556a\uff08\u5657\u53fd\u58f0\uff09|Heavy Slam|p2b: Giratina|[miss]\n|-miss|p1a: \u556a\u53fd\u556a\uff08\u5657\u53fd\u58f0\uff09|p2b: Giratina\n|move|p2b: Giratina|Phantom Force|p1b: \u9a6c\u6b7b\u4e86|[from] lockedmove\n|-activate|p1b: \u9a6c\u6b7b\u4e86|move: Phantom Force|[broken]\n|-resisted|p1b: \u9a6c\u6b7b\u4e86\n|-damage|p1b: \u9a6c\u6b7b\u4e86|19/100\n|\n|upkeep\n|turn|6\n|\n|t:|1770700381\n|move|p2b: Giratina|Shadow Sneak|p1b: \u9a6c\u6b7b\u4e86\n|-resisted|p1b: \u9a6c\u6b7b\u4e86\n|-damage|p1b: \u9a6c\u6b7b\u4e86|8/100\n|move|p1b: \u9a6c\u6b7b\u4e86|Astral Barrage|p2b: Giratina\n|-supereffective|p2b: Giratina\n|-damage|p2b: Giratina|0 fnt\n|faint|p2b: Giratina\n|-damage|p1b: \u9a6c\u6b7b\u4e86|0 fnt|[from] item: Life Orb\n|faint|p1b: \u9a6c\u6b7b\u4e86\n|\n|win|blackred123\n|raw|blackred123's rating: 1217 &rarr; <strong>1239</strong><br />(+22 for winning)\n|raw|OakmanBro's rating: 1178 &rarr; <strong>1156</strong><br />(-22 for losing)\n|l|\u2606OakmanBro\n|player|p2|\n","uploadtime":1770700572,"views":13,"formatid":"gen9vgc2026regi","rating":1156,"private":0,"password":null}