{"id":"gen9vgc2026regi-2529941863","format":"[Gen 9] VGC 2026 Reg I","players":["ky123456","figobello"],"log":"|j|\u2606ky123456\n|j|\u2606figobello\n|t:|1769850134\n|gametype|doubles\n|player|p1|ky123456|cynthia-gen4|1509\n|player|p2|figobello|marnie-masters3|1275\n|gen|9\n|tier|[Gen 9] VGC 2026 Reg I\n|rated|\n|rule|Species Clause: Limit one of each Pok\u00e9mon\n|rule|Item Clause: Limit 1 of each item\n|clearpoke\n|poke|p1|Calyrex-Shadow, L50|\n|poke|p1|Zamazenta-*, L50|\n|poke|p1|Roaring Moon, L50|\n|poke|p1|Maushold, L50|\n|poke|p1|Weezing, L50, F|\n|poke|p1|Amoonguss, L50, M|\n|poke|p2|Farigiraf, L50, F|\n|poke|p2|Hitmontop, L50, M|\n|poke|p2|Kyogre, L50|\n|poke|p2|Iron Bundle, L50|\n|poke|p2|Calyrex-Ice, L50|\n|poke|p2|Amoonguss, L50, F|\n|teampreview|4\n|\n|t:|1769850178\n|teamsize|p1|4\n|teamsize|p2|4\n|start\n|switch|p1a: Zamazenta|Zamazenta-Crowned, L50|100/100\n|switch|p1b: Roaring Moon|Roaring Moon, L50|100/100\n|switch|p2a: Farigiraf|Farigiraf, L50, F|100/100\n|switch|p2b: Hitmontop|Hitmontop, L50, M|100/100\n|-ability|p1a: Zamazenta|Dauntless Shield|boost\n|-boost|p1a: Zamazenta|def|1\n|-ability|p2b: Hitmontop|Intimidate|boost\n|-unboost|p1a: Zamazenta|atk|1\n|-unboost|p1b: Roaring Moon|atk|1\n|-enditem|p1b: Roaring Moon|Booster Energy\n|-activate|p1b: Roaring Moon|ability: Protosynthesis|[fromitem]\n|-start|p1b: Roaring Moon|protosynthesisspe\n|turn|1\n|inactive|Battle timer is ON: inactive players will automatically lose when time's up. (requested by figobello)\n|\n|t:|1769850195\n|move|p2b: Hitmontop|Fake Out|p1b: Roaring Moon\n|-damage|p1b: Roaring Moon|88/100\n|cant|p1b: Roaring Moon|flinch\n|move|p1a: Zamazenta|Body Press|p2a: Farigiraf\n|-damage|p2a: Farigiraf|41/100\n|move|p2a: Farigiraf|Trick Room|p2a: Farigiraf\n|-fieldstart|move: Trick Room|[of] p2a: Farigiraf\n|\n|upkeep\n|turn|2\n|inactive|figobello has 30 seconds left.\n|inactive|figobello has 20 seconds left.\n|\n|t:|1769850232\n|move|p2a: Farigiraf|Ally Switch|p2a: Farigiraf\n|swap|p2a: Farigiraf|1|[from] move: Ally Switch\n|move|p2a: Hitmontop|Close Combat|p1b: Roaring Moon\n|-supereffective|p1b: Roaring Moon\n|-damage|p1b: Roaring Moon|0 fnt\n|-unboost|p2a: Hitmontop|def|1\n|-unboost|p2a: Hitmontop|spd|1\n|faint|p1b: Roaring Moon\n|-end|p1b: Roaring Moon|Protosynthesis|[silent]\n|move|p1a: Zamazenta|Body Press|p2b: Farigiraf\n|-damage|p2b: Farigiraf|0 fnt\n|faint|p2b: Farigiraf\n|\n|upkeep\n|\n|t:|1769850251\n|switch|p2b: Calyrex|Calyrex-Ice, L50|100/100\n|switch|p1b: Maushold|Maushold, L50|100/100\n|-ability|p2b: Calyrex|As One\n|-ability|p2b: Calyrex|Unnerve\n|turn|3\n|\n|t:|1769850274\n|-terastallize|p2b: Calyrex|Water\n|-terastallize|p1b: Maushold|Ground\n|move|p1a: Zamazenta|Wide Guard|p1a: Zamazenta\n|-singleturn|p1a: Zamazenta|Wide Guard\n|move|p2b: Calyrex|Swords Dance|p2b: Calyrex\n|-boost|p2b: Calyrex|atk|2\n|move|p2a: Hitmontop|Close Combat|p1b: Maushold\n|-damage|p1b: Maushold|57/100\n|-unboost|p2a: Hitmontop|def|1\n|-unboost|p2a: Hitmontop|spd|1\n|move|p1b: Maushold|Taunt|p2a: Hitmontop\n|-start|p2a: Hitmontop|move: Taunt\n|\n|upkeep\n|turn|4\n|inactive|ky123456 has 30 seconds left.\n|inactive|figobello has 30 seconds left.\n|inactive|ky123456 has 20 seconds left.\n|inactive|figobello has 20 seconds left.\n|inactive|ky123456 has 15 seconds left.\n|\n|t:|1769850316\n|move|p1b: Maushold|Helping Hand|p1a: Zamazenta\n|-singleturn|p1a: Zamazenta|Helping Hand|[of] p1b: Maushold\n|move|p2b: Calyrex|High Horsepower|p1a: Zamazenta\n|-supereffective|p1a: Zamazenta\n|-damage|p1a: Zamazenta|56/100\n|move|p2a: Hitmontop|Close Combat|p1a: Zamazenta\n|-supereffective|p1a: Zamazenta\n|-damage|p1a: Zamazenta|32/100\n|-unboost|p2a: Hitmontop|def|1\n|-unboost|p2a: Hitmontop|spd|1\n|move|p1a: Zamazenta|Body Press|p2b: Calyrex\n|-damage|p2b: Calyrex|33/100\n|\n|upkeep\n|turn|5\n|inactive|ky123456 has 30 seconds left.\n|inactive|figobello has 30 seconds left.\n|inactive|figobello has 20 seconds left.\n|\n|t:|1769850351\n|move|p1a: Zamazenta|Wide Guard|p1a: Zamazenta\n|-singleturn|p1a: Zamazenta|Wide Guard\n|move|p2a: Hitmontop|Feint|p1a: Zamazenta\n|-activate|p1a: Zamazenta|move: Feint\n|-resisted|p1a: Zamazenta\n|-damage|p1a: Zamazenta|31/100\n|move|p1b: Maushold|Feint|p2a: Hitmontop\n|-damage|p2a: Hitmontop|79/100\n|-enditem|p2a: Hitmontop|Eject Button\n|\n|t:|1769850360\n|switch|p2a: Amoonguss|Amoonguss, L50, F|100/100\n|move|p2b: Calyrex|Glacial Lance|p1b: Maushold|[spread] p1a,p1b\n|-resisted|p1a: Zamazenta\n|-supereffective|p1b: Maushold\n|-damage|p1a: Zamazenta|17/100\n|-damage|p1b: Maushold|0 fnt\n|faint|p1b: Maushold\n|-ability|p2b: Calyrex|Chilling Neigh|boost\n|-boost|p2b: Calyrex|atk|1\n|\n|-fieldend|move: Trick Room\n|upkeep\n|\n|t:|1769850367\n|switch|p1b: Calyrex|Calyrex-Shadow, L50|100/100\n|-ability|p1b: Calyrex|As One\n|-ability|p1b: Calyrex|Unnerve\n|turn|6\n|\n|t:|1769850376\n|switch|p2b: Hitmontop|Hitmontop, L50, M|79/100\n|-ability|p2b: Hitmontop|Intimidate|boost\n|-unboost|p1a: Zamazenta|atk|1\n|-unboost|p1b: Calyrex|atk|1\n|move|p1b: Calyrex|Astral Barrage|p2b: Hitmontop|[spread] p2a,p2b\n|-damage|p2a: Amoonguss|35/100\n|-damage|p2b: Hitmontop|0 fnt\n|faint|p2b: Hitmontop\n|-ability|p1b: Calyrex|Grim Neigh|boost\n|-boost|p1b: Calyrex|spa|1\n|move|p1a: Zamazenta|Heavy Slam|p2a: Amoonguss\n|-damage|p2a: Amoonguss|13/100\n|move|p2a: Amoonguss|Spore|p1b: Calyrex\n|-status|p1b: Calyrex|slp|[from] move: Spore\n|\n|upkeep\n|\n|t:|1769850390\n|switch|p2b: Calyrex|Calyrex-Ice, L50, tera:Water|33/100\n|-ability|p2b: Calyrex|As One\n|-ability|p2b: Calyrex|Unnerve\n|turn|7\n|\n|t:|1769850411\n|move|p2a: Amoonguss|Rage Powder|p2a: Amoonguss\n|-singleturn|p2a: Amoonguss|move: Rage Powder\n|cant|p1b: Calyrex|slp\n|move|p1a: Zamazenta|Body Press|p2a: Amoonguss\n|-resisted|p2a: Amoonguss\n|-damage|p2a: Amoonguss|0 fnt\n|faint|p2a: Amoonguss\n|move|p2b: Calyrex|Trick Room|p2b: Calyrex\n|-fieldstart|move: Trick Room|[of] p2b: Calyrex\n|\n|upkeep\n|turn|8\n|\n|t:|1769850423\n|move|p1a: Zamazenta|Wide Guard|p1a: Zamazenta\n|-singleturn|p1a: Zamazenta|Wide Guard\n|move|p2b: Calyrex|High Horsepower|p1a: Zamazenta\n|-supereffective|p1a: Zamazenta\n|-damage|p1a: Zamazenta|0 fnt\n|faint|p1a: Zamazenta\n|-ability|p2b: Calyrex|Chilling Neigh|boost\n|-boost|p2b: Calyrex|atk|1\n|cant|p1b: Calyrex|slp\n|\n|upkeep\n|turn|9\n|\n|t:|1769850429\n|move|p2b: Calyrex|Glacial Lance|p1b: Calyrex\n|-damage|p1b: Calyrex|0 fnt\n|faint|p1b: Calyrex\n|\n|win|figobello\n|raw|ky123456's rating: 1509 &rarr; <strong>1477</strong><br />(-32 for losing)\n|raw|figobello's rating: 1275 &rarr; <strong>1315</strong><br />(+40 for winning)\n|l|\u2606figobello\n|player|p2|\n|l|\u2606ky123456\n|player|p1|\n","uploadtime":1769850568,"views":11,"formatid":"gen9vgc2026regi","rating":1315,"private":0,"password":null}