{"id":"gen9vgc2026regi-2525876338","format":"[Gen 9] VGC 2026 Reg I","players":["AllThere12","i\u2764\u5a1c\u7984forever"],"log":"|j|\u2606AllThere12\n|j|\u2606i\u2764\u5a1c\u7984forever\n|t:|1769344541\n|gametype|doubles\n|player|p1|AllThere12|hiker-gen4|1237\n|player|p2|i\u2764\u5a1c\u7984forever|youngcouple-gen4dp|1253\n|gen|9\n|tier|[Gen 9] VGC 2026 Reg I\n|rated|\n|rule|Species Clause: Limit one of each Pok\u00e9mon\n|rule|Item Clause: Limit 1 of each item\n|clearpoke\n|poke|p1|Calyrex-Shadow, L50|\n|poke|p1|Zamazenta-*, L50|\n|poke|p1|Roaring Moon, L50|\n|poke|p1|Maushold, L50|\n|poke|p1|Weezing, L50, F|\n|poke|p1|Amoonguss, L50, F|\n|poke|p2|Groudon, L50|\n|poke|p2|Kyurem-White, L50|\n|poke|p2|Sableye, L50, F|\n|poke|p2|Articuno-Galar, L50|\n|poke|p2|Rillaboom, L50, M|\n|poke|p2|Primarina, L50, F|\n|teampreview|4\n|inactive|Battle timer is ON: inactive players will automatically lose when time's up. (requested by AllThere12)\n|inactive|AllThere12 has 60 seconds left.\n|\n|t:|1769344582\n|teamsize|p1|4\n|teamsize|p2|4\n|start\n|switch|p1a: Zamazenta|Zamazenta-Crowned, L50|100/100\n|switch|p1b: Roaring Moon|Roaring Moon, L50|100/100\n|switch|p2a: Sableye|Sableye, L50, F|100/100\n|switch|p2b: Articuno|Articuno-Galar, L50|100/100\n|-ability|p1a: Zamazenta|Dauntless Shield|boost\n|-boost|p1a: Zamazenta|def|1\n|-enditem|p1b: Roaring Moon|Booster Energy\n|-activate|p1b: Roaring Moon|ability: Protosynthesis|[fromitem]\n|-start|p1b: Roaring Moon|protosynthesisspe\n|turn|1\n|\n|t:|1769344598\n|move|p2a: Sableye|Fake Out|p1b: Roaring Moon\n|-damage|p1b: Roaring Moon|91/100\n|cant|p1b: Roaring Moon|flinch\n|move|p2b: Articuno|Tailwind|p2b: Articuno\n|-sidestart|p2: i\u2764\u5a1c\u7984forever|move: Tailwind\n|move|p1a: Zamazenta|Heavy Slam|p2b: Articuno\n|-damage|p2b: Articuno|45/100\n|\n|upkeep\n|turn|2\n|\n|t:|1769344610\n|move|p2a: Sableye|Gravity|p2a: Sableye\n|-fieldstart|move: Gravity\n|move|p2b: Articuno|Hypnosis|p1b: Roaring Moon\n|-status|p1b: Roaring Moon|slp|[from] move: Hypnosis\n|cant|p1b: Roaring Moon|slp\n|move|p1a: Zamazenta|Heavy Slam|p2b: Articuno\n|-damage|p2b: Articuno|0 fnt\n|faint|p2b: Articuno\n|\n|upkeep\n|\n|t:|1769344619\n|switch|p2b: Groudon|Groudon, L50|100/100\n|-weather|SunnyDay|[from] ability: Drought|[of] p2b: Groudon\n|turn|3\n|\n|t:|1769344634\n|-terastallize|p1a: Zamazenta|Dragon\n|move|p2a: Sableye|Encore|p1a: Zamazenta\n|-start|p1a: Zamazenta|Encore\n|cant|p1b: Roaring Moon|slp\n|move|p2b: Groudon|Precipice Blades|p1b: Roaring Moon|[spread] p1a,p1b\n|-crit|p1b: Roaring Moon\n|-damage|p1a: Zamazenta|81/100\n|-damage|p1b: Roaring Moon|0 fnt\n|faint|p1b: Roaring Moon\n|-end|p1b: Roaring Moon|Protosynthesis|[silent]\n|move|p1a: Zamazenta|Heavy Slam|p2a: Sableye\n|-damage|p2a: Sableye|27/100\n|\n|-weather|SunnyDay|[upkeep]\n|upkeep\n|\n|t:|1769344645\n|switch|p1b: Weezing|Weezing, L50, F|100/100\n|-ability|p1b: Weezing|Neutralizing Gas\n|turn|4\n|\n|t:|1769344659\n|move|p2b: Groudon|Precipice Blades|p1a: Zamazenta|[spread] p1a,p1b\n|-supereffective|p1b: Weezing\n|-damage|p1a: Zamazenta|62/100\n|-damage|p1b: Weezing|0 fnt\n|faint|p1b: Weezing\n|-end|p1b: Weezing|ability: Neutralizing Gas\n|move|p1a: Zamazenta|Heavy Slam|p2a: Sableye\n|-damage|p2a: Sableye|0 fnt\n|faint|p2a: Sableye\n|\n|-weather|SunnyDay|[upkeep]\n|-sideend|p2: i\u2764\u5a1c\u7984forever|move: Tailwind\n|upkeep\n|\n|t:|1769344666\n|switch|p1b: Calyrex|Calyrex-Shadow, L50|100/100\n|switch|p2a: Kyurem|Kyurem-White, L50|100/100\n|-ability|p1b: Calyrex|As One\n|-ability|p1b: Calyrex|Unnerve\n|-ability|p2a: Kyurem|Turboblaze\n|turn|5\n|\n|t:|1769344677\n|move|p2a: Kyurem|Blizzard|p1b: Calyrex|[spread] p1a,p1b\n|-supereffective|p1a: Zamazenta\n|-damage|p1a: Zamazenta|0 fnt\n|-damage|p1b: Calyrex|44/100\n|faint|p1a: Zamazenta\n|move|p1b: Calyrex|Leaf Storm|p2b: Groudon\n|-supereffective|p2b: Groudon\n|-damage|p2b: Groudon|4/100\n|-unboost|p1b: Calyrex|spa|2\n|move|p2b: Groudon|Precipice Blades|p1b: Calyrex\n|-damage|p1b: Calyrex|0 fnt\n|faint|p1b: Calyrex\n|\n|win|i\u2764\u5a1c\u7984forever\n|raw|AllThere12's rating: 1237 &rarr; <strong>1213</strong><br />(-24 for losing)\n|raw|i\u2764\u5a1c\u7984forever's rating: 1253 &rarr; <strong>1277</strong><br />(+24 for winning)\n|l|\u2606AllThere12\n|player|p1|\n","uploadtime":1769344924,"views":19,"formatid":"gen9vgc2026regi","rating":1213,"private":0,"password":null}