{"id":"gen9vgc2026regi-2590166950","format":"[Gen 9] VGC 2026 Reg I","players":["FlatbreadFT","Tweak69"],"log":"|j|\u2606FlatbreadFT\n|j|\u2606Tweak69\n|t:|1776791153\n|gametype|doubles\n|player|p1|FlatbreadFT|2|1439\n|player|p2|Tweak69|bruno|1447\n|gen|9\n|tier|[Gen 9] VGC 2026 Reg I\n|rated|\n|rule|Species Clause: Limit one of each Pok\u00e9mon\n|rule|Item Clause: Limit 1 of each item\n|clearpoke\n|poke|p1|Lunala, L50|\n|poke|p1|Incineroar, L50, M|\n|poke|p1|Amoonguss, L50, F|\n|poke|p1|Ursaluna, L50, F|\n|poke|p1|Koraidon, L50|\n|poke|p1|Flutter Mane, L50|\n|poke|p2|Lunala, L50|\n|poke|p2|Ursaluna, L50, M|\n|poke|p2|Urshifu-*, L50, M|\n|poke|p2|Miraidon, L50|\n|poke|p2|Grimmsnarl, L50, M|\n|poke|p2|Incineroar, L50, M|\n|teampreview|4\n|inactive|Battle timer is ON: inactive players will automatically lose when time's up. (requested by FlatbreadFT)\n|\n|t:|1776791183\n|teamsize|p1|4\n|teamsize|p2|4\n|start\n|switch|p1a: Flutter Mane|Flutter Mane, L50|100/100\n|switch|p1b: Incineroar|Incineroar, L50, M|100/100\n|switch|p2a: Lunala|Lunala, L50|100/100\n|switch|p2b: Incineroar|Incineroar, L50, M|100/100\n|-ability|p2b: Incineroar|Intimidate|boost\n|-unboost|p1a: Flutter Mane|atk|1\n|-unboost|p1b: Incineroar|atk|1\n|-ability|p1b: Incineroar|Intimidate|boost\n|-unboost|p2a: Lunala|atk|1\n|-unboost|p2b: Incineroar|atk|1\n|turn|1\n|j| yuirs gsb\n|\n|t:|1776791206\n|-terastallize|p2a: Lunala|Fairy\n|move|p1a: Flutter Mane|Protect|p1a: Flutter Mane\n|-singleturn|p1a: Flutter Mane|Protect\n|move|p2b: Incineroar|Fake Out|p1b: Incineroar\n|-damage|p1b: Incineroar|96/100\n|move|p2a: Lunala|Moongeist Beam|p1a: Flutter Mane\n|-activate|p1a: Flutter Mane|move: Protect\n|cant|p1b: Incineroar|flinch\n|\n|upkeep\n|turn|2\n|inactive|Tweak69 has 30 seconds left.\n|j| zhangyunfei\n|\n|t:|1776791239\n|-end|p1a: Flutter Mane|Protosynthesis|[silent]\n|switch|p1a: Ursaluna|Ursaluna, L50, F|100/100\n|move|p2a: Lunala|Moonblast|p1b: Incineroar\n|-damage|p1b: Incineroar|51/100\n|move|p2b: Incineroar|Knock Off|p1a: Ursaluna\n|-damage|p1a: Ursaluna|80/100\n|-enditem|p1a: Ursaluna|Flame Orb|[from] move: Knock Off|[of] p2b: Incineroar\n|move|p1b: Incineroar|Parting Shot|p2a: Lunala\n|-unboost|p2a: Lunala|atk|1\n|-unboost|p2a: Lunala|spa|1\n|inactive|FlatbreadFT has 30 seconds left.\n|\n|t:|1776791270\n|switch|p1b: Flutter Mane|Flutter Mane, L50|100/100|[from] Parting Shot\n|\n|upkeep\n|turn|3\n|\n|t:|1776791294\n|move|p1b: Flutter Mane|Protect|p1b: Flutter Mane\n|-singleturn|p1b: Flutter Mane|Protect\n|move|p2a: Lunala|Moonblast|p1a: Ursaluna\n|-damage|p1a: Ursaluna|49/100\n|move|p2b: Incineroar|Knock Off|p1b: Flutter Mane\n|-activate|p1b: Flutter Mane|move: Protect\n|move|p1a: Ursaluna|Headlong Rush|p2b: Incineroar\n|-supereffective|p2b: Incineroar\n|-damage|p2b: Incineroar|0 fnt\n|-unboost|p1a: Ursaluna|def|1\n|-unboost|p1a: Ursaluna|spd|1\n|-damage|p1a: Ursaluna|32/100|[from] item: Rocky Helmet|[of] p2b: Incineroar\n|faint|p2b: Incineroar\n|\n|upkeep\n|inactive|Tweak69 has 30 seconds left.\n|\n|t:|1776791325\n|switch|p2b: Urshifu|Urshifu-Rapid-Strike, L50, M|100/100\n|turn|4\n|inactive|FlatbreadFT has 30 seconds left.\n|\n|t:|1776791354\n|-end|p1b: Flutter Mane|Protosynthesis|[silent]\n|switch|p1b: Incineroar|Incineroar, L50, M|51/100\n|-ability|p1b: Incineroar|Intimidate|boost\n|-unboost|p2a: Lunala|atk|1\n|-unboost|p2b: Urshifu|atk|1\n|move|p2b: Urshifu|Aqua Jet|p1a: Ursaluna\n|-supereffective|p1a: Ursaluna\n|-damage|p1a: Ursaluna|0 fnt\n|faint|p1a: Ursaluna\n|move|p2a: Lunala|Moonblast|p1b: Incineroar\n|-damage|p1b: Incineroar|18/100\n|\n|upkeep\n|\n|t:|1776791365\n|switch|p1a: Koraidon|Koraidon, L50|100/100\n|-weather|SunnyDay|[from] ability: Orichalcum Pulse|[of] p1a: Koraidon\n|-activate|p1a: Koraidon|Orichalcum Pulse|[source]\n|turn|5\n|l| zhangyunfei\n|\n|t:|1776791387\n|-terastallize|p1a: Koraidon|Fire\n|move|p1b: Incineroar|Fake Out|p2b: Urshifu\n|-damage|p2b: Urshifu|91/100\n|cant|p2b: Urshifu|flinch\n|move|p1a: Koraidon|Flare Blitz|p2a: Lunala\n|-damage|p2a: Lunala|40/100\n|-damage|p1a: Koraidon|74/100|[from] Recoil\n|-damage|p1a: Koraidon|65/100|[from] item: Life Orb\n|move|p2a: Lunala|Moonblast|p1a: Koraidon\n|-resisted|p1a: Koraidon\n|-damage|p1a: Koraidon|48/100\n|\n|-weather|SunnyDay|[upkeep]\n|upkeep\n|turn|6\n|inactive|Tweak69 has 30 seconds left.\n|inactive|Tweak69 has 20 seconds left.\n|\n|t:|1776791425\n|switch|p2a: Miraidon|Miraidon, L50|100/100\n|-fieldstart|move: Electric Terrain|[from] ability: Hadron Engine|[of] p2a: Miraidon\n|move|p2b: Urshifu|Aqua Jet|p1b: Incineroar\n|-supereffective|p1b: Incineroar\n|-crit|p1b: Incineroar\n|-damage|p1b: Incineroar|0 fnt\n|faint|p1b: Incineroar\n|move|p1a: Koraidon|Close Combat|p2b: Urshifu\n|-damage|p2b: Urshifu|0 fnt\n|-unboost|p1a: Koraidon|def|1\n|-unboost|p1a: Koraidon|spd|1\n|faint|p2b: Urshifu\n|-damage|p1a: Koraidon|38/100|[from] item: Life Orb\n|\n|-weather|SunnyDay|[upkeep]\n|upkeep\n|\n|t:|1776791442\n|switch|p2b: Lunala|Lunala, L50, tera:Fairy|40/100\n|switch|p1b: Flutter Mane|Flutter Mane, L50|100/100\n|-enditem|p2b: Lunala|Electric Seed\n|-boost|p2b: Lunala|def|1|[from] item: Electric Seed\n|-activate|p1b: Flutter Mane|ability: Protosynthesis\n|-start|p1b: Flutter Mane|protosynthesisspe\n|turn|7\n|inactive|Tweak69 has 30 seconds left.\n|\n|t:|1776791474\n|move|p1b: Flutter Mane|Moonblast|p2a: Miraidon\n|-supereffective|p2a: Miraidon\n|-damage|p2a: Miraidon|45/100\n|-unboost|p2a: Miraidon|spa|1\n|move|p1a: Koraidon|Flare Blitz|p2b: Lunala\n|-damage|p2b: Lunala|0 fnt\n|faint|p2b: Lunala\n|-damage|p1a: Koraidon|21/100|[from] Recoil\n|-damage|p1a: Koraidon|11/100|[from] item: Life Orb\n|move|p2a: Miraidon|Snarl|p1a: Koraidon|[spread] p1a,p1b\n|-damage|p1a: Koraidon|0 fnt\n|-damage|p1b: Flutter Mane|85/100\n|-unboost|p1b: Flutter Mane|spa|1\n|faint|p1a: Koraidon\n|\n|-weather|SunnyDay|[upkeep]\n|upkeep\n|turn|8\n|\n|t:|1776791497\n|move|p1b: Flutter Mane|Moonblast|p2a: Miraidon\n|-supereffective|p2a: Miraidon\n|-damage|p2a: Miraidon|7/100\n|move|p2a: Miraidon|Electro Drift|p1b: Flutter Mane\n|-damage|p1b: Flutter Mane|18/100\n|\n|-weather|SunnyDay|[upkeep]\n|upkeep\n|turn|9\n|\n|t:|1776791509\n|move|p1b: Flutter Mane|Moonblast|p2a: Miraidon\n|-supereffective|p2a: Miraidon\n|-damage|p2a: Miraidon|0 fnt\n|faint|p2a: Miraidon\n|\n|win|FlatbreadFT\n|raw|FlatbreadFT's rating: 1439 &rarr; <strong>1459</strong><br />(+20 for winning)\n|raw|Tweak69's rating: 1447 &rarr; <strong>1427</strong><br />(-20 for losing)\n|l|\u2606FlatbreadFT\n|player|p1|\n|l|\u2606Tweak69\n|player|p2|\n|l| yuirs gsb\n","uploadtime":1776791708,"views":9,"formatid":"gen9vgc2026regi","rating":1427,"private":0,"password":null}