{"id":"gen9vgc2026regi-2570052461","format":"[Gen 9] VGC 2026 Reg I","players":["blackred123","shojiron"],"log":"|j|\u2606blackred123\n|j|\u2606shojiron\n|t:|1774762049\n|gametype|doubles\n|player|p1|blackred123|iono-masters|1464\n|player|p2|shojiron|steven|1320\n|gen|9\n|tier|[Gen 9] VGC 2026 Reg I\n|rated|\n|rule|Species Clause: Limit one of each Pok\u00e9mon\n|rule|Item Clause: Limit 1 of each item\n|clearpoke\n|poke|p1|Kyogre, L50|\n|poke|p1|Zamazenta-*, L50|\n|poke|p1|Chien-Pao, L50|\n|poke|p1|Amoonguss, L50, F|\n|poke|p1|Dragonite, L50, M|\n|poke|p1|Rillaboom, L50, M|\n|poke|p2|Dialga-Origin, L50|\n|poke|p2|Ursaluna, L50, F|\n|poke|p2|Ogerpon-Wellspring, L50, F|\n|poke|p2|Indeedee-F, L50, F|\n|poke|p2|Ho-Oh, L50|\n|poke|p2|Ditto, L50|\n|teampreview|4\n|inactive|Battle timer is ON: inactive players will automatically lose when time's up. (requested by shojiron)\n|inactive|blackred123 also wants the timer to be on.\n|\n|t:|1774762071\n|teamsize|p1|4\n|teamsize|p2|4\n|start\n|switch|p1a: Zamazenta|Zamazenta-Crowned, L50|100/100\n|switch|p1b: Chien-Pao|Chien-Pao, L50|100/100\n|switch|p2a: Dialga|Dialga-Origin, L50|100/100\n|switch|p2b: Ogerpon|Ogerpon-Wellspring, L50, F|100/100\n|-ability|p1b: Chien-Pao|Sword of Ruin\n|-ability|p1a: Zamazenta|Dauntless Shield|boost\n|-boost|p1a: Zamazenta|def|1\n|turn|1\n|\n|t:|1774762086\n|move|p2b: Ogerpon|Follow Me|p2b: Ogerpon\n|-singleturn|p2b: Ogerpon|move: Follow Me\n|move|p1b: Chien-Pao|Ice Spinner|p2b: Ogerpon\n|-damage|p2b: Ogerpon|41/100\n|move|p1a: Zamazenta|Body Press|p2b: Ogerpon\n|-damage|p2b: Ogerpon|0 fnt\n|faint|p2b: Ogerpon\n|move|p2a: Dialga|Trick Room|p2a: Dialga\n|-fieldstart|move: Trick Room|[of] p2a: Dialga\n|\n|upkeep\n|\n|t:|1774762097\n|switch|p2b: Ditto|Ditto, L50|100/100\n|-transform|p2b: Ditto|p1a: Zamazenta|[from] ability: Imposter\n|-ability|p2b: Ditto|Dauntless Shield|boost\n|-boost|p2b: Ditto|def|1\n|turn|2\n|\n|t:|1774762122\n|move|p2a: Dialga|Flash Cannon|p1b: Chien-Pao\n|-supereffective|p1b: Chien-Pao\n|-enditem|p1b: Chien-Pao|Focus Sash\n|-damage|p1b: Chien-Pao|1/100\n|move|p1a: Zamazenta|Imprison|p1a: Zamazenta\n|-start|p1a: Zamazenta|move: Imprison\n|cant|p2b: Ditto|move: Imprison|Imprison\n|move|p1b: Chien-Pao|Ice Spinner|p2a: Dialga\n|-damage|p2a: Dialga|59/100\n|\n|upkeep\n|turn|3\n|inactive|shojiron has 30 seconds left.\n|inactive|shojiron has 20 seconds left.\n|inactive|shojiron has 15 seconds left.\n|inactive|shojiron has 10 seconds left.\n|inactive|blackred123 has 30 seconds left.\n|inactive|shojiron has 5 seconds left.\n|\n|t:|1774762172\n|switch|p2b: Ho-Oh|Ho-Oh, L50|100/100\n|switch|p1b: Kyogre|Kyogre, L50|100/100\n|-weather|RainDance|[from] ability: Drizzle|[of] p1b: Kyogre\n|move|p2a: Dialga|Flash Cannon|p1b: Kyogre\n|-resisted|p1b: Kyogre\n|-damage|p1b: Kyogre|78/100\n|move|p1a: Zamazenta|Body Press|p2b: Ho-Oh\n|-resisted|p2b: Ho-Oh\n|-damage|p2b: Ho-Oh|75/100\n|\n|-weather|RainDance|[upkeep]\n|upkeep\n|turn|4\n|inactive|blackred123 has 30 seconds left.\n|\n|t:|1774762202\n|-terastallize|p2a: Dialga|Dragon\n|move|p2b: Ho-Oh|Brave Bird|p1b: Kyogre\n|-damage|p1b: Kyogre|0 fnt\n|faint|p1b: Kyogre\n|-damage|p2b: Ho-Oh|53/100|[from] Recoil\n|-damage|p2b: Ho-Oh|43/100|[from] item: Life Orb\n|move|p2a: Dialga|Dragon Pulse|p1a: Zamazenta\n|-resisted|p1a: Zamazenta\n|-damage|p1a: Zamazenta|67/100\n|move|p1a: Zamazenta|Body Press|p2a: Dialga\n|-damage|p2a: Dialga|4/100\n|\n|-weather|RainDance|[upkeep]\n|upkeep\n|\n|t:|1774762217\n|switch|p1b: Chien-Pao|Chien-Pao, L50|1/100\n|-ability|p1b: Chien-Pao|Sword of Ruin\n|turn|5\n|\n|t:|1774762230\n|-terastallize|p1b: Chien-Pao|Stellar\n|move|p2a: Dialga|Protect|p2a: Dialga\n|-singleturn|p2a: Dialga|Protect\n|move|p1b: Chien-Pao|Sucker Punch|p2b: Ho-Oh\n|-damage|p2b: Ho-Oh|2/100\n|move|p2b: Ho-Oh|Iron Head|p1b: Chien-Pao\n|-supereffective|p1b: Chien-Pao\n|-damage|p1b: Chien-Pao|0 fnt\n|faint|p1b: Chien-Pao\n|-damage|p2b: Ho-Oh|0 fnt|[from] item: Life Orb\n|faint|p2b: Ho-Oh\n|move|p1a: Zamazenta|Body Press|p2a: Dialga\n|-activate|p2a: Dialga|move: Protect\n|\n|-weather|RainDance|[upkeep]\n|-fieldend|move: Trick Room\n|upkeep\n|\n|t:|1774762244\n|switch|p1b: Dragonite|Dragonite, L50, M|100/100\n|switch|p2b: Ditto|Ditto, L50|100/100\n|-transform|p2b: Ditto|p1a: Zamazenta|[from] ability: Imposter\n|turn|6\n|\n|t:|1774762258\n|move|p1b: Dragonite|Extreme Speed|p2a: Dialga\n|-crit|p2a: Dialga\n|-damage|p2a: Dialga|0 fnt\n|faint|p2a: Dialga\n|-activate|p2b: Ditto|move: Struggle\n|move|p2b: Ditto|Struggle|p1b: Dragonite\n|-damage|p1b: Dragonite|87/100\n|-damage|p2b: Ditto|75/100|[from] recoil\n|move|p1a: Zamazenta|Body Press|p2b: Ditto\n|-supereffective|p2b: Ditto\n|-damage|p2b: Ditto|10/100\n|\n|-weather|RainDance|[upkeep]\n|upkeep\n|turn|7\n|\n|t:|1774762271\n|move|p1b: Dragonite|Extreme Speed|p2b: Ditto\n|-resisted|p2b: Ditto\n|-damage|p2b: Ditto|0 fnt\n|faint|p2b: Ditto\n|\n|win|blackred123\n|raw|blackred123's rating: 1464 &rarr; <strong>1476</strong><br />(+12 for winning)\n|raw|shojiron's rating: 1320 &rarr; <strong>1308</strong><br />(-12 for losing)\n|l|\u2606shojiron\n|player|p2|\n|l|\u2606blackred123\n|player|p1|\n","uploadtime":1774762455,"views":12,"formatid":"gen9vgc2026regi","rating":1308,"private":0,"password":null}