{"id":"gen9vgc2026regi-2540023441","format":"[Gen 9] VGC 2026 Reg I","players":["SEITA","TheManOfSausage"],"log":"|j|\u2606SEITA\n|j|\u2606TheManOfSausage\n|t:|1771146899\n|gametype|doubles\n|player|p1|SEITA|lucas-gen4pt|1548\n|player|p2|TheManOfSausage|miku-water|1609\n|gen|9\n|tier|[Gen 9] VGC 2026 Reg I\n|rated|\n|rule|Species Clause: Limit one of each Pok\u00e9mon\n|rule|Item Clause: Limit 1 of each item\n|clearpoke\n|poke|p1|Zamazenta-*, L50|\n|poke|p1|Kyogre, L50|\n|poke|p1|Wo-Chien, L50|\n|poke|p1|Grimmsnarl, L50, M|\n|poke|p1|Rhyperior, L50, F|\n|poke|p1|Ditto, L50|\n|poke|p2|Calyrex-Shadow, L50|\n|poke|p2|Koraidon, L50|\n|poke|p2|Brute Bonnet, L50|\n|poke|p2|Incineroar, L50, M|\n|poke|p2|Landorus, L50, M|\n|poke|p2|Raging Bolt, L50|\n|teampreview|4\n|\n|t:|1771146925\n|teamsize|p1|4\n|teamsize|p2|4\n|start\n|switch|p1a: Grimmsnarl|Grimmsnarl, L50, M|100/100\n|switch|p1b: Zamazenta|Zamazenta-Crowned, L50|100/100\n|switch|p2a: Brute Bonnet|Brute Bonnet, L50|100/100\n|switch|p2b: Rice Shower|Calyrex-Shadow, L50|100/100\n|-ability|p2b: Rice Shower|As One\n|-ability|p2b: Rice Shower|Unnerve\n|-ability|p1b: Zamazenta|Dauntless Shield|boost\n|-boost|p1b: Zamazenta|def|1\n|turn|1\n|\n|t:|1771146948\n|-terastallize|p1b: Zamazenta|Grass\n|move|p2b: Rice Shower|Protect|p2b: Rice Shower\n|-singleturn|p2b: Rice Shower|Protect\n|move|p1a: Grimmsnarl|Light Screen|p1a: Grimmsnarl\n|-sidestart|p1: SEITA|move: Light Screen\n|move|p1b: Zamazenta|Behemoth Bash|p2b: Rice Shower\n|-activate|p2b: Rice Shower|move: Protect\n|move|p2a: Brute Bonnet|Spore|p1b: Zamazenta\n|-immune|p1b: Zamazenta\n|\n|upkeep\n|turn|2\n|\n|t:|1771146982\n|move|p2a: Brute Bonnet|Rage Powder|p2a: Brute Bonnet\n|-singleturn|p2a: Brute Bonnet|move: Rage Powder\n|move|p1a: Grimmsnarl|Reflect|p1a: Grimmsnarl\n|-sidestart|p1: SEITA|Reflect\n|move|p2b: Rice Shower|Encore|p1a: Grimmsnarl\n|-start|p1a: Grimmsnarl|Encore\n|move|p1b: Zamazenta|Body Press|p2a: Brute Bonnet\n|-supereffective|p2a: Brute Bonnet\n|-damage|p2a: Brute Bonnet|29/100\n|\n|upkeep\n|turn|3\n|\n|t:|1771146999\n|switch|p1a: Wo-Chien|Wo-Chien, L50|100/100\n|-ability|p1a: Wo-Chien|Tablets of Ruin\n|-end|p2a: Brute Bonnet|Protosynthesis|[silent]\n|switch|p2a: Triple T|Landorus, L50, M|100/100\n|move|p2b: Rice Shower|Astral Barrage|p1b: Zamazenta|[spread] p1a,p1b\n|-resisted|p1a: Wo-Chien\n|-damage|p1a: Wo-Chien|87/100\n|-damage|p1b: Zamazenta|75/100\n|move|p1b: Zamazenta|Body Press|p2a: Triple T\n|-resisted|p2a: Triple T\n|-damage|p2a: Triple T|74/100\n|\n|upkeep\n|turn|4\n|\n|t:|1771147032\n|move|p1b: Zamazenta|Protect|p1b: Zamazenta\n|-singleturn|p1b: Zamazenta|Protect\n|move|p2b: Rice Shower|Encore|p1b: Zamazenta\n|-activate|p1b: Zamazenta|move: Protect\n|move|p2a: Triple T|Sludge Bomb|p1a: Wo-Chien\n|-supereffective|p1a: Wo-Chien\n|-damage|p1a: Wo-Chien|38/100\n|move|p1a: Wo-Chien|Leech Seed|p2a: Triple T\n|-start|p2a: Triple T|move: Leech Seed\n|\n|-damage|p2a: Triple T|62/100|[from] Leech Seed|[of] p1a: Wo-Chien\n|-heal|p1a: Wo-Chien|52/100|[silent]\n|upkeep\n|turn|5\n|\n|t:|1771147056\n|switch|p1b: Grimmsnarl|Grimmsnarl, L50, M|100/100\n|move|p1a: Wo-Chien|Protect|p1a: Wo-Chien\n|-singleturn|p1a: Wo-Chien|Protect\n|move|p2b: Rice Shower|Astral Barrage|p1a: Wo-Chien|[spread] p1b\n|-activate|p1a: Wo-Chien|move: Protect\n|-resisted|p1b: Grimmsnarl\n|-damage|p1b: Grimmsnarl|80/100\n|move|p2a: Triple T|Sludge Bomb|p1b: Grimmsnarl\n|-supereffective|p1b: Grimmsnarl\n|-damage|p1b: Grimmsnarl|10/100\n|\n|-damage|p2a: Triple T|50/100|[from] Leech Seed|[of] p1a: Wo-Chien\n|-heal|p1a: Wo-Chien|66/100|[silent]\n|upkeep\n|turn|6\n|\n|t:|1771147099\n|switch|p1a: Kyogre|Kyogre, L50|100/100\n|-weather|RainDance|[from] ability: Drizzle|[of] p1a: Kyogre\n|move|p2b: Rice Shower|Protect|p2b: Rice Shower\n|-singleturn|p2b: Rice Shower|Protect\n|move|p1b: Grimmsnarl|Parting Shot|p2b: Rice Shower\n|-activate|p2b: Rice Shower|move: Protect\n|move|p2a: Triple T|Sludge Bomb|p1b: Grimmsnarl\n|-supereffective|p1b: Grimmsnarl\n|-damage|p1b: Grimmsnarl|0 fnt\n|faint|p1b: Grimmsnarl\n|\n|-weather|RainDance|[upkeep]\n|-damage|p2a: Triple T|38/100|[from] Leech Seed|[of] p1a: Kyogre\n|upkeep\n|\n|t:|1771147117\n|switch|p1b: Wo-Chien|Wo-Chien, L50|66/100\n|-ability|p1b: Wo-Chien|Tablets of Ruin\n|turn|7\n|\n|t:|1771147131\n|switch|p2a: Koraidon|Koraidon, L50|100/100\n|-weather|SunnyDay|[from] ability: Orichalcum Pulse|[of] p2a: Koraidon\n|-activate|p2a: Koraidon|Orichalcum Pulse|[source]\n|move|p2b: Rice Shower|Astral Barrage|p1a: Kyogre|[spread] p1a,p1b\n|-crit|p1a: Kyogre\n|-resisted|p1b: Wo-Chien\n|-damage|p1a: Kyogre|51/100\n|-damage|p1b: Wo-Chien|53/100\n|move|p1b: Wo-Chien|Leech Seed|p2a: Koraidon\n|-start|p2a: Koraidon|move: Leech Seed\n|move|p1a: Kyogre|Ice Beam|p2a: Koraidon\n|-supereffective|p2a: Koraidon\n|-damage|p2a: Koraidon|35/100\n|\n|-weather|SunnyDay|[upkeep]\n|-heal|p1a: Kyogre|57/100|[from] item: Leftovers\n|-damage|p2a: Koraidon|23/100|[from] Leech Seed|[of] p1b: Wo-Chien\n|-heal|p1b: Wo-Chien|68/100|[silent]\n|upkeep\n|turn|8\n|\n|t:|1771147196\n|switch|p1a: Zamazenta|Zamazenta-Crowned, L50, tera:Grass|75/100\n|move|p2b: Rice Shower|Astral Barrage|p1a: Zamazenta|[spread] p1a,p1b\n|-resisted|p1b: Wo-Chien\n|-damage|p1a: Zamazenta|52/100\n|-damage|p1b: Wo-Chien|54/100\n|move|p2a: Koraidon|Flare Blitz|p1b: Wo-Chien\n|-supereffective|p1b: Wo-Chien\n|-damage|p1b: Wo-Chien|0 fnt\n|faint|p1b: Wo-Chien\n|-damage|p2a: Koraidon|4/100|[from] Recoil\n|\n|-weather|SunnyDay|[upkeep]\n|-sideend|p1: SEITA|move: Light Screen\n|upkeep\n|\n|t:|1771147210\n|switch|p1b: Kyogre|Kyogre, L50|57/100\n|-weather|RainDance|[from] ability: Drizzle|[of] p1b: Kyogre\n|turn|9\n|\n|t:|1771147220\n|switch|p2a: Brute Bonnet|Brute Bonnet, L50|29/100\n|move|p2b: Rice Shower|Protect|p2b: Rice Shower\n|-singleturn|p2b: Rice Shower|Protect\n|move|p1a: Zamazenta|Behemoth Bash|p2b: Rice Shower\n|-activate|p2b: Rice Shower|move: Protect\n|move|p1b: Kyogre|Origin Pulse|p2b: Rice Shower|[spread] p2a\n|-activate|p2b: Rice Shower|move: Protect\n|-resisted|p2a: Brute Bonnet\n|-damage|p2a: Brute Bonnet|1/100\n|\n|-weather|RainDance|[upkeep]\n|-heal|p1b: Kyogre|62/100|[from] item: Leftovers\n|-sideend|p1: SEITA|Reflect\n|upkeep\n|turn|10\n|\n|t:|1771147247\n|move|p2a: Brute Bonnet|Sucker Punch|p1a: Zamazenta\n|-damage|p1a: Zamazenta|35/100\n|move|p2b: Rice Shower|Psychic|p1a: Zamazenta\n|-damage|p1a: Zamazenta|0 fnt\n|faint|p1a: Zamazenta\n|-ability|p2b: Rice Shower|Grim Neigh|boost\n|-boost|p2b: Rice Shower|spa|1\n|move|p1b: Kyogre|Origin Pulse|p2b: Rice Shower|[spread] p2a,p2b\n|-resisted|p2a: Brute Bonnet\n|-damage|p2a: Brute Bonnet|0 fnt\n|-damage|p2b: Rice Shower|23/100\n|faint|p2a: Brute Bonnet\n|-end|p2a: Brute Bonnet|Protosynthesis|[silent]\n|\n|-weather|RainDance|[upkeep]\n|-heal|p1b: Kyogre|68/100|[from] item: Leftovers\n|upkeep\n|\n|t:|1771147250\n|switch|p2a: Koraidon|Koraidon, L50|4/100\n|-weather|SunnyDay|[from] ability: Orichalcum Pulse|[of] p2a: Koraidon\n|-activate|p2a: Koraidon|Orichalcum Pulse|[source]\n|turn|11\n|-message|SEITA forfeited.\n|\n|win|TheManOfSausage\n|raw|SEITA's rating: 1548 &rarr; <strong>1531</strong><br />(-17 for losing)\n|raw|TheManOfSausage's rating: 1609 &rarr; <strong>1626</strong><br />(+17 for winning)\n|l|\u2606SEITA\n|player|p1|\n|l|\u2606TheManOfSausage\n|player|p2|\n","uploadtime":1771147407,"views":52,"formatid":"gen9vgc2026regi","rating":1531,"private":0,"password":null}