{"id":"gen9vgc2026regi-2590990135","format":"[Gen 9] VGC 2026 Reg I","players":["pumpkinflame","blackred123"],"log":"|j|\u2606pumpkinflame\n|j|\u2606blackred123\n|t:|1776866898\n|gametype|doubles\n|player|p1|pumpkinflame|adaman-masters|1470\n|player|p2|blackred123|iono-masters|1649\n|gen|9\n|tier|[Gen 9] VGC 2026 Reg I\n|rated|\n|rule|Species Clause: Limit one of each Pok\u00e9mon\n|rule|Item Clause: Limit 1 of each item\n|clearpoke\n|poke|p1|Kyogre, L50|\n|poke|p1|Archaludon, L50, F|\n|poke|p1|Rillaboom, L50, F|\n|poke|p1|Roaring Moon, L50|\n|poke|p1|Calyrex-Ice, L50|\n|poke|p1|Incineroar, L50, F|\n|poke|p2|Calyrex-Shadow, L50|\n|poke|p2|Zamazenta-*, L50|\n|poke|p2|Tornadus, L50, M|\n|poke|p2|Rillaboom, L50, M|\n|poke|p2|Ogerpon-Hearthflame, L50, F|\n|poke|p2|Raging Bolt, L50|\n|teampreview|4\n|inactive|Battle timer is ON: inactive players will automatically lose when time's up. (requested by blackred123)\n|inactive|pumpkinflame has 60 seconds left.\n|\n|t:|1776866950\n|teamsize|p1|4\n|teamsize|p2|4\n|start\n|switch|p1a: Chilly and Willy|Calyrex-Ice, L50|100/100\n|switch|p1b: Mrs. Dreads|Rillaboom, L50, F, shiny|100/100\n|switch|p2a: Zamazenta|Zamazenta-Crowned, L50|100/100\n|switch|p2b: Rillaboom|Rillaboom, L50, M|100/100\n|-ability|p1a: Chilly and Willy|As One\n|-ability|p1a: Chilly and Willy|Unnerve\n|-ability|p2a: Zamazenta|Dauntless Shield|boost\n|-boost|p2a: Zamazenta|def|1\n|-fieldstart|move: Grassy Terrain|[from] ability: Grassy Surge|[of] p1b: Mrs. Dreads\n|turn|1\n|\n|t:|1776866964\n|move|p1a: Chilly and Willy|Protect|p1a: Chilly and Willy\n|-singleturn|p1a: Chilly and Willy|Protect\n|move|p2b: Rillaboom|Fake Out|p1a: Chilly and Willy\n|-activate|p1a: Chilly and Willy|move: Protect\n|move|p2a: Zamazenta|Body Press|p1b: Mrs. Dreads\n|-damage|p1b: Mrs. Dreads|32/100\n|move|p1b: Mrs. Dreads|High Horsepower|p2a: Zamazenta|[miss]\n|-miss|p1b: Mrs. Dreads|p2a: Zamazenta\n|\n|-heal|p1b: Mrs. Dreads|38/100|[from] Grassy Terrain\n|upkeep\n|turn|2\n|inactive|pumpkinflame has 30 seconds left.\n|\n|t:|1776866997\n|switch|p1b: K.O|Kyogre, L50|100/100\n|-weather|RainDance|[from] ability: Drizzle|[of] p1b: K.O\n|move|p2a: Zamazenta|Body Press|p1b: K.O\n|-damage|p1b: K.O|39/100\n|move|p2b: Rillaboom|U-turn|p1a: Chilly and Willy\n|-supereffective|p1a: Chilly and Willy\n|-damage|p1a: Chilly and Willy|71/100\n|inactive|blackred123 has 30 seconds left.\n|\n|t:|1776867023\n|switch|p2b: Ogerpon|Ogerpon-Hearthflame, L50, F|100/100|[from] U-turn\n|-ability|p2b: Ogerpon|Mold Breaker\n|move|p1a: Chilly and Willy|Trick Room|p1a: Chilly and Willy\n|-fieldstart|move: Trick Room|[of] p1a: Chilly and Willy\n|\n|-weather|RainDance|[upkeep]\n|-heal|p1a: Chilly and Willy|76/100|[from] Grassy Terrain\n|-heal|p1a: Chilly and Willy|82/100|[from] item: Leftovers\n|-heal|p1b: K.O|45/100|[from] Grassy Terrain\n|upkeep\n|turn|3\n|\n|t:|1776867041\n|move|p2b: Ogerpon|Spiky Shield|p2b: Ogerpon\n|-singleturn|p2b: Ogerpon|move: Protect\n|move|p2a: Zamazenta|Protect|p2a: Zamazenta\n|-singleturn|p2a: Zamazenta|Protect\n|move|p1a: Chilly and Willy|Leech Seed|p2a: Zamazenta\n|-activate|p2a: Zamazenta|move: Protect\n|move|p1b: K.O|Origin Pulse|p2b: Ogerpon|[spread] \n|-activate|p2a: Zamazenta|move: Protect\n|-activate|p2b: Ogerpon|move: Protect\n|\n|-weather|RainDance|[upkeep]\n|-heal|p1a: Chilly and Willy|88/100|[from] Grassy Terrain\n|-heal|p1a: Chilly and Willy|94/100|[from] item: Leftovers\n|-heal|p1b: K.O|51/100|[from] Grassy Terrain\n|upkeep\n|turn|4\n|inactive|pumpkinflame has 30 seconds left.\n|inactive|blackred123 has 30 seconds left.\n|inactive|pumpkinflame has 20 seconds left.\n|\n|t:|1776867080\n|move|p2b: Ogerpon|Grassy Glide|p1b: K.O\n|-supereffective|p1b: K.O\n|-damage|p1b: K.O|0 fnt\n|faint|p1b: K.O\n|move|p1a: Chilly and Willy|Leech Seed|p2a: Zamazenta|[miss]\n|-miss|p1a: Chilly and Willy|p2a: Zamazenta\n|move|p2a: Zamazenta|Body Press|p1a: Chilly and Willy\n|-damage|p1a: Chilly and Willy|53/100\n|\n|-weather|RainDance|[upkeep]\n|-heal|p1a: Chilly and Willy|58/100|[from] Grassy Terrain\n|-heal|p1a: Chilly and Willy|64/100|[from] item: Leftovers\n|upkeep\n|\n|t:|1776867088\n|switch|p1b: Miraidon 2|Archaludon, L50, F|100/100\n|turn|5\n|\n|t:|1776867098\n|move|p2a: Zamazenta|Protect|p2a: Zamazenta\n|-singleturn|p2a: Zamazenta|Protect\n|move|p1a: Chilly and Willy|Glacial Lance|p2a: Zamazenta|[spread] p2b\n|-activate|p2a: Zamazenta|move: Protect\n|-damage|p2b: Ogerpon|60/100\n|move|p1b: Miraidon 2|Electro Shot||[still]\n|-prepare|p1b: Miraidon 2|Electro Shot\n|-boost|p1b: Miraidon 2|spa|1\n|-anim|p1b: Miraidon 2|Electro Shot|p2a: Zamazenta\n|-activate|p2a: Zamazenta|move: Protect\n|move|p2b: Ogerpon|Ivy Cudgel|p1b: Miraidon 2|[anim] Ivy Cudgel Fire\n|-damage|p1b: Miraidon 2|83/100\n|-ability|p1b: Miraidon 2|Stamina|boost\n|-boost|p1b: Miraidon 2|def|1\n|\n|-weather|RainDance|[upkeep]\n|-heal|p1a: Chilly and Willy|70/100|[from] Grassy Terrain\n|-heal|p1a: Chilly and Willy|76/100|[from] item: Leftovers\n|-heal|p1b: Miraidon 2|89/100|[from] Grassy Terrain\n|-heal|p2b: Ogerpon|66/100|[from] Grassy Terrain\n|-fieldend|move: Grassy Terrain\n|upkeep\n|turn|6\n|\n|t:|1776867121\n|move|p1a: Chilly and Willy|Glacial Lance|p2a: Zamazenta|[spread] p2a,p2b\n|-resisted|p2a: Zamazenta\n|-damage|p2a: Zamazenta|92/100\n|-damage|p2b: Ogerpon|29/100\n|move|p1b: Miraidon 2|Electro Shot||[still]\n|-prepare|p1b: Miraidon 2|Electro Shot\n|-boost|p1b: Miraidon 2|spa|1\n|-anim|p1b: Miraidon 2|Electro Shot|p2a: Zamazenta\n|-damage|p2a: Zamazenta|32/100\n|move|p2b: Ogerpon|Ivy Cudgel|p1a: Chilly and Willy|[anim] Ivy Cudgel Fire\n|-supereffective|p1a: Chilly and Willy\n|-damage|p1a: Chilly and Willy|44/100\n|move|p2a: Zamazenta|Body Press|p1b: Miraidon 2\n|-supereffective|p1b: Miraidon 2\n|-damage|p1b: Miraidon 2|20/100\n|-ability|p1b: Miraidon 2|Stamina|boost\n|-boost|p1b: Miraidon 2|def|1\n|\n|-weather|none\n|-heal|p1a: Chilly and Willy|50/100|[from] item: Leftovers\n|-fieldend|move: Trick Room\n|upkeep\n|turn|7\n|inactive|pumpkinflame has 30 seconds left.\n|\n|t:|1776867147\n|-terastallize|p2b: Ogerpon|Fire\n|detailschange|p2b: Ogerpon|Ogerpon-Hearthflame-Tera, L50, F, tera:Fire\n|-ability|p2b: Ogerpon|Embody Aspect (Hearthflame)|boost\n|-boost|p2b: Ogerpon|atk|1\n|move|p2a: Zamazenta|Body Press|p1b: Miraidon 2\n|-supereffective|p1b: Miraidon 2\n|-damage|p1b: Miraidon 2|0 fnt\n|faint|p1b: Miraidon 2\n|move|p2b: Ogerpon|Ivy Cudgel|p1a: Chilly and Willy|[anim] Ivy Cudgel Fire\n|-supereffective|p1a: Chilly and Willy\n|-damage|p1a: Chilly and Willy|0 fnt\n|faint|p1a: Chilly and Willy\n|\n|upkeep\n|\n|t:|1776867159\n|switch|p1b: Mrs. Dreads|Rillaboom, L50, F, shiny|38/100\n|-fieldstart|move: Grassy Terrain|[from] ability: Grassy Surge|[of] p1b: Mrs. Dreads\n|turn|8\n|\n|t:|1776867175\n|-terastallize|p1b: Mrs. Dreads|Fairy\n|move|p1b: Mrs. Dreads|Grassy Glide|p2b: Ogerpon\n|-resisted|p2b: Ogerpon\n|-damage|p2b: Ogerpon|11/100\n|move|p2a: Zamazenta|Body Press|p1b: Mrs. Dreads\n|-resisted|p1b: Mrs. Dreads\n|-damage|p1b: Mrs. Dreads|3/100\n|move|p2b: Ogerpon|Ivy Cudgel|p1b: Mrs. Dreads|[anim] Ivy Cudgel Fire\n|-damage|p1b: Mrs. Dreads|0 fnt\n|faint|p1b: Mrs. Dreads\n|\n|win|blackred123\n|raw|pumpkinflame's rating: 1470 &rarr; <strong>1459</strong><br />(-11 for losing)\n|raw|blackred123's rating: 1649 &rarr; <strong>1660</strong><br />(+11 for winning)\n|l|\u2606pumpkinflame\n|player|p1|\n","uploadtime":1776867448,"views":8,"formatid":"gen9vgc2026regi","rating":1459,"private":0,"password":null}