{"id":"gen9vgc2026regi-2584645584","format":"[Gen 9] VGC 2026 Reg I","players":["touchgrassyterrain","D4RKEVA"],"log":"|j|\u2606touchgrassyterrain\n|j|\u2606D4RKEVA\n|html|<table width=\"100%\"><tr><td align=\"left\">touchgrassyterrain</td><td align=\"right\">D4RKEVA</tr><tr><td align=\"left\"><i class=\"fa fa-circle-o\"></i> <i class=\"fa fa-circle-o\"></i> </td><td align=\"right\"><i class=\"fa fa-circle-o\"></i> <i class=\"fa fa-circle-o\"></i> </tr></table>\n|uhtml|bestof|<h2><strong>Game 1</strong> of <a href=\"/game-bestof3-gen9vgc2026regi-2584645583\">a best-of-3</a></h2>\n|t:|1776274169\n|gametype|doubles\n|player|p1|touchgrassyterrain|flannery|\n|player|p2|D4RKEVA|265|\n|gen|9\n|tier|[Gen 9] VGC 2026 Reg I\n|rule|Species Clause: Limit one of each Pok\u00e9mon\n|rule|Item Clause: Limit 1 of each item\n|raw|<div class=\"infobox\"><details class=\"readmore\" open><summary><strong>1 custom rule:</strong></summary> Best of = 3</details></div>\n|clearpoke\n|poke|p1|Koraidon, L50|\n|poke|p1|Weezing-Galar, L50, F|\n|poke|p1|Calyrex-Shadow, L50|\n|poke|p1|Raging Bolt, L50|\n|poke|p1|Chi-Yu, L50|\n|poke|p1|Brute Bonnet, L50|\n|poke|p2|Lunala, L50|\n|poke|p2|Koraidon, L50|\n|poke|p2|Flutter Mane, L50|\n|poke|p2|Brute Bonnet, L50|\n|poke|p2|Chi-Yu, L50|\n|poke|p2|Ursaluna, L50, F|\n|teampreview|4\ntouchgrassyterrain has agreed to open team sheets.\nD4RKEVA has agreed to open team sheets.\n|showteam|p1|Koraidon||AbilityShield|OrichalcumPulse|FlareBlitz,CollisionCourse,FlameCharge,Protect||||||50|,,,,,Fire]Weezing-Galar||CovertCloak|NeutralizingGas|DazzlingGleam,Taunt,WillOWisp,Protect|||F|||50|,,,,,Water]Calyrex-Shadow||FocusSash|AsOneSpectrier|AstralBarrage,Psychic,NastyPlot,Protect||||||50|,,,,,Ghost]Raging Bolt||AssaultVest|Protosynthesis|Thunderclap,DracoMeteor,Thunderbolt,Electroweb||||||50|,,,,,Electric]Chi-Yu||ChoiceScarf|BeadsofRuin|HeatWave,Snarl,DarkPulse,Overheat||||||50|,,,,,Ghost]Brute Bonnet||SitrusBerry|Protosynthesis|Spore,RagePowder,SeedBomb,SuckerPunch||||||50|,,,,,Water\n|showteam|p2|Lunala||PowerHerb|ShadowShield|MoongeistBeam,MeteorBeam,WideGuard,TrickRoom||||||50|,,,,,Fairy]Koraidon||LifeOrb|OrichalcumPulse|CloseCombat,FlareBlitz,FlameCharge,Protect||||||50|,,,,,Fire]Flutter Mane||FocusSash|Protosynthesis|ShadowBall,Moonblast,IcyWind,Protect||||||50|,,,,,Stellar]Brute Bonnet||SitrusBerry|Protosynthesis|SeedBomb,SuckerPunch,Spore,RagePowder||||||50|,,,,,Water]Chi-Yu||ChoiceScarf|BeadsofRuin|DarkPulse,HeatWave,Overheat,Snarl||||||50|,,,,,Ghost]Ursaluna||FlameOrb|Guts|Facade,HeadlongRush,Earthquake,Protect|||F|||50|,,,,,Ghost\n|inactive|Battle timer is ON: inactive players will automatically lose when time's up. (requested by D4RKEVA)\n|inactive|D4RKEVA has 60 seconds left.\n|inactive|touchgrassyterrain has 60 seconds left.\n|\n|t:|1776274237\n|teamsize|p1|4\n|teamsize|p2|4\n|start\n|switch|p1a: stride|Koraidon, L50|100/100\n|switch|p1b: me IRL|Weezing-Galar, L50, F, shiny|100/100\n|switch|p2a: Brute Bonnie|Brute Bonnet, L50|100/100\n|switch|p2b: Chi-Yu|Chi-Yu, L50|100/100\n|-ability|p1b: me IRL|Neutralizing Gas\n|-block|p1a: stride|item: Ability Shield\n|-weather|SunnyDay|[from] ability: Orichalcum Pulse|[of] p1a: stride\n|-activate|p1a: stride|Orichalcum Pulse|[source]\n|turn|1\n|inactive|touchgrassyterrain has 30 seconds left.\n|inactive|touchgrassyterrain has 20 seconds left.\n|inactive|D4RKEVA has 30 seconds left.\n|inactive|touchgrassyterrain has 15 seconds left.\n|inactive|touchgrassyterrain has 10 seconds left.\n|\n|t:|1776274283\n|-terastallize|p1b: me IRL|Water\n|-terastallize|p2a: Brute Bonnie|Water\n|move|p1a: stride|Protect|p1a: stride\n|-singleturn|p1a: stride|Protect\n|move|p2b: Chi-Yu|Overheat|p1b: me IRL\n|-resisted|p1b: me IRL\n|-damage|p1b: me IRL|48/100\n|-unboost|p2b: Chi-Yu|spa|2\n|move|p1b: me IRL|Taunt|p2a: Brute Bonnie\n|-start|p2a: Brute Bonnie|move: Taunt\n|cant|p2a: Brute Bonnie|move: Taunt|Spore\n|\n|-weather|SunnyDay|[upkeep]\n|upkeep\n|turn|2\n|inactive|touchgrassyterrain has 30 seconds left.\n|\n|t:|1776274309\n|switch|p2b: Flutter Mane|Flutter Mane, L50|100/100\n|move|p1a: stride|Flame Charge|p2a: Brute Bonnie\n|-resisted|p2a: Brute Bonnie\n|-damage|p2a: Brute Bonnie|88/100\n|-boost|p1a: stride|spe|1\n|move|p1b: me IRL|Will-O-Wisp|p2a: Brute Bonnie\n|-status|p2a: Brute Bonnie|brn\n|move|p2a: Brute Bonnie|Seed Bomb|p1b: me IRL\n|-supereffective|p1b: me IRL\n|-damage|p1b: me IRL|17/100\n|\n|-weather|SunnyDay|[upkeep]\n|-damage|p2a: Brute Bonnie|82/100 brn|[from] brn\n|upkeep\n|turn|3\n|inactive|touchgrassyterrain has 30 seconds left.\n|inactive|D4RKEVA has 30 seconds left.\n|\n|t:|1776274336\n|-end|p1b: me IRL|ability: Neutralizing Gas\n|-activate|p2b: Flutter Mane|ability: Protosynthesis\n|-start|p2b: Flutter Mane|protosynthesisspe\n|-activate|p2a: Brute Bonnie|ability: Protosynthesis\n|-start|p2a: Brute Bonnie|protosynthesisdef\n|switch|p1b: feesh.|Chi-Yu, L50|100/100\n|-ability|p1b: feesh.|Beads of Ruin\n|move|p1a: stride|Protect|p1a: stride\n|-singleturn|p1a: stride|Protect\n|move|p2b: Flutter Mane|Moonblast|p1a: stride\n|-activate|p1a: stride|move: Protect\n|move|p2a: Brute Bonnie|Seed Bomb|p1b: feesh.\n|-resisted|p1b: feesh.\n|-damage|p1b: feesh.|87/100\n|\n|-weather|SunnyDay|[upkeep]\n|-damage|p2a: Brute Bonnie|75/100 brn|[from] brn\n|-end|p2a: Brute Bonnie|move: Taunt\n|upkeep\n|turn|4\n|inactive|touchgrassyterrain has 30 seconds left.\n|\n|t:|1776274371\n|move|p2b: Flutter Mane|Protect|p2b: Flutter Mane\n|-singleturn|p2b: Flutter Mane|Protect\n|move|p1a: stride|Collision Course|p2a: Brute Bonnie\n|-damage|p2a: Brute Bonnie|37/100 brn\n|-enditem|p2a: Brute Bonnie|Sitrus Berry|[eat]\n|-heal|p2a: Brute Bonnie|62/100 brn|[from] item: Sitrus Berry\n|move|p1b: feesh.|Heat Wave|p2a: Brute Bonnie|[spread] p2a\n|-activate|p2b: Flutter Mane|move: Protect\n|-resisted|p2a: Brute Bonnie\n|-damage|p2a: Brute Bonnie|29/100 brn\n|move|p2a: Brute Bonnie|Spore|p1b: feesh.\n|-status|p1b: feesh.|slp|[from] move: Spore\n|\n|-weather|SunnyDay|[upkeep]\n|-damage|p2a: Brute Bonnie|23/100 brn|[from] brn\n|upkeep\n|turn|5\n|\n|t:|1776274395\n|switch|p1a: me IRL|Weezing-Galar, L50, F, shiny, tera:Water|17/100\n|-ability|p1a: me IRL|Neutralizing Gas\n|cant|p1b: feesh.|slp\n|move|p2b: Flutter Mane|Icy Wind|p1b: feesh.|[spread] p1a,p1b\n|-resisted|p1a: me IRL\n|-resisted|p1b: feesh.\n|-damage|p1a: me IRL|10/100\n|-damage|p1b: feesh.|79/100 slp\n|-unboost|p1b: feesh.|spe|1\n|move|p2a: Brute Bonnie|Spore|p1a: me IRL\n|-status|p1a: me IRL|slp|[from] move: Spore\n|\n|-weather|none\n|-damage|p2a: Brute Bonnie|17/100 brn|[from] brn\n|upkeep\n|turn|6\n|\n|t:|1776274409\n|move|p2b: Flutter Mane|Moonblast|p1b: feesh.\n|-crit|p1b: feesh.\n|-damage|p1b: feesh.|0 fnt\n|faint|p1b: feesh.\n|cant|p1a: me IRL|slp\n|move|p2a: Brute Bonnie|Seed Bomb|p1a: me IRL\n|-supereffective|p1a: me IRL\n|-damage|p1a: me IRL|0 fnt\n|faint|p1a: me IRL\n|-end|p1a: me IRL|ability: Neutralizing Gas\n|-end|p2b: Flutter Mane|Protosynthesis\n|-end|p2a: Brute Bonnie|Protosynthesis\n|\n|-damage|p2a: Brute Bonnie|10/100 brn|[from] brn\n|upkeep\n|\n|t:|1776274414\n|switch|p1b: mr mushroom|Brute Bonnet, L50|100/100\n|switch|p1a: stride|Koraidon, L50|100/100\n|-weather|SunnyDay|[from] ability: Orichalcum Pulse|[of] p1a: stride\n|-activate|p2b: Flutter Mane|ability: Protosynthesis\n|-start|p2b: Flutter Mane|protosynthesisspe\n|-activate|p2a: Brute Bonnie|ability: Protosynthesis\n|-start|p2a: Brute Bonnie|protosynthesisdef\n|-activate|p1b: mr mushroom|ability: Protosynthesis\n|-start|p1b: mr mushroom|protosynthesisdef\n|-activate|p1a: stride|Orichalcum Pulse|[source]\n|turn|7\n|\n|t:|1776274431\n|move|p1a: stride|Protect|p1a: stride\n|-singleturn|p1a: stride|Protect\n|move|p2b: Flutter Mane|Icy Wind|p1b: mr mushroom|[spread] p1b\n|-activate|p1a: stride|move: Protect\n|-supereffective|p1b: mr mushroom\n|-damage|p1b: mr mushroom|75/100\n|-unboost|p1b: mr mushroom|spe|1\n|move|p2a: Brute Bonnie|Spore|p1a: stride\n|-activate|p1a: stride|move: Protect\n|move|p1b: mr mushroom|Spore|p2b: Flutter Mane\n|-status|p2b: Flutter Mane|slp|[from] move: Spore\n|\n|-weather|SunnyDay|[upkeep]\n|-damage|p2a: Brute Bonnie|4/100 brn|[from] brn\n|upkeep\n|turn|8\n|\n|t:|1776274442\n|cant|p2b: Flutter Mane|slp\n|move|p2a: Brute Bonnie|Rage Powder|p2a: Brute Bonnie\n|-singleturn|p2a: Brute Bonnie|move: Rage Powder\n|move|p1a: stride|Flame Charge|p2a: Brute Bonnie\n|-resisted|p2a: Brute Bonnie\n|-damage|p2a: Brute Bonnie|0 fnt\n|-boost|p1a: stride|spe|1\n|faint|p2a: Brute Bonnie\n|-end|p2a: Brute Bonnie|Protosynthesis|[silent]\n|move|p1b: mr mushroom|Seed Bomb|p2b: Flutter Mane\n|-damage|p2b: Flutter Mane|27/100 slp\n|\n|-weather|SunnyDay|[upkeep]\n|upkeep\n|\n|t:|1776274446\n|switch|p2a: Chi-Yu|Chi-Yu, L50|100/100\n|-ability|p2a: Chi-Yu|Beads of Ruin\n|turn|9\n|\n|t:|1776274457\n|move|p1b: mr mushroom|Sucker Punch|p2b: Flutter Mane\n|-damage|p2b: Flutter Mane|0 fnt\n|faint|p2b: Flutter Mane\n|-end|p2b: Flutter Mane|Protosynthesis|[silent]\n|move|p1a: stride|Collision Course|p2a: Chi-Yu\n|-supereffective|p2a: Chi-Yu\n|-damage|p2a: Chi-Yu|0 fnt\n|faint|p2a: Chi-Yu\n|\n|-weather|SunnyDay|[upkeep]\n|upkeep\n|\n|t:|1776274460\n|switch|p2b: Clydeon|Koraidon, L50|100/100\n|-activate|p2b: Clydeon|ability: Orichalcum Pulse\n|turn|10\n|\n|t:|1776274476\n|move|p1a: stride|Collision Course|p2b: Clydeon\n|-damage|p2b: Clydeon|36/100\n|move|p2b: Clydeon|Flame Charge|p1b: mr mushroom\n|-supereffective|p1b: mr mushroom\n|-damage|p1b: mr mushroom|24/100\n|-boost|p2b: Clydeon|spe|1\n|-enditem|p1b: mr mushroom|Sitrus Berry|[eat]\n|-heal|p1b: mr mushroom|49/100|[from] item: Sitrus Berry\n|-damage|p2b: Clydeon|26/100|[from] item: Life Orb\n|move|p1b: mr mushroom|Spore|p2b: Clydeon\n|-status|p2b: Clydeon|slp|[from] move: Spore\n|\n|-weather|SunnyDay|[upkeep]\n|upkeep\n|turn|11\n|-message|D4RKEVA forfeited.\n|\n|win|touchgrassyterrain\n||D4RKEVA is ready for game 2.\n||touchgrassyterrain is ready for game 2.\n|uhtml|next|Next: <a href=\"/battle-gen9vgc2026regi-2584650733\"><strong>Game 2 of 3</strong></a>\n","uploadtime":1776274488,"views":25,"formatid":"gen9vgc2026regi","rating":null,"private":0,"password":null}