{"id":"gen9vgc2026regi-2578883549","format":"[Gen 9] VGC 2026 Reg I","players":["JustTwist","Luca8"],"log":"|j|\u2606JustTwist\n|j|\u2606Luca8\n|t:|1775732016\n|gametype|doubles\n|player|p1|JustTwist|dawn|1316\n|player|p2|Luca8|flint|1410\n|gen|9\n|tier|[Gen 9] VGC 2026 Reg I\n|rated|\n|rule|Species Clause: Limit one of each Pok\u00e9mon\n|rule|Item Clause: Limit 1 of each item\n|clearpoke\n|poke|p1|Iron Crown, L50|\n|poke|p1|Miraidon, L50|\n|poke|p1|Zamazenta-*, L50|\n|poke|p1|Incineroar, L50, M|\n|poke|p1|Flutter Mane, L50|\n|poke|p1|Dragonite, L50, M|\n|poke|p2|Zamazenta-*, L50|\n|poke|p2|Calyrex-Shadow, L50|\n|poke|p2|Indeedee-F, L50, F|\n|poke|p2|Torkoal, L50, F|\n|poke|p2|Fezandipiti, L50, M|\n|poke|p2|Pelipper, L50, F|\n|teampreview|4\n|inactive|Battle timer is ON: inactive players will automatically lose when time's up. (requested by Luca8)\n|\n|t:|1775732092\n|teamsize|p1|4\n|teamsize|p2|4\n|start\n|switch|p1a: Iron Crown|Iron Crown, L50|100/100\n|switch|p1b: Miraidon|Miraidon, L50|100/100\n|switch|p2a: Fezandipiti|Fezandipiti, L50, M|100/100\n|switch|p2b: Zamazenta|Zamazenta-Crowned, L50|100/100\n|-fieldstart|move: Electric Terrain|[from] ability: Hadron Engine|[of] p1b: Miraidon\n|-activate|p1a: Iron Crown|ability: Quark Drive\n|-start|p1a: Iron Crown|quarkdrivespa\n|-ability|p2b: Zamazenta|Dauntless Shield|boost\n|-boost|p2b: Zamazenta|def|1\n|turn|1\n|inactive|Luca8 has 30 seconds left.\n|\n|t:|1775732122\n|switch|p2a: Indeedee|Indeedee-F, L50, F|100/100\n|-fieldstart|move: Psychic Terrain|[from] ability: Psychic Surge|[of] p2a: Indeedee\n|-end|p1a: Iron Crown|Quark Drive\n|-terastallize|p2b: Zamazenta|Fighting\n|move|p1a: Iron Crown|Tachyon Cutter|p2a: Indeedee\n|-damage|p2a: Indeedee|78/100\n|-damage|p2a: Indeedee|55/100\n|-hitcount|p2a: Indeedee|2\n|move|p1b: Miraidon|Volt Switch|p2b: Zamazenta\n|-damage|p2b: Zamazenta|78/100\n|\n|t:|1775732136\n|switch|p1b: Dragonite|Dragonite, L50, M|100/100|[from] Volt Switch\n|move|p2b: Zamazenta|Body Press|p1b: Dragonite\n|-resisted|p1b: Dragonite\n|-damage|p1b: Dragonite|81/100\n|\n|upkeep\n|turn|2\n|inactive|JustTwist has 30 seconds left.\n|\n|t:|1775732162\n|switch|p2a: Fezandipiti|Fezandipiti, L50, M|100/100\n|move|p1a: Iron Crown|Tachyon Cutter|p2a: Fezandipiti\n|-supereffective|p2a: Fezandipiti\n|-damage|p2a: Fezandipiti|66/100\n|-supereffective|p2a: Fezandipiti\n|-damage|p2a: Fezandipiti|29/100\n|-hitcount|p2a: Fezandipiti|2\n|move|p2b: Zamazenta|Body Press|p1a: Iron Crown\n|-damage|p1a: Iron Crown|17/100\n|move|p1b: Dragonite|Scale Shot|p2b: Zamazenta\n|-damage|p2b: Zamazenta|73/100\n|-crit|p2b: Zamazenta\n|-damage|p2b: Zamazenta|63/100\n|-damage|p2b: Zamazenta|58/100\n|-damage|p2b: Zamazenta|53/100\n|-damage|p2b: Zamazenta|48/100\n|-hitcount|p2b: Zamazenta|5\n|-unboost|p1b: Dragonite|def|1\n|-boost|p1b: Dragonite|spe|1\n|\n|upkeep\n|turn|3\n|inactive|JustTwist has 30 seconds left.\n|inactive|Luca8 has 30 seconds left.\n|inactive|JustTwist has 20 seconds left.\n|\n|t:|1775732199\n|move|p1a: Iron Crown|Tachyon Cutter|p2a: Fezandipiti\n|-supereffective|p2a: Fezandipiti\n|-damage|p2a: Fezandipiti|0 fnt\n|faint|p2a: Fezandipiti\n|-hitcount|p2: Fezandipiti|1\n|move|p1b: Dragonite|Haze|p1b: Dragonite\n|-clearallboost\n|move|p2b: Zamazenta|Body Press|p1a: Iron Crown\n|-damage|p1a: Iron Crown|0 fnt\n|faint|p1a: Iron Crown\n|-end|p1a: Iron Crown|Quark Drive|[silent]\n|\n|upkeep\n|\n|t:|1775732220\n|switch|p1a: Zamazenta|Zamazenta-Crowned, L50|100/100\n|switch|p2a: Calyrex|Calyrex-Shadow, L50|100/100\n|-ability|p2a: Calyrex|As One\n|-ability|p2a: Calyrex|Unnerve\n|-ability|p1a: Zamazenta|Dauntless Shield|boost\n|-boost|p1a: Zamazenta|def|1\n|turn|4\n|\n|t:|1775732239\n|-terastallize|p1a: Zamazenta|Water\n|move|p2a: Calyrex|Expanding Force|p1a: Zamazenta|[spread] p1a,p1b\n|-damage|p1a: Zamazenta|53/100\n|-damage|p1b: Dragonite|33/100\n|move|p1a: Zamazenta|Body Press|p2b: Zamazenta\n|-damage|p2b: Zamazenta|13/100\n|move|p2b: Zamazenta|Iron Defense|p2b: Zamazenta\n|-boost|p2b: Zamazenta|def|2\n|move|p1b: Dragonite|Scale Shot|p2a: Calyrex\n|-damage|p2a: Calyrex|85/100\n|-damage|p2a: Calyrex|72/100\n|-damage|p2a: Calyrex|58/100\n|-damage|p2a: Calyrex|44/100\n|-hitcount|p2a: Calyrex|4\n|-unboost|p1b: Dragonite|def|1\n|-boost|p1b: Dragonite|spe|1\n|\n|upkeep\n|turn|5\n|inactive|Luca8 has 30 seconds left.\n|\n|t:|1775732269\n|move|p1a: Zamazenta|Wide Guard|p1a: Zamazenta\n|-singleturn|p1a: Zamazenta|Wide Guard\n|move|p2a: Calyrex|Encore|p1a: Zamazenta\n|-start|p1a: Zamazenta|Encore\n|move|p1b: Dragonite|Scale Shot|p2a: Calyrex\n|-damage|p2a: Calyrex|31/100\n|-damage|p2a: Calyrex|16/100\n|-damage|p2a: Calyrex|2/100\n|-damage|p2a: Calyrex|0 fnt\n|faint|p2a: Calyrex\n|-hitcount|p2: Calyrex|4\n|-unboost|p1b: Dragonite|def|1\n|-boost|p1b: Dragonite|spe|1\n|move|p2b: Zamazenta|Body Press|p1b: Dragonite\n|-resisted|p1b: Dragonite\n|-damage|p1b: Dragonite|0 fnt\n|faint|p1b: Dragonite\n|\n|-fieldend|move: Psychic Terrain\n|upkeep\n|\n|t:|1775732291\n|switch|p2a: Indeedee|Indeedee-F, L50, F|55/100\n|switch|p1b: Miraidon|Miraidon, L50|100/100\n|-fieldstart|move: Electric Terrain|[from] ability: Hadron Engine|[of] p1b: Miraidon\n|-fieldstart|move: Psychic Terrain|[from] ability: Psychic Surge|[of] p2a: Indeedee\n|turn|6\n|\n|t:|1775732305\n|move|p1a: Zamazenta|Wide Guard|p1a: Zamazenta\n|-singleturn|p1a: Zamazenta|Wide Guard\n|move|p2a: Indeedee|Follow Me|p2a: Indeedee\n|-singleturn|p2a: Indeedee|move: Follow Me\n|move|p1b: Miraidon|Snarl|p2a: Indeedee|[spread] p2a,p2b\n|-supereffective|p2a: Indeedee\n|-resisted|p2b: Zamazenta\n|-damage|p2a: Indeedee|24/100\n|-damage|p2b: Zamazenta|8/100\n|-unboost|p2a: Indeedee|spa|1\n|-unboost|p2b: Zamazenta|spa|1\n|move|p2b: Zamazenta|Body Press|p1b: Miraidon\n|-damage|p1b: Miraidon|1/100\n|\n|upkeep\n|turn|7\n|inactive|JustTwist has 30 seconds left.\n|\n|t:|1775732330\n|move|p1a: Zamazenta|Wide Guard|p1a: Zamazenta\n|-singleturn|p1a: Zamazenta|Wide Guard\n|move|p2a: Indeedee|Follow Me|p2a: Indeedee\n|-singleturn|p2a: Indeedee|move: Follow Me\n|move|p1b: Miraidon|Snarl|p2a: Indeedee|[spread] p2a,p2b\n|-supereffective|p2a: Indeedee\n|-crit|p2a: Indeedee\n|-resisted|p2b: Zamazenta\n|-damage|p2a: Indeedee|0 fnt\n|-damage|p2b: Zamazenta|3/100\n|-unboost|p2b: Zamazenta|spa|1\n|faint|p2a: Indeedee\n|move|p2b: Zamazenta|Body Press|p1b: Miraidon\n|-damage|p1b: Miraidon|0 fnt\n|faint|p1b: Miraidon\n|\n|upkeep\n|turn|8\n|\n|t:|1775732347\n|move|p1a: Zamazenta|Wide Guard|p1a: Zamazenta\n|-singleturn|p1a: Zamazenta|Wide Guard\n|move|p2b: Zamazenta|Body Press|p1a: Zamazenta\n|-damage|p1a: Zamazenta|10/100\n|\n|-end|p1a: Zamazenta|Encore\n|upkeep\n|turn|9\n|\n|t:|1775732357\n|move|p1a: Zamazenta|Body Press|p2b: Zamazenta\n|-crit|p2b: Zamazenta\n|-damage|p2b: Zamazenta|0 fnt\n|faint|p2b: Zamazenta\n|\n|win|JustTwist\n|raw|JustTwist's rating: 1316 &rarr; <strong>1341</strong><br />(+25 for winning)\n|raw|Luca8's rating: 1410 &rarr; <strong>1385</strong><br />(-25 for losing)\n|l|\u2606Luca8\n|player|p2|\n|l|\u2606JustTwist\n|player|p1|\n","uploadtime":1775732585,"views":8,"formatid":"gen9vgc2026regi","rating":1341,"private":0,"password":null}