{"id":"gen9vgc2026regi-2560003185","format":"[Gen 9] VGC 2026 Reg I","players":["It'sJustKen VGC","night094"],"log":"|j|\u2606It'sJustKen VGC\n|j|\u2606night094\n|t:|1773634414\n|gametype|doubles\n|player|p1|It'sJustKen VGC|102|1355\n|player|p2|night094|265|1243\n|gen|9\n|tier|[Gen 9] VGC 2026 Reg I\n|rated|\n|rule|Species Clause: Limit one of each Pok\u00e9mon\n|rule|Item Clause: Limit 1 of each item\n|clearpoke\n|poke|p1|Landorus, L50, M|\n|poke|p1|Amoonguss, L50, M|\n|poke|p1|Calyrex-Ice, L50|\n|poke|p1|Incineroar, L50, F|\n|poke|p1|Miraidon, L50|\n|poke|p1|Urshifu-*, L50, F|\n|poke|p2|Miraidon, L50|\n|poke|p2|Calyrex-Ice, L50|\n|poke|p2|Farigiraf, L50, M|\n|poke|p2|Volcarona, L50, F|\n|poke|p2|Ursaluna, L50, M|\n|poke|p2|Ogerpon-Wellspring, L50, F|\n|teampreview|4\n|inactive|Battle timer is ON: inactive players will automatically lose when time's up. (requested by It'sJustKen VGC)\n|\n|t:|1773634445\n|teamsize|p1|4\n|teamsize|p2|4\n|start\n|switch|p1a: Russel|Calyrex-Ice, L50|100/100\n|switch|p1b: Hamilton|Incineroar, L50, F|100/100\n|switch|p2a: Volcarona|Volcarona, L50, F|100/100\n|switch|p2b: Calyrex|Calyrex-Ice, L50|100/100\n|-ability|p2b: Calyrex|As One\n|-ability|p2b: Calyrex|Unnerve\n|-ability|p1a: Russel|As One\n|-ability|p1a: Russel|Unnerve\n|-ability|p1b: Hamilton|Intimidate|boost\n|-unboost|p2a: Volcarona|atk|1\n|-fail|p2b: Calyrex|unboost|[from] item: Clear Amulet|[of] p2b: Calyrex\n|turn|1\n|inactive|It'sJustKen VGC has 30 seconds left.\n|inactive|night094 has 30 seconds left.\n|\n|t:|1773634477\n|-terastallize|p2b: Calyrex|Fire\n|move|p2a: Volcarona|Fiery Dance|p1a: Russel\n|-supereffective|p1a: Russel\n|-damage|p1a: Russel|47/100\n|move|p1b: Hamilton|Flare Blitz|p2a: Volcarona\n|-damage|p2a: Volcarona|42/100\n|-damage|p1b: Hamilton|83/100|[from] Recoil\n|move|p2b: Calyrex|High Horsepower|p1b: Hamilton\n|-supereffective|p1b: Hamilton\n|-damage|p1b: Hamilton|0 fnt\n|faint|p1b: Hamilton\n|-ability|p2b: Calyrex|Chilling Neigh|boost\n|-boost|p2b: Calyrex|atk|1\n|move|p1a: Russel|Trick Room|p1a: Russel\n|-fieldstart|move: Trick Room|[of] p1a: Russel\n|\n|upkeep\n|\n|t:|1773634484\n|switch|p1b: Piastri|Amoonguss, L50, M|100/100\n|turn|2\n|\n|t:|1773634496\n|-terastallize|p1b: Piastri|Water\n|move|p2a: Volcarona|Rage Powder|p2a: Volcarona\n|-singleturn|p2a: Volcarona|move: Rage Powder\n|move|p1b: Piastri|Pollen Puff|p2a: Volcarona\n|-resisted|p2a: Volcarona\n|-damage|p2a: Volcarona|35/100\n|move|p1a: Russel|High Horsepower|p2a: Volcarona\n|-crit|p2a: Volcarona\n|-damage|p2a: Volcarona|0 fnt\n|faint|p2a: Volcarona\n|-ability|p1a: Russel|Chilling Neigh|boost\n|-boost|p1a: Russel|atk|1\n|move|p2b: Calyrex|Glacial Lance|p1b: Piastri|[spread] p1a,p1b\n|-resisted|p1a: Russel\n|-resisted|p1b: Piastri\n|-damage|p1a: Russel|19/100\n|-damage|p1b: Piastri|62/100\n|\n|upkeep\n|\n|t:|1773634512\n|switch|p2a: Miraidon|Miraidon, L50, shiny|100/100\n|-fieldstart|move: Electric Terrain|[from] ability: Hadron Engine|[of] p2a: Miraidon\n|turn|3\n|inactive|It'sJustKen VGC has 30 seconds left.\n|inactive|It'sJustKen VGC has 20 seconds left.\n|\n|t:|1773634548\n|switch|p2a: Ursaluna|Ursaluna, L50, M|100/100\n|move|p1b: Piastri|Pollen Puff|p1a: Russel\n|-heal|p1a: Russel|69/100\n|move|p1a: Russel|Glacial Lance|p2b: Calyrex|[spread] p2a,p2b\n|-supereffective|p2a: Ursaluna\n|-resisted|p2b: Calyrex\n|-damage|p2a: Ursaluna|0 fnt\n|-damage|p2b: Calyrex|72/100\n|faint|p2a: Ursaluna\n|-ability|p1a: Russel|Chilling Neigh|boost\n|-boost|p1a: Russel|atk|1\n|move|p2b: Calyrex|High Horsepower|p1a: Russel\n|-damage|p1a: Russel|27/100\n|\n|upkeep\n|\n|t:|1773634563\n|switch|p2a: Miraidon|Miraidon, L50, shiny|100/100\n|-activate|p2a: Miraidon|ability: Hadron Engine\n|turn|4\n|inactive|It'sJustKen VGC has 30 seconds left.\n|\n|t:|1773634595\n|move|p1b: Piastri|Pollen Puff|p1a: Russel\n|-heal|p1a: Russel|76/100\n|move|p1a: Russel|Glacial Lance|p2b: Calyrex|[spread] p2a,p2b\n|-supereffective|p2a: Miraidon\n|-resisted|p2b: Calyrex\n|-damage|p2a: Miraidon|0 fnt\n|-damage|p2b: Calyrex|33/100\n|faint|p2a: Miraidon\n|-ability|p1a: Russel|Chilling Neigh|boost\n|-boost|p1a: Russel|atk|1\n|move|p2b: Calyrex|High Horsepower|p1a: Russel\n|-damage|p1a: Russel|39/100\n|\n|upkeep\n|turn|5\n|inactive|night094 has 30 seconds left.\n|inactive|night094 has 20 seconds left.\n|-message|night094 forfeited.\n|\n|win|It'sJustKen VGC\n|raw|It&apos;sJustKen VGC's rating: 1355 &rarr; <strong>1369</strong><br />(+14 for winning)\n|raw|night094's rating: 1243 &rarr; <strong>1226</strong><br />(-17 for losing)\n|l|\u2606night094\n|player|p2|\n","uploadtime":1773634801,"views":10,"formatid":"gen9vgc2026regi","rating":1226,"private":0,"password":null}