{"id":"gen9vgc2026regi-2558881136","format":"[Gen 9] VGC 2026 Reg I","players":["CHR1SPHX","mtbsj"],"log":"|j|\u2606CHR1SPHX\n|j|\u2606mtbsj\n|t:|1773497235\n|gametype|doubles\n|player|p1|CHR1SPHX|hilbert|1391\n|player|p2|mtbsj|blue|1341\n|gen|9\n|tier|[Gen 9] VGC 2026 Reg I\n|rated|\n|rule|Species Clause: Limit one of each Pok\u00e9mon\n|rule|Item Clause: Limit 1 of each item\n|clearpoke\n|poke|p1|Flutter Mane, L50|\n|poke|p1|Incineroar, L50, M|\n|poke|p1|Ursaluna-Bloodmoon, L50, M|\n|poke|p1|Amoonguss, L50, M|\n|poke|p1|Koraidon, L50|\n|poke|p1|Lunala, L50|\n|poke|p2|Hitmontop, L50, M|\n|poke|p2|Terapagos, L50, M|\n|poke|p2|Calyrex-Shadow, L50|\n|poke|p2|Ogerpon-Cornerstone, L50, F|\n|poke|p2|Dragonite, L50, M|\n|poke|p2|Whimsicott, L50, M|\n|teampreview|4\n|inactive|Battle timer is ON: inactive players will automatically lose when time's up. (requested by CHR1SPHX)\n|inactive|mtbsj also wants the timer to be on.\n|\n|t:|1773497255\n|teamsize|p1|4\n|teamsize|p2|4\n|start\n|switch|p1a: Amoonguss|Amoonguss, L50, M, shiny|100/100\n|switch|p1b: Lunala|Lunala, L50, shiny|100/100\n|switch|p2a: Hitmontop|Hitmontop, L50, M|100/100\n|switch|p2b: Terapagos|Terapagos, L50, M|100/100\n|-activate|p2b: Terapagos|ability: Tera Shift\n|detailschange|p2b: Terapagos|Terapagos-Terastal, L50, M\n|-heal|p2b: Terapagos|100/100|[silent]\n|-ability|p2a: Hitmontop|Intimidate|boost\n|-unboost|p1a: Amoonguss|atk|1\n|-unboost|p1b: Lunala|atk|1\n|turn|1\n|\n|t:|1773497272\n|switch|p2a: Whimsicott|Whimsicott, L50, M|100/100\n|move|p2b: Terapagos|Protect|p2b: Terapagos\n|-singleturn|p2b: Terapagos|Protect\n|move|p1a: Amoonguss|Sludge Bomb|p2b: Terapagos\n|-activate|p2b: Terapagos|move: Protect\n|move|p1b: Lunala|Trick Room|p1b: Lunala\n|-fieldstart|move: Trick Room|[of] p1b: Lunala\n|\n|upkeep\n|turn|2\n|\n|t:|1773497291\n|move|p2a: Whimsicott|Encore|p1b: Lunala\n|-start|p1b: Lunala|Encore\n|-enditem|p1b: Lunala|Mental Herb\n|-end|p1b: Lunala|Encore\n|move|p1a: Amoonguss|Spore|p2b: Terapagos\n|-status|p2b: Terapagos|slp|[from] move: Spore\n|cant|p2b: Terapagos|slp\n|move|p1b: Lunala|Moongeist Beam|p2a: Whimsicott\n|-damage|p2a: Whimsicott|32/100\n|\n|upkeep\n|turn|3\n|\n|t:|1773497308\n|move|p2a: Whimsicott|Encore|p1a: Amoonguss\n|-start|p1a: Amoonguss|Encore\n|move|p1a: Amoonguss|Spore|p2b: Terapagos\n|-fail|p2b: Terapagos|slp\n|cant|p2b: Terapagos|slp\n|move|p1b: Lunala|Moonblast|p2b: Terapagos\n|-activate|p2b: Terapagos|ability: Tera Shell\n|-resisted|p2b: Terapagos\n|-crit|p2b: Terapagos\n|-damage|p2b: Terapagos|78/100 slp\n|\n|upkeep\n|turn|4\n|\n|t:|1773497327\n|move|p1a: Amoonguss|Spore|p2a: Whimsicott\n|-immune|p2a: Whimsicott\n|cant|p2b: Terapagos|slp\n|move|p1b: Lunala|Moonblast|p2b: Terapagos\n|-damage|p2b: Terapagos|51/100 slp\n|move|p2a: Whimsicott|Moonblast|p1b: Lunala\n|-damage|p1b: Lunala|90/100\n|\n|upkeep\n|turn|5\n|\n|t:|1773497344\n|switch|p2a: Hitmontop|Hitmontop, L50, M|100/100\n|-ability|p2a: Hitmontop|Intimidate|boost\n|-unboost|p1a: Amoonguss|atk|1\n|-unboost|p1b: Lunala|atk|1\n|-curestatus|p2b: Terapagos|slp|[msg]\n|move|p2b: Terapagos|Protect|p2b: Terapagos\n|-singleturn|p2b: Terapagos|Protect\n|move|p1a: Amoonguss|Spore|p2a: Hitmontop\n|-status|p2a: Hitmontop|slp|[from] move: Spore\n|move|p1b: Lunala|Moonblast|p2b: Terapagos\n|-activate|p2b: Terapagos|move: Protect\n|\n|-end|p1a: Amoonguss|Encore\n|-fieldend|move: Trick Room\n|upkeep\n|turn|6\n|\n|t:|1773497369\n|cant|p2a: Hitmontop|slp\n|move|p1b: Lunala|Moonblast|p2b: Terapagos\n|-damage|p2b: Terapagos|24/100\n|-unboost|p2b: Terapagos|spa|1\n|move|p2b: Terapagos|Tera Starstorm|p1a: Amoonguss\n|-damage|p1a: Amoonguss|72/100\n|move|p1a: Amoonguss|Pollen Puff|p1b: Lunala\n|-heal|p1b: Lunala|100/100\n|\n|upkeep\n|turn|7\n|\n|t:|1773497389\n|switch|p2b: Whimsicott|Whimsicott, L50, M|32/100\n|move|p1b: Lunala|Moonblast|p2a: Hitmontop\n|-supereffective|p2a: Hitmontop\n|-damage|p2a: Hitmontop|50/100 slp\n|-enditem|p2a: Hitmontop|Eject Button\n|l|\u2606mtbsj\n|inactive|mtbsj disconnected and has a minute to reconnect!\n|player|p2|\n|inactive|mtbsj has 30 seconds left.\n|inactive|mtbsj has 20 seconds left.\n|inactive|mtbsj has 15 seconds left.\n|inactive|mtbsj has 10 seconds left.\n|inactive|mtbsj has 5 seconds left.\n|-message|mtbsj lost due to inactivity.\n|\n|win|CHR1SPHX\n|raw|CHR1SPHX's rating: 1391 &rarr; <strong>1408</strong><br />(+17 for winning)\n|raw|mtbsj's rating: 1341 &rarr; <strong>1324</strong><br />(-17 for losing)\n","uploadtime":1773497447,"views":17,"formatid":"gen9vgc2026regi","rating":1324,"private":0,"password":null}