{"id":"gen9vgc2026regi-2569434202","format":"[Gen 9] VGC 2026 Reg I","players":["ido1234567890","prague for the win"],"log":"|j|\u2606ido1234567890\n|j|\u2606prague for the win\n|html|<table width=\"100%\"><tr><td align=\"left\">ido1234567890</td><td align=\"right\">prague for the win</tr><tr><td align=\"left\"><i class=\"fa fa-circle\"></i> <i class=\"fa fa-circle-o\"></i> </td><td align=\"right\"><i class=\"fa fa-circle-o\"></i> <i class=\"fa fa-circle\"></i> </tr></table>\n|uhtml|bestof|<h2><strong>Game 3</strong> of <a href=\"/game-bestof3-gen9vgc2026regi-2569432419\">a best-of-3</a></h2>\n|t:|1774694537\n|gametype|doubles\n|player|p1|ido1234567890|calem|\n|player|p2|prague for the win|sailor|\n|gen|9\n|tier|[Gen 9] VGC 2026 Reg I\n|rated|Tournament battle\n|rule|Species Clause: Limit one of each Pok\u00e9mon\n|rule|Item Clause: Limit 1 of each item\n|raw|<div class=\"infobox\"><details class=\"readmore\" open><summary><strong>4 custom rules:</strong></summary> Open Team Sheets, Force Open Team Sheets, !Open Team Sheets, Best of = 3</details></div>\n|clearpoke\n|poke|p1|Rhydon, L50, F|\n|poke|p1|Chien-Pao, L50|\n|poke|p1|Kyogre, L50|\n|poke|p1|Urshifu-*, L50, F|\n|poke|p1|Zacian-*, L50|\n|poke|p1|Tornadus, L50, M|\n|poke|p2|Calyrex-Ice, L50|\n|poke|p2|Kyogre, L50|\n|poke|p2|Smeargle, L50, M|\n|poke|p2|Iron Jugulis, L50|\n|poke|p2|Raging Bolt, L50|\n|poke|p2|Rillaboom, L50, F|\n|teampreview|4\n|showteam|p1|Rhydon||Eviolite|LightningRod|HighHorsepower,Protect,RockSlide,SwordsDance|||F|||50|,,,,,Fairy]Chien-Pao||FocusSash|SwordofRuin|Protect,SuckerPunch,ThroatChop,IcicleCrash||||||50|,,,,,Stellar]Kyogre||MysticWater|Drizzle|WaterSpout,OriginPulse,Protect,Thunder||||||50|,,,,,Grass]Urshifu-Rapid-Strike||ChoiceScarf|UnseenFist|SurgingStrikes,AquaJet,CloseCombat,Uturn|||F|||50|,,,,,Water]Zacian-Crowned||RustedSword|IntrepidSword|behemothblade,Protect,PlayRough,SacredSword||||||50|,,,,,Stellar]Tornadus||CovertCloak|Prankster|Tailwind,BleakwindStorm,Taunt,RainDance|||M|||50|,,,,,Dark\n|showteam|p2|Calyrex-Ice||NeverMeltIce|AsOneGlastrier|GlacialLance,HighHorsepower,TrickRoom,Protect||||||50|,,,,,Grass]Kyogre||SplashPlate|Drizzle|WaterSpout,OriginPulse,HydroPump,Protect||||||50|,,,,,Grass]Smeargle||FocusSash|Moody|FakeOut,Spore,FollowMe,Decorate|||M|||50|,,,,,Ghost]Iron Jugulis||BoosterEnergy|QuarkDrive|Snarl,Tailwind,Protect,Hurricane||||||50|,,,,,Ghost]Raging Bolt||AssaultVest|Protosynthesis|Thunderclap,Thunder,DracoMeteor,Snarl||||||50|,,,,,Fairy]Rillaboom||MiracleSeed|GrassySurge|FakeOut,GrassyGlide,WoodHammer,Uturn|||F|||50|,,,,,Poison\n|\n|t:|1774694552\n|teamsize|p1|4\n|teamsize|p2|4\n|start\n|switch|p1a: Tornadus|Tornadus, L50, M|100/100\n|switch|p1b: Kyogre|Kyogre, L50|100/100\n|switch|p2a: Calyrex|Calyrex-Ice, L50|100/100\n|switch|p2b: Smeargle|Smeargle, L50, M|100/100\n|-ability|p2a: Calyrex|As One\n|-ability|p2a: Calyrex|Unnerve\n|-weather|RainDance|[from] ability: Drizzle|[of] p1b: Kyogre\n|turn|1\n|\n|t:|1774694566\n|move|p2b: Smeargle|Fake Out|p1b: Kyogre\n|-damage|p1b: Kyogre|96/100\n|move|p1a: Tornadus|Taunt|p2b: Smeargle\n|-start|p2b: Smeargle|move: Taunt\n|cant|p1b: Kyogre|flinch\n|move|p2a: Calyrex|Trick Room|p2a: Calyrex\n|-fieldstart|move: Trick Room|[of] p2a: Calyrex\n|\n|-weather|RainDance|[upkeep]\n|-ability|p2b: Smeargle|Moody|boost\n|-boost|p2b: Smeargle|spa|2\n|-unboost|p2b: Smeargle|def|1\n|upkeep\n|turn|2\n|j| aurora ltd\n|l| aurora ltd\n|\n|t:|1774694584\n|switch|p2b: Kyogre|Kyogre, L50|100/100\n|switch|p1a: Zacian|Zacian-Crowned, L50|100/100\n|-ability|p1a: Zacian|Intrepid Sword|boost\n|-boost|p1a: Zacian|atk|1\n|-terastallize|p2a: Calyrex|Grass\n|move|p2a: Calyrex|Glacial Lance|p1a: Zacian|[spread] p1a,p1b\n|-resisted|p1a: Zacian\n|-resisted|p1b: Kyogre\n|-damage|p1a: Zacian|66/100\n|-damage|p1b: Kyogre|63/100\n|move|p1b: Kyogre|Water Spout|p2b: Kyogre|[spread] p2a,p2b\n|-resisted|p2a: Calyrex\n|-resisted|p2b: Kyogre\n|-damage|p2a: Calyrex|76/100\n|-damage|p2b: Kyogre|75/100\n|\n|-weather|RainDance|[upkeep]\n|upkeep\n|turn|3\n|j| Jamstiffer\n|\n|t:|1774694606\n|move|p1a: Zacian|Protect|p1a: Zacian\n|-singleturn|p1a: Zacian|Protect\n|move|p2a: Calyrex|Glacial Lance|p1a: Zacian|[spread] p1b\n|-activate|p1a: Zacian|move: Protect\n|-resisted|p1b: Kyogre\n|-damage|p1b: Kyogre|33/100\n|move|p2b: Kyogre|Origin Pulse|p1b: Kyogre|[spread] p1b\n|-activate|p1a: Zacian|move: Protect\n|-resisted|p1b: Kyogre\n|-damage|p1b: Kyogre|4/100\n|move|p1b: Kyogre|Thunder|p2b: Kyogre\n|-supereffective|p2b: Kyogre\n|-damage|p2b: Kyogre|19/100\n|\n|-weather|RainDance|[upkeep]\n|upkeep\n|turn|4\n|\n|t:|1774694622\n|move|p1b: Kyogre|Protect|p1b: Kyogre\n|-singleturn|p1b: Kyogre|Protect\n|move|p2a: Calyrex|Glacial Lance|p1b: Kyogre|[spread] p1a\n|-activate|p1b: Kyogre|move: Protect\n|-resisted|p1a: Zacian\n|-damage|p1a: Zacian|31/100\n|move|p2b: Kyogre|Hydro Pump|p1a: Zacian|[miss]\n|-miss|p2b: Kyogre|p1a: Zacian\n|move|p1a: Zacian|Behemoth Blade|p2a: Calyrex\n|-crit|p2a: Calyrex\n|-damage|p2a: Calyrex|0 fnt\n|faint|p2a: Calyrex\n|\n|-weather|RainDance|[upkeep]\n|upkeep\n|\n|t:|1774694631\n|switch|p2a: Smeargle|Smeargle, L50, M|100/100\n|turn|5\n|\n|t:|1774694642\n|move|p2a: Smeargle|Fake Out|p1b: Kyogre\n|-damage|p1b: Kyogre|0 fnt\n|faint|p1b: Kyogre\n|move|p2b: Kyogre|Origin Pulse|p1a: Zacian\n|-damage|p1a: Zacian|0 fnt\n|faint|p1a: Zacian\n|\n|-weather|none\n|-fieldend|move: Trick Room\n|-ability|p2a: Smeargle|Moody|boost\n|-boost|p2a: Smeargle|spe|2\n|-unboost|p2a: Smeargle|atk|1\n|upkeep\n|\n|t:|1774694645\n|switch|p1a: Tornadus|Tornadus, L50, M|100/100\n|switch|p1b: Chien-Pao|Chien-Pao, L50|100/100\n|-ability|p1b: Chien-Pao|Sword of Ruin\n|turn|6\n|c|\u2606prague for the win|insane luck tbf\n|c|\u2606ido1234567890|man\n|c|\u2606ido1234567890|its hydro pump\n|c|\u2606prague for the win|and crit\n|c|\u2606prague for the win|i would have won if not crit\n|\n|t:|1774694683\n|move|p1b: Chien-Pao|Protect|p1b: Chien-Pao\n|-singleturn|p1b: Chien-Pao|Protect\n|move|p2a: Smeargle|Follow Me|p2a: Smeargle\n|-singleturn|p2a: Smeargle|move: Follow Me\n|move|p1a: Tornadus|Taunt|p2a: Smeargle\n|-start|p2a: Smeargle|move: Taunt\n|move|p2b: Kyogre|Origin Pulse|p1a: Tornadus|[spread] p1a\n|-activate|p1b: Chien-Pao|move: Protect\n|-damage|p1a: Tornadus|30/100\n|\n|-ability|p2a: Smeargle|Moody|boost\n|-boost|p2a: Smeargle|atk|2\n|-unboost|p2a: Smeargle|spa|1\n|upkeep\n|turn|7\n|\n|t:|1774694696\n|switch|p2a: Ibuki Mioda|Iron Jugulis, L50, shiny|100/100\n|-enditem|p2a: Ibuki Mioda|Booster Energy\n|-activate|p2a: Ibuki Mioda|ability: Quark Drive|[fromitem]\n|-start|p2a: Ibuki Mioda|quarkdrivespe\n|move|p2b: Kyogre|Protect|p2b: Kyogre\n|-singleturn|p2b: Kyogre|Protect\n|move|p1b: Chien-Pao|Throat Chop|p2b: Kyogre\n|-activate|p2b: Kyogre|move: Protect\n|move|p1a: Tornadus|Bleakwind Storm|p2b: Kyogre|[spread] p2a\n|-activate|p2b: Kyogre|move: Protect\n|-damage|p2a: Ibuki Mioda|70/100\n|\n|upkeep\n|turn|8\n|\n|t:|1774694713\n|move|p1a: Tornadus|Tailwind|p1a: Tornadus\n|-sidestart|p1: ido1234567890|move: Tailwind\n|move|p1b: Chien-Pao|Icicle Crash|p2a: Ibuki Mioda\n|-supereffective|p2a: Ibuki Mioda\n|-damage|p2a: Ibuki Mioda|0 fnt\n|faint|p2a: Ibuki Mioda\n|-end|p2a: Ibuki Mioda|Quark Drive|[silent]\n|move|p2b: Kyogre|Origin Pulse|p1a: Tornadus|[spread] p1a,p1b\n|-damage|p1a: Tornadus|0 fnt\n|-damage|p1b: Chien-Pao|7/100\n|faint|p1a: Tornadus\n|\n|upkeep\n|\n|t:|1774694715\n|switch|p2a: Smeargle|Smeargle, L50, M|100/100\n|turn|9\n|\n|t:|1774694723\n|move|p2a: Smeargle|Fake Out|p1b: Chien-Pao\n|-damage|p1b: Chien-Pao|0 fnt\n|faint|p1b: Chien-Pao\n|\n|win|prague for the win\n|c|\u2606prague for the win|gg\n|c|\u2606ido1234567890|gg\n|l|\u2606prague for the win\n|player|p2|\n|c|\u2606ido1234567890|i forgot you had jugulis\n|j| aurora ltd\n","uploadtime":1774694760,"views":15,"formatid":"gen9vgc2026regi","rating":null,"private":0,"password":null}