{"id":"gen9vgc2026regi-2514626542","format":"[Gen 9] VGC 2026 Reg I","players":["Rillabossman","ssdfsds"],"log":"|j|\u2606Rillabossman\n|j|\u2606ssdfsds\n|t:|1767892250\n|gametype|doubles\n|player|p1|Rillabossman|burglar|1126\n|player|p2|ssdfsds|1|1124\n|gen|9\n|tier|[Gen 9] VGC 2026 Reg I\n|rated|\n|rule|Species Clause: Limit one of each Pok\u00e9mon\n|rule|Item Clause: Limit 1 of each item\n|clearpoke\n|poke|p1|Miraidon, L50|\n|poke|p1|Calyrex-Ice, L50|\n|poke|p1|Urshifu-*, L50, M|\n|poke|p1|Landorus, L50, M|\n|poke|p1|Incineroar, L50, F|\n|poke|p1|Pelipper, L50, M|\n|poke|p2|Calyrex-Ice, L50|\n|poke|p2|Kyogre, L50|\n|poke|p2|Sinistcha-Masterpiece, L50|\n|poke|p2|Primarina, L50, F|\n|poke|p2|Ursaluna, L50, M|\n|poke|p2|Arboliva, L50, M|\n|teampreview|4\n|c|\u2606Rillabossman|glhf\n|\n|t:|1767892266\n|teamsize|p1|4\n|teamsize|p2|4\n|start\n|switch|p1a: Calyrex|Calyrex-Ice, L50|100/100\n|switch|p1b: Urshifu|Urshifu-Rapid-Strike, L50, M|100/100\n|switch|p2a: Sinistcha|Sinistcha-Masterpiece, L50|100/100\n|switch|p2b: Primarina|Primarina, L50, F|100/100\n|-ability|p1a: Calyrex|As One\n|-ability|p1a: Calyrex|Unnerve\n|turn|1\n|\n|t:|1767892308\n|switch|p1b: Incineroar|Incineroar, L50, F|100/100\n|-ability|p1b: Incineroar|Intimidate|boost\n|-unboost|p2a: Sinistcha|atk|1\n|-unboost|p2b: Primarina|atk|1\n|switch|p2a: Kyogre|Kyogre, L50|100/100\n|-weather|RainDance|[from] ability: Drizzle|[of] p2a: Kyogre\n|move|p2b: Primarina|Shadow Ball|p1a: Calyrex\n|-supereffective|p1a: Calyrex\n|-damage|p1a: Calyrex|55/100\n|move|p1a: Calyrex|Glacial Lance|p2b: Primarina|[spread] p2a,p2b\n|-resisted|p2a: Kyogre\n|-resisted|p2b: Primarina\n|-damage|p2a: Kyogre|78/100\n|-damage|p2b: Primarina|73/100\n|\n|-weather|RainDance|[upkeep]\n|-heal|p1a: Calyrex|61/100|[from] item: Leftovers\n|upkeep\n|turn|2\n|\n|t:|1767892349\n|move|p1b: Incineroar|Fake Out|p2a: Kyogre\n|-damage|p2a: Kyogre|68/100\n|cant|p2a: Kyogre|flinch\n|move|p2b: Primarina|Shadow Ball|p1a: Calyrex\n|-supereffective|p1a: Calyrex\n|-damage|p1a: Calyrex|17/100\n|move|p1a: Calyrex|Leech Seed|p2a: Kyogre\n|-start|p2a: Kyogre|move: Leech Seed\n|\n|-weather|RainDance|[upkeep]\n|-heal|p1a: Calyrex|23/100|[from] item: Leftovers\n|-damage|p2a: Kyogre|56/100|[from] Leech Seed|[of] p1a: Calyrex\n|-heal|p1a: Calyrex|33/100|[silent]\n|upkeep\n|turn|3\n|\n|t:|1767892382\n|switch|p2a: Sinistcha|Sinistcha-Masterpiece, L50|100/100\n|switch|p1b: Urshifu|Urshifu-Rapid-Strike, L50, M|100/100\n|move|p1a: Calyrex|Protect|p1a: Calyrex\n|-singleturn|p1a: Calyrex|Protect\n|move|p2b: Primarina|Shadow Ball|p1a: Calyrex\n|-activate|p1a: Calyrex|move: Protect\n|\n|-weather|RainDance|[upkeep]\n|-heal|p1a: Calyrex|39/100|[from] item: Leftovers\n|upkeep\n|turn|4\n|\n|t:|1767892398\n|-terastallize|p1a: Calyrex|Fairy\n|move|p1b: Urshifu|Detect|p1b: Urshifu\n|-singleturn|p1b: Urshifu|Protect\n|move|p2a: Sinistcha|Matcha Gotcha|p1a: Calyrex|[spread] p1a\n|-activate|p1b: Urshifu|move: Protect\n|-damage|p1a: Calyrex|22/100\n|move|p2b: Primarina|Shadow Ball|p1a: Calyrex\n|-damage|p1a: Calyrex|0 fnt\n|faint|p1a: Calyrex\n|\n|-weather|RainDance|[upkeep]\n|upkeep\n|\n|t:|1767892406\n|switch|p1a: Pelipper|Pelipper, L50, M|100/100\n|turn|5\n|\n|t:|1767892419\n|switch|p1b: Incineroar|Incineroar, L50, F|100/100\n|-ability|p1b: Incineroar|Intimidate|boost\n|-unboost|p2a: Sinistcha|atk|1\n|-unboost|p2b: Primarina|atk|1\n|move|p2a: Sinistcha|Matcha Gotcha|p1a: Pelipper|[spread] p1a,p1b\n|-resisted|p1b: Incineroar\n|-damage|p1a: Pelipper|59/100\n|-damage|p1b: Incineroar|90/100\n|-status|p1a: Pelipper|brn\n|move|p1a: Pelipper|Hurricane|p2a: Sinistcha\n|-supereffective|p2a: Sinistcha\n|-damage|p2a: Sinistcha|0 fnt\n|faint|p2a: Sinistcha\n|move|p2b: Primarina|Shadow Ball|p1a: Pelipper\n|-crit|p1a: Pelipper\n|-damage|p1a: Pelipper|0 fnt\n|faint|p1a: Pelipper\n|\n|-weather|none\n|upkeep\n|\n|t:|1767892441\n|switch|p2a: Calyrex|Calyrex-Ice, L50|100/100\n|switch|p1a: Urshifu|Urshifu-Rapid-Strike, L50, M|100/100\n|-ability|p2a: Calyrex|As One\n|-ability|p2a: Calyrex|Unnerve\n|turn|6\n|l|\u2606Rillabossman\n|player|p1|\n|\n|t:|1767892474\n|-terastallize|p2a: Calyrex|Ground\n|move|p1a: Urshifu|Surging Strikes|p2a: Calyrex\n|-supereffective|p2a: Calyrex\n|-crit|p2a: Calyrex\n|-damage|p2a: Calyrex|76/100\n|-supereffective|p2a: Calyrex\n|-crit|p2a: Calyrex\n|-damage|p2a: Calyrex|55/100\n|-supereffective|p2a: Calyrex\n|-crit|p2a: Calyrex\n|-damage|p2a: Calyrex|32/100\n|-hitcount|p2a: Calyrex|3\n|move|p1b: Incineroar|Flare Blitz|p2a: Calyrex\n|-damage|p2a: Calyrex|4/100\n|-damage|p1b: Incineroar|80/100|[from] Recoil\n|move|p2b: Primarina|Shadow Ball|p1b: Incineroar\n|-resisted|p1b: Incineroar\n|-damage|p1b: Incineroar|66/100\n|move|p2a: Calyrex|High Horsepower|p1b: Incineroar\n|-supereffective|p1b: Incineroar\n|-damage|p1b: Incineroar|0 fnt\n|faint|p1b: Incineroar\n|-ability|p2a: Calyrex|Chilling Neigh|boost\n|-boost|p2a: Calyrex|atk|1\n|\n|upkeep\n|turn|7\n|-message|ssdfsds forfeited.\n|\n|win|Rillabossman\n|raw|Rillabossman's rating: 1126 &rarr; <strong>1151</strong><br />(+25 for winning)\n|raw|ssdfsds's rating: 1124 &rarr; <strong>1099</strong><br />(-25 for losing)\n|l|\u2606ssdfsds\n|player|p2|\n","uploadtime":1767892705,"views":18,"formatid":"gen9vgc2026regi","rating":1099,"private":0,"password":null}