{"id":"gen9vgc2026regi-2545968121","format":"[Gen 9] VGC 2026 Reg I","players":["jun2014","lalo's pollos"],"log":"|j|\u2606jun2014\n|j|\u2606lalo's pollos\n|t:|1771906806\n|gametype|doubles\n|player|p1|jun2014|1|1479\n|player|p2|lalo's pollos|2|1486\n|gen|9\n|tier|[Gen 9] VGC 2026 Reg I\n|rated|\n|rule|Species Clause: Limit one of each Pok\u00e9mon\n|rule|Item Clause: Limit 1 of each item\n|clearpoke\n|poke|p1|Miraidon, L50|\n|poke|p1|Koraidon, L50|\n|poke|p1|Incineroar, L50, M|\n|poke|p1|Grimmsnarl, L50, M|\n|poke|p1|Volcarona, L50, F|\n|poke|p1|Ursaluna, L50, M|\n|poke|p2|Zamazenta-*, L50|\n|poke|p2|Lunala, L50|\n|poke|p2|Rillaboom, L50, F|\n|poke|p2|Incineroar, L50, F|\n|poke|p2|Urshifu-*, L50, F|\n|poke|p2|Tornadus, L50, M|\n|teampreview|4\n|inactive|Battle timer is ON: inactive players will automatically lose when time's up. (requested by jun2014)\n|\n|t:|1771906842\n|teamsize|p1|4\n|teamsize|p2|4\n|start\n|switch|p1a: Grimmsnarl|Grimmsnarl, L50, M|100/100\n|switch|p1b: Miraidon|Miraidon, L50|100/100\n|switch|p2a: Lunala|Lunala, L50|100/100\n|switch|p2b: Rillaboom|Rillaboom, L50, F|100/100\n|-fieldstart|move: Electric Terrain|[from] ability: Hadron Engine|[of] p1b: Miraidon\n|-fieldstart|move: Grassy Terrain|[from] ability: Grassy Surge|[of] p2b: Rillaboom\n|turn|1\n|\n|t:|1771906865\n|move|p2b: Rillaboom|Fake Out|p1b: Miraidon\n|-damage|p1b: Miraidon|91/100\n|move|p1a: Grimmsnarl|Reflect|p1a: Grimmsnarl\n|-sidestart|p1: jun2014|Reflect\n|move|p1b: Miraidon|Calm Mind|p1b: Miraidon\n|-boost|p1b: Miraidon|spa|1\n|-boost|p1b: Miraidon|spd|1\n|move|p2a: Lunala|Calm Mind|p2a: Lunala\n|-boost|p2a: Lunala|spa|1\n|-boost|p2a: Lunala|spd|1\n|\n|-heal|p1b: Miraidon|97/100|[from] Grassy Terrain\n|upkeep\n|turn|2\n|j| Togekiss2000\n|l| Togekiss2000\n|inactive|jun2014 has 30 seconds left.\n|\n|t:|1771906892\n|-terastallize|p2a: Lunala|Fairy\n|move|p1a: Grimmsnarl|Light Screen|p1a: Grimmsnarl\n|-sidestart|p1: jun2014|move: Light Screen\n|move|p1b: Miraidon|Calm Mind|p1b: Miraidon\n|-boost|p1b: Miraidon|spa|1\n|-boost|p1b: Miraidon|spd|1\n|move|p2a: Lunala|Calm Mind|p2a: Lunala\n|-boost|p2a: Lunala|spa|1\n|-boost|p2a: Lunala|spd|1\n|move|p2b: Rillaboom|U-turn|p1a: Grimmsnarl\n|-damage|p1a: Grimmsnarl|83/100\n|\n|t:|1771906898\n|switch|p2b: Tornadus|Tornadus, L50, M|100/100|[from] U-turn\n|\n|-heal|p1b: Miraidon|100/100|[from] Grassy Terrain\n|-heal|p1a: Grimmsnarl|89/100|[from] Grassy Terrain\n|upkeep\n|turn|3\n|\n|t:|1771906911\n|switch|p1a: Incineroar|Incineroar, L50, M|100/100\n|-ability|p1a: Incineroar|Intimidate|boost\n|-unboost|p2a: Lunala|atk|1\n|-unboost|p2b: Tornadus|atk|1\n|move|p2b: Tornadus|Taunt|p1b: Miraidon\n|-start|p1b: Miraidon|move: Taunt\n|move|p1b: Miraidon|Electro Drift|p2b: Tornadus\n|-supereffective|p2b: Tornadus\n|-enditem|p2b: Tornadus|Focus Sash\n|-damage|p2b: Tornadus|1/100\n|move|p2a: Lunala|Moonblast|p1a: Incineroar\n|-damage|p1a: Incineroar|55/100\n|\n|-heal|p1a: Incineroar|61/100|[from] Grassy Terrain\n|upkeep\n|turn|4\n|inactive|jun2014 has 30 seconds left.\n|\n|t:|1771906942\n|switch|p2b: Rillaboom|Rillaboom, L50, F|100/100\n|move|p1b: Miraidon|Dragon Pulse|p2b: Rillaboom\n|-crit|p2b: Rillaboom\n|-damage|p2b: Rillaboom|20/100\n|move|p2a: Lunala|Moonblast|p1b: Miraidon\n|-supereffective|p1b: Miraidon\n|-damage|p1b: Miraidon|50/100\n|move|p1a: Incineroar|Roar|p2a: Lunala\n|drag|p2a: Urshifu|Urshifu-Rapid-Strike, L50, F|100/100\n|\n|-heal|p1b: Miraidon|56/100|[from] Grassy Terrain\n|-heal|p2b: Rillaboom|25/100|[from] Grassy Terrain\n|-heal|p1a: Incineroar|67/100|[from] Grassy Terrain\n|upkeep\n|turn|5\n|\n|t:|1771906962\n|switch|p2a: Lunala|Lunala, L50, tera:Fairy|100/100\n|switch|p1a: Grimmsnarl|Grimmsnarl, L50, M|89/100\n|move|p1b: Miraidon|Parabolic Charge|p2a: Lunala|[spread] p1a,p2a,p2b\n|-resisted|p2b: Rillaboom\n|-damage|p1a: Grimmsnarl|67/100\n|-heal|p1b: Miraidon|67/100|[from] drain|[of] p1a: Grimmsnarl\n|-damage|p2a: Lunala|85/100\n|-heal|p1b: Miraidon|75/100|[from] drain|[of] p2a: Lunala\n|-damage|p2b: Rillaboom|8/100\n|-heal|p1b: Miraidon|84/100|[from] drain|[of] p2b: Rillaboom\n|move|p2b: Rillaboom|U-turn|p1b: Miraidon\n|-damage|p1b: Miraidon|72/100\n|\n|t:|1771906968\n|switch|p2b: Tornadus|Tornadus, L50, M|1/100|[from] U-turn\n|\n|-heal|p1b: Miraidon|78/100|[from] Grassy Terrain\n|-heal|p2a: Lunala|91/100|[from] Grassy Terrain\n|-heal|p2a: Lunala|97/100|[from] item: Leftovers\n|-heal|p1a: Grimmsnarl|73/100|[from] Grassy Terrain\n|-end|p1b: Miraidon|move: Taunt\n|-fieldend|move: Grassy Terrain\n|upkeep\n|turn|6\n|inactive|jun2014 has 30 seconds left.\n|\n|t:|1771906995\n|move|p2b: Tornadus|Tailwind|p2b: Tornadus\n|-sidestart|p2: lalo's pollos|move: Tailwind\n|move|p2a: Lunala|Calm Mind|p2a: Lunala\n|-boost|p2a: Lunala|spa|1\n|-boost|p2a: Lunala|spd|1\n|move|p1b: Miraidon|Parabolic Charge|p2b: Tornadus|[spread] p1a,p2a,p2b\n|-supereffective|p2b: Tornadus\n|-damage|p1a: Grimmsnarl|49/100\n|-heal|p1b: Miraidon|90/100|[from] drain|[of] p1a: Grimmsnarl\n|-damage|p2a: Lunala|74/100\n|-heal|p1b: Miraidon|100/100|[from] drain|[of] p2a: Lunala\n|-damage|p2b: Tornadus|0 fnt\n|faint|p2b: Tornadus\n|move|p1a: Grimmsnarl|Spirit Break|p2a: Lunala\n|-damage|p2a: Lunala|47/100\n|-unboost|p2a: Lunala|spa|1\n|\n|-heal|p2a: Lunala|53/100|[from] item: Leftovers\n|upkeep\n|\n|t:|1771907016\n|switch|p2b: Rillaboom|Rillaboom, L50, F|8/100\n|-fieldstart|move: Grassy Terrain|[from] ability: Grassy Surge|[of] p2b: Rillaboom\n|turn|7\n|\n|t:|1771907033\n|move|p2a: Lunala|Moonblast|p1a: Grimmsnarl\n|-supereffective|p1a: Grimmsnarl\n|-damage|p1a: Grimmsnarl|0 fnt\n|faint|p1a: Grimmsnarl\n|move|p2b: Rillaboom|Wood Hammer|p1b: Miraidon\n|-resisted|p1b: Miraidon\n|-damage|p1b: Miraidon|83/100\n|-damage|p2b: Rillaboom|2/100|[from] Recoil\n|move|p1b: Miraidon|Parabolic Charge|p2b: Rillaboom|[spread] p2a,p2b\n|-resisted|p2b: Rillaboom\n|-damage|p2a: Lunala|33/100\n|-heal|p1b: Miraidon|94/100|[from] drain|[of] p2a: Lunala\n|-damage|p2b: Rillaboom|0 fnt\n|-heal|p1b: Miraidon|95/100|[from] drain|[of] p2b: Rillaboom\n|faint|p2b: Rillaboom\n|\n|-heal|p2a: Lunala|39/100|[from] Grassy Terrain\n|-heal|p2a: Lunala|45/100|[from] item: Leftovers\n|-heal|p1b: Miraidon|100/100|[from] Grassy Terrain\n|upkeep\n|\n|t:|1771907058\n|switch|p2b: Urshifu|Urshifu-Rapid-Strike, L50, F|100/100\n|switch|p1a: Volcarona|Volcarona, L50, F|100/100\n|turn|8\n|\n|t:|1771907075\n|-terastallize|p1a: Volcarona|Grass\n|move|p1a: Volcarona|Rage Powder|p1a: Volcarona\n|-singleturn|p1a: Volcarona|move: Rage Powder\n|move|p2b: Urshifu|Surging Strikes|p1a: Volcarona\n|-resisted|p1a: Volcarona\n|-crit|p1a: Volcarona\n|-damage|p1a: Volcarona|87/100\n|-resisted|p1a: Volcarona\n|-crit|p1a: Volcarona\n|-damage|p1a: Volcarona|74/100\n|-status|p2b: Urshifu|brn|[from] ability: Flame Body|[of] p1a: Volcarona\n|-resisted|p1a: Volcarona\n|-crit|p1a: Volcarona\n|-damage|p1a: Volcarona|68/100\n|-hitcount|p1a: Volcarona|3\n|move|p2a: Lunala|Calm Mind|p2a: Lunala\n|-boost|p2a: Lunala|spa|1\n|-boost|p2a: Lunala|spd|1\n|move|p1b: Miraidon|Parabolic Charge|p2b: Urshifu|[spread] p1a,p2a,p2b\n|-resisted|p1a: Volcarona\n|-supereffective|p2b: Urshifu\n|-damage|p1a: Volcarona|53/100\n|-damage|p2a: Lunala|30/100\n|-damage|p2b: Urshifu|0 fnt\n|faint|p2b: Urshifu\n|\n|-heal|p2a: Lunala|36/100|[from] Grassy Terrain\n|-heal|p2a: Lunala|42/100|[from] item: Leftovers\n|-heal|p1a: Volcarona|60/100|[from] Grassy Terrain\n|-sideend|p1: jun2014|Reflect\n|upkeep\n|turn|9\n|-message|lalo's pollos forfeited.\n|\n|win|jun2014\n|raw|jun2014's rating: 1479 &rarr; <strong>1499</strong><br />(+20 for winning)\n|raw|lalo&apos;s pollos's rating: 1486 &rarr; <strong>1466</strong><br />(-20 for losing)\n|l|\u2606lalo's pollos\n|player|p2|\n|l|\u2606jun2014\n|player|p1|\n","uploadtime":1771907304,"views":20,"formatid":"gen9vgc2026regi","rating":1466,"private":0,"password":null}