{"id":"gen9vgc2026regi-2564355972","format":"[Gen 9] VGC 2026 Reg I","players":["Erseo05","It'sJustKen VGC"],"log":"|j|\u2606Erseo05\n|j|\u2606It'sJustKen VGC\n|t:|1774136135\n|gametype|doubles\n|player|p1|Erseo05|265|1572\n|player|p2|It'sJustKen VGC|2|1481\n|gen|9\n|tier|[Gen 9] VGC 2026 Reg I\n|rated|\n|rule|Species Clause: Limit one of each Pok\u00e9mon\n|rule|Item Clause: Limit 1 of each item\n|clearpoke\n|poke|p1|Lunala, L50|\n|poke|p1|Indeedee-F, L50, F|\n|poke|p1|Urshifu-*, L50, F|\n|poke|p1|Kyogre, L50|\n|poke|p1|Tornadus, L50, M|\n|poke|p1|Landorus, L50, M|\n|poke|p2|Iron Hands, L50|\n|poke|p2|Incineroar, L50, M|\n|poke|p2|Calyrex-Shadow, L50|\n|poke|p2|Whimsicott, L50, M|\n|poke|p2|Farigiraf, L50, M|\n|poke|p2|Miraidon, L50|\n|teampreview|4\n|inactive|Battle timer is ON: inactive players will automatically lose when time's up. (requested by It'sJustKen VGC)\n|inactive|Erseo05 has 60 seconds left.\n|\n|t:|1774136179\n|teamsize|p1|4\n|teamsize|p2|4\n|start\n|switch|p1a: Kyogre|Kyogre, L50|100/100\n|switch|p1b: Tornadus|Tornadus, L50, M|100/100\n|switch|p2a: Calyrex|Calyrex-Shadow, L50|100/100\n|switch|p2b: Whimsicott|Whimsicott, L50, M|100/100\n|-ability|p2a: Calyrex|As One\n|-ability|p2a: Calyrex|Unnerve\n|-weather|RainDance|[from] ability: Drizzle|[of] p1a: Kyogre\n|turn|1\n|\n|t:|1774136193\n|-terastallize|p2a: Calyrex|Ghost\n|move|p2b: Whimsicott|Tailwind|p2b: Whimsicott\n|-sidestart|p2: It'sJustKen VGC|move: Tailwind\n|move|p2a: Calyrex|Astral Barrage|p1a: Kyogre|[spread] p1a,p1b\n|-damage|p1a: Kyogre|48/100\n|-damage|p1b: Tornadus|7/100\n|move|p1b: Tornadus|Bleakwind Storm|p2b: Whimsicott|[spread] p2a,p2b\n|-supereffective|p2b: Whimsicott\n|-damage|p2a: Calyrex|56/100\n|-damage|p2b: Whimsicott|0 fnt\n|faint|p2b: Whimsicott\n|move|p1a: Kyogre|Water Spout|p2a: Calyrex\n|-damage|p2a: Calyrex|0 fnt\n|faint|p2a: Calyrex\n|\n|-weather|RainDance|[upkeep]\n|upkeep\n|\n|t:|1774136200\n|switch|p2a: Miraidon|Miraidon, L50, shiny|100/100\n|switch|p2b: Farigiraf|Farigiraf, L50, M|100/100\n|-fieldstart|move: Electric Terrain|[from] ability: Hadron Engine|[of] p2a: Miraidon\n|-enditem|p2b: Farigiraf|Electric Seed\n|-boost|p2b: Farigiraf|def|1|[from] item: Electric Seed\n|turn|2\n|\n|t:|1774136222\n|move|p2b: Farigiraf|Helping Hand|p2a: Miraidon\n|-singleturn|p2a: Miraidon|Helping Hand|[of] p2b: Farigiraf\n|move|p1b: Tornadus|Protect|p1b: Tornadus\n|-singleturn|p1b: Tornadus|Protect\n|move|p1a: Kyogre|Protect|p1a: Kyogre\n|-singleturn|p1a: Kyogre|Protect\n|move|p2a: Miraidon|Dazzling Gleam|p1b: Tornadus|[spread] \n|-activate|p1a: Kyogre|move: Protect\n|-activate|p1b: Tornadus|move: Protect\n|\n|-weather|RainDance|[upkeep]\n|upkeep\n|turn|3\n|inactive|Erseo05 has 30 seconds left.\n|\n|t:|1774136249\n|switch|p1a: Urshifu|Urshifu-Rapid-Strike, L50, F|100/100\n|move|p2b: Farigiraf|Helping Hand|p2a: Miraidon\n|-singleturn|p2a: Miraidon|Helping Hand|[of] p2b: Farigiraf\n|move|p1b: Tornadus|Tailwind|p1b: Tornadus\n|-sidestart|p1: Erseo05|move: Tailwind\n|move|p2a: Miraidon|Dazzling Gleam|p1b: Tornadus|[spread] p1a,p1b\n|-supereffective|p1a: Urshifu\n|-damage|p1a: Urshifu|0 fnt\n|-damage|p1b: Tornadus|0 fnt\n|faint|p1a: Urshifu\n|faint|p1b: Tornadus\n|\n|-weather|RainDance|[upkeep]\n|upkeep\n|\n|t:|1774136260\n|switch|p1a: Landorus|Landorus, L50, M|100/100\n|switch|p1b: Kyogre|Kyogre, L50|48/100\n|turn|4\n|\n|t:|1774136275\n|-terastallize|p1a: Landorus|Steel\n|move|p1b: Kyogre|Protect|p1b: Kyogre\n|-singleturn|p1b: Kyogre|Protect\n|move|p2a: Miraidon|Dazzling Gleam|p1b: Kyogre|[spread] p1a\n|-activate|p1b: Kyogre|move: Protect\n|-resisted|p1a: Landorus\n|-damage|p1a: Landorus|69/100\n|move|p1a: Landorus|Sandsear Storm|p2a: Miraidon|[spread] p2a,p2b\n|-supereffective|p2a: Miraidon\n|-damage|p2a: Miraidon|1/100\n|-damage|p2b: Farigiraf|41/100\n|move|p2b: Farigiraf|Trick Room|p2b: Farigiraf\n|-fieldstart|move: Trick Room|[of] p2b: Farigiraf\n|\n|-weather|RainDance|[upkeep]\n|-sideend|p2: It'sJustKen VGC|move: Tailwind\n|upkeep\n|turn|5\n|\n|t:|1774136297\n|move|p2b: Farigiraf|Helping Hand|p2a: Miraidon\n|-singleturn|p2a: Miraidon|Helping Hand|[of] p2b: Farigiraf\n|move|p2a: Miraidon|Dazzling Gleam|p1b: Kyogre|[spread] p1a,p1b\n|-resisted|p1a: Landorus\n|-damage|p1a: Landorus|22/100\n|-damage|p1b: Kyogre|0 fnt\n|faint|p1b: Kyogre\n|move|p1a: Landorus|Sandsear Storm|p2b: Farigiraf|[spread] p2a,p2b\n|-supereffective|p2a: Miraidon\n|-damage|p2a: Miraidon|0 fnt\n|-damage|p2b: Farigiraf|0 fnt\n|faint|p2a: Miraidon\n|faint|p2b: Farigiraf\n|\n|win|Erseo05\n|raw|Erseo05's rating: 1572 &rarr; <strong>1587</strong><br />(+15 for winning)\n|raw|It&apos;sJustKen VGC's rating: 1481 &rarr; <strong>1466</strong><br />(-15 for losing)\n|l|\u2606Erseo05\n|player|p1|\n|l|\u2606It'sJustKen VGC\n|player|p2|\n","uploadtime":1774136496,"views":14,"formatid":"gen9vgc2026regi","rating":1466,"private":0,"password":null}