{"id":"gen9vgc2026regi-2568208476","format":"[Gen 9] VGC 2026 Reg I","players":["Cello L.","Donye East"],"log":"|j|\u2606Cello L.\n|j|\u2606Donye East\n|t:|1774556004\n|gametype|doubles\n|player|p1|Cello L.|cynthia-gen4|1504\n|player|p2|Donye East|nemona-s|1456\n|gen|9\n|tier|[Gen 9] VGC 2026 Reg I\n|rated|\n|rule|Species Clause: Limit one of each Pok\u00e9mon\n|rule|Item Clause: Limit 1 of each item\n|clearpoke\n|poke|p1|Kyogre, L50|\n|poke|p1|Calyrex-Ice, L50|\n|poke|p1|Raging Bolt, L50|\n|poke|p1|Urshifu-*, L50, M|\n|poke|p1|Rillaboom, L50, M|\n|poke|p1|Amoonguss, L50, F|\n|poke|p2|Incineroar, L50, F|\n|poke|p2|Miraidon, L50|\n|poke|p2|Kyogre, L50|\n|poke|p2|Urshifu-*, L50, M|\n|poke|p2|Kingambit, L50, F|\n|poke|p2|Tornadus, L50, M|\n|teampreview|4\n|inactive|Battle timer is ON: inactive players will automatically lose when time's up. (requested by Donye East)\n|\n|t:|1774556029\n|teamsize|p1|4\n|teamsize|p2|4\n|start\n|switch|p1a: Calyrex|Calyrex-Ice, L50|100/100\n|switch|p1b: Rillaboom|Rillaboom, L50, M|100/100\n|switch|p2a: Miraidon|Miraidon, L50|100/100\n|switch|p2b: Tornadus|Tornadus, L50, M|100/100\n|-ability|p1a: Calyrex|As One\n|-ability|p1a: Calyrex|Unnerve\n|-fieldstart|move: Electric Terrain|[from] ability: Hadron Engine|[of] p2a: Miraidon\n|-fieldstart|move: Grassy Terrain|[from] ability: Grassy Surge|[of] p1b: Rillaboom\n|turn|1\n|\n|t:|1774556045\n|switch|p2a: Kingambit|Kingambit, L50, F, shiny|100/100\n|move|p1b: Rillaboom|Fake Out|p2a: Kingambit\n|-resisted|p2a: Kingambit\n|-damage|p2a: Kingambit|96/100\n|move|p2b: Tornadus|Taunt|p1a: Calyrex\n|-start|p1a: Calyrex|move: Taunt\n|move|p1a: Calyrex|Glacial Lance|p2b: Tornadus|[spread] p2a,p2b\n|-resisted|p2a: Kingambit\n|-supereffective|p2b: Tornadus\n|-damage|p2a: Kingambit|80/100\n|-enditem|p2b: Tornadus|Focus Sash\n|-damage|p2b: Tornadus|1/100\n|\n|-heal|p2a: Kingambit|86/100|[from] Grassy Terrain\n|upkeep\n|turn|2\n|\n|t:|1774556061\n|-terastallize|p1a: Calyrex|Fairy\n|move|p2b: Tornadus|Protect|p2b: Tornadus\n|-singleturn|p2b: Tornadus|Protect\n|move|p1b: Rillaboom|U-turn|p2a: Kingambit\n|-damage|p2a: Kingambit|69/100\n|j| SGillfish\n|\n|t:|1774556079\n|switch|p1b: Kyogre|Kyogre, L50|100/100|[from] U-turn\n|-weather|RainDance|[from] ability: Drizzle|[of] p1b: Kyogre\n|move|p2a: Kingambit|Kowtow Cleave|p1b: Kyogre\n|-damage|p1b: Kyogre|35/100\n|move|p1a: Calyrex|Glacial Lance|p2b: Tornadus|[spread] p2a\n|-activate|p2b: Tornadus|move: Protect\n|-resisted|p2a: Kingambit\n|-damage|p2a: Kingambit|50/100\n|\n|-weather|RainDance|[upkeep]\n|-heal|p1b: Kyogre|41/100|[from] Grassy Terrain\n|-heal|p2a: Kingambit|56/100|[from] Grassy Terrain\n|upkeep\n|turn|3\n|\n|t:|1774556094\n|move|p1b: Kyogre|Protect|p1b: Kyogre\n|-singleturn|p1b: Kyogre|Protect\n|move|p2b: Tornadus|Tailwind|p2b: Tornadus\n|-sidestart|p2: Donye East|move: Tailwind\n|move|p2a: Kingambit|Iron Head|p1a: Calyrex\n|-supereffective|p1a: Calyrex\n|-damage|p1a: Calyrex|54/100\n|move|p1a: Calyrex|Glacial Lance|p2a: Kingambit|[spread] p2a,p2b\n|-resisted|p2a: Kingambit\n|-supereffective|p2b: Tornadus\n|-damage|p2a: Kingambit|38/100\n|-damage|p2b: Tornadus|0 fnt\n|faint|p2b: Tornadus\n|-ability|p1a: Calyrex|Chilling Neigh|boost\n|-boost|p1a: Calyrex|atk|1\n|\n|-weather|RainDance|[upkeep]\n|-heal|p1b: Kyogre|47/100|[from] Grassy Terrain\n|-heal|p2a: Kingambit|43/100|[from] Grassy Terrain\n|-heal|p1a: Calyrex|60/100|[from] Grassy Terrain\n|-heal|p1a: Calyrex|66/100|[from] item: Leftovers\n|-end|p1a: Calyrex|move: Taunt\n|upkeep\n|\n|t:|1774556101\n|switch|p2b: Kyogre|Kyogre, L50|100/100\n|turn|4\n|inactive|Cello L. has 30 seconds left.\n|inactive|Donye East has 30 seconds left.\n|\n|t:|1774556136\n|move|p1a: Calyrex|Protect|p1a: Calyrex\n|-singleturn|p1a: Calyrex|Protect\n|move|p2b: Kyogre|Water Spout|p1b: Kyogre|[spread] p1b\n|-activate|p1a: Calyrex|move: Protect\n|-resisted|p1b: Kyogre\n|-damage|p1b: Kyogre|8/100\n|move|p1b: Kyogre|Origin Pulse|p2b: Kyogre|[spread] p2a,p2b\n|-resisted|p2b: Kyogre\n|-damage|p2a: Kingambit|0 fnt\n|-damage|p2b: Kyogre|67/100\n|faint|p2a: Kingambit\n|\n|-weather|RainDance|[upkeep]\n|-heal|p2b: Kyogre|72/100|[from] Grassy Terrain\n|-heal|p1b: Kyogre|13/100|[from] Grassy Terrain\n|-heal|p1a: Calyrex|72/100|[from] Grassy Terrain\n|-heal|p1a: Calyrex|77/100|[from] item: Leftovers\n|upkeep\n|\n|t:|1774556139\n|switch|p2a: Miraidon|Miraidon, L50|100/100\n|-fieldstart|move: Electric Terrain|[from] ability: Hadron Engine|[of] p2a: Miraidon\n|turn|5\n|\n|t:|1774556162\n|switch|p1a: Rillaboom|Rillaboom, L50, M|100/100\n|-fieldstart|move: Grassy Terrain|[from] ability: Grassy Surge|[of] p1a: Rillaboom\n|-terastallize|p2a: Miraidon|Fairy\n|move|p2a: Miraidon|Dazzling Gleam|p1a: Rillaboom|[spread] p1a,p1b\n|-damage|p1a: Rillaboom|65/100\n|-damage|p1b: Kyogre|0 fnt\n|faint|p1b: Kyogre\n|move|p2b: Kyogre|Origin Pulse|p1a: Rillaboom\n|-resisted|p1a: Rillaboom\n|-damage|p1a: Rillaboom|20/100\n|\n|-weather|RainDance|[upkeep]\n|-heal|p2b: Kyogre|78/100|[from] Grassy Terrain\n|-heal|p1a: Rillaboom|26/100|[from] Grassy Terrain\n|upkeep\n|\n|t:|1774556177\n|switch|p1b: Calyrex|Calyrex-Ice, L50, tera:Fairy|77/100\n|-ability|p1b: Calyrex|As One\n|-ability|p1b: Calyrex|Unnerve\n|turn|6\n|\n|t:|1774556185\n|move|p2b: Kyogre|Protect|p2b: Kyogre\n|-singleturn|p2b: Kyogre|Protect\n|move|p1a: Rillaboom|Fake Out|p2b: Kyogre\n|-activate|p2b: Kyogre|move: Protect\n|move|p2a: Miraidon|Dazzling Gleam|p1a: Rillaboom|[spread] p1a,p1b\n|-damage|p1a: Rillaboom|0 fnt\n|-damage|p1b: Calyrex|46/100\n|faint|p1a: Rillaboom\n|move|p1b: Calyrex|Trick Room|p1b: Calyrex\n|-fieldstart|move: Trick Room|[of] p1b: Calyrex\n|\n|-weather|none\n|-heal|p1b: Calyrex|52/100|[from] Grassy Terrain\n|-heal|p1b: Calyrex|58/100|[from] item: Leftovers\n|-heal|p2b: Kyogre|84/100|[from] Grassy Terrain\n|-sideend|p2: Donye East|move: Tailwind\n|upkeep\n|\n|t:|1774556197\n|switch|p1a: Amoonguss|Amoonguss, L50, F|100/100\n|turn|7\n|\n|t:|1774556203\n|move|p1a: Amoonguss|Spore|p2b: Kyogre\n|-status|p2b: Kyogre|slp|[from] move: Spore\n|move|p1b: Calyrex|Glacial Lance|p2a: Miraidon|[spread] p2a,p2b\n|-resisted|p2b: Kyogre\n|-damage|p2a: Miraidon|52/100\n|-damage|p2b: Kyogre|56/100 slp\n|cant|p2b: Kyogre|slp\n|move|p2a: Miraidon|Dazzling Gleam|p1a: Amoonguss|[spread] p1a,p1b\n|-resisted|p1a: Amoonguss\n|-damage|p1a: Amoonguss|81/100\n|-damage|p1b: Calyrex|30/100\n|\n|-heal|p1a: Amoonguss|87/100|[from] Grassy Terrain\n|-heal|p1b: Calyrex|36/100|[from] Grassy Terrain\n|-heal|p1b: Calyrex|42/100|[from] item: Leftovers\n|-heal|p2b: Kyogre|62/100 slp|[from] Grassy Terrain\n|-heal|p2a: Miraidon|58/100|[from] Grassy Terrain\n|upkeep\n|turn|8\n|\n|t:|1774556222\n|move|p1a: Amoonguss|Pollen Puff|p1b: Calyrex\n|-heal|p1b: Calyrex|91/100\n|move|p1b: Calyrex|Glacial Lance|p2a: Miraidon|[spread] p2a,p2b\n|-resisted|p2b: Kyogre\n|-damage|p2a: Miraidon|8/100\n|-damage|p2b: Kyogre|38/100 slp\n|cant|p2b: Kyogre|slp\n|move|p2a: Miraidon|Dazzling Gleam|p1a: Amoonguss|[spread] p1a,p1b\n|-resisted|p1a: Amoonguss\n|-damage|p1a: Amoonguss|68/100\n|-damage|p1b: Calyrex|63/100\n|\n|-heal|p1a: Amoonguss|74/100|[from] Grassy Terrain\n|-heal|p1b: Calyrex|69/100|[from] Grassy Terrain\n|-heal|p1b: Calyrex|75/100|[from] item: Leftovers\n|-heal|p2b: Kyogre|43/100 slp|[from] Grassy Terrain\n|-heal|p2a: Miraidon|15/100|[from] Grassy Terrain\n|upkeep\n|turn|9\n|\n|t:|1774556239\n|move|p1a: Amoonguss|Pollen Puff|p2b: Kyogre\n|-damage|p2b: Kyogre|29/100 slp\n|move|p1b: Calyrex|Glacial Lance|p2b: Kyogre|[spread] p2a,p2b\n|-resisted|p2b: Kyogre\n|-damage|p2a: Miraidon|0 fnt\n|-damage|p2b: Kyogre|2/100 slp\n|faint|p2a: Miraidon\n|-ability|p1b: Calyrex|Chilling Neigh|boost\n|-boost|p1b: Calyrex|atk|1\n|-curestatus|p2b: Kyogre|slp|[msg]\n|move|p2b: Kyogre|Origin Pulse|p1a: Amoonguss|[spread] p1b\n|-miss|p2b: Kyogre|p1a: Amoonguss\n|-damage|p1b: Calyrex|41/100\n|\n|-heal|p1a: Amoonguss|80/100|[from] Grassy Terrain\n|-heal|p1b: Calyrex|47/100|[from] Grassy Terrain\n|-heal|p1b: Calyrex|53/100|[from] item: Leftovers\n|-heal|p2b: Kyogre|7/100|[from] Grassy Terrain\n|-fieldend|move: Grassy Terrain\n|upkeep\n|turn|10\n|-message|Donye East forfeited.\n|\n|win|Cello L.\n|raw|Cello L.'s rating: 1504 &rarr; <strong>1521</strong><br />(+17 for winning)\n|raw|Donye East's rating: 1456 &rarr; <strong>1439</strong><br />(-17 for losing)\n|l|\u2606Donye East\n|player|p2|\n|l|\u2606Cello L.\n|player|p1|\n|l| SGillfish\n","uploadtime":1774556449,"views":13,"formatid":"gen9vgc2026regi","rating":1439,"private":0,"password":null}