{"id":"gen9vgc2026regi-2578720076","format":"[Gen 9] VGC 2026 Reg I","players":["dpsicieu","yuri1910"],"log":"|j|\u2606dpsicieu\n|j|\u2606yuri1910\n|t:|1775707919\n|gametype|doubles\n|player|p1|dpsicieu|169|1499\n|player|p2|yuri1910|linebacker|1552\n|gen|9\n|tier|[Gen 9] VGC 2026 Reg I\n|rated|\n|rule|Species Clause: Limit one of each Pok\u00e9mon\n|rule|Item Clause: Limit 1 of each item\n|clearpoke\n|poke|p1|Calyrex-Ice, L50|\n|poke|p1|Miraidon, L50|\n|poke|p1|Iron Hands, L50|\n|poke|p1|Farigiraf, L50, F|\n|poke|p1|Torkoal, L50, M|\n|poke|p1|Smeargle, L50, F|\n|poke|p2|Calyrex-Ice, L50|\n|poke|p2|Kyogre, L50|\n|poke|p2|Grimmsnarl, L50, M|\n|poke|p2|Rillaboom, L50, M|\n|poke|p2|Urshifu-*, L50, M|\n|poke|p2|Landorus, L50, M|\n|teampreview|4\n|inactive|Battle timer is ON: inactive players will automatically lose when time's up. (requested by dpsicieu)\n|inactive|yuri1910 has 60 seconds left.\n|\n|t:|1775707955\n|teamsize|p1|4\n|teamsize|p2|4\n|start\n|switch|p1a: Calyrex|Calyrex-Ice, L50|100/100\n|switch|p1b: Iron Hands|Iron Hands, L50|100/100\n|switch|p2a: Kyogre|Kyogre, L50|100/100\n|switch|p2b: Urshifu|Urshifu-Rapid-Strike, L50, M|100/100\n|-ability|p1a: Calyrex|As One\n|-ability|p1a: Calyrex|Unnerve\n|-weather|RainDance|[from] ability: Drizzle|[of] p2a: Kyogre\n|turn|1\n|\n|t:|1775707973\n|move|p1b: Iron Hands|Fake Out|p2a: Kyogre\n|-damage|p2a: Kyogre|86/100\n|move|p2b: Urshifu|Surging Strikes|p1a: Calyrex\n|-crit|p1a: Calyrex\n|-damage|p1a: Calyrex|80/100\n|-crit|p1a: Calyrex\n|-damage|p1a: Calyrex|61/100\n|-crit|p1a: Calyrex\n|-damage|p1a: Calyrex|42/100\n|-hitcount|p1a: Calyrex|3\n|cant|p2a: Kyogre|flinch\n|move|p1a: Calyrex|Trick Room|p1a: Calyrex\n|-fieldstart|move: Trick Room|[of] p1a: Calyrex\n|\n|-weather|RainDance|[upkeep]\n|upkeep\n|turn|2\n|\n|t:|1775707985\n|switch|p1a: Miraidon|Miraidon, L50|100/100\n|-fieldstart|move: Electric Terrain|[from] ability: Hadron Engine|[of] p1a: Miraidon\n|-activate|p1b: Iron Hands|ability: Quark Drive\n|-start|p1b: Iron Hands|quarkdriveatk\n|switch|p2a: Calyrex|Calyrex-Ice, L50|100/100\n|-ability|p2a: Calyrex|As One\n|-ability|p2a: Calyrex|Unnerve\n|-terastallize|p2b: Urshifu|Ghost\n|move|p1b: Iron Hands|Wild Charge|p2b: Urshifu\n|-damage|p2b: Urshifu|16/100\n|-damage|p1b: Iron Hands|85/100|[from] Recoil\n|move|p2b: Urshifu|Surging Strikes|p1a: Miraidon\n|-resisted|p1a: Miraidon\n|-crit|p1a: Miraidon\n|-damage|p1a: Miraidon|85/100\n|-resisted|p1a: Miraidon\n|-crit|p1a: Miraidon\n|-damage|p1a: Miraidon|71/100\n|-resisted|p1a: Miraidon\n|-crit|p1a: Miraidon\n|-damage|p1a: Miraidon|56/100\n|-hitcount|p1a: Miraidon|3\n|\n|-weather|RainDance|[upkeep]\n|upkeep\n|turn|3\n|inactive|dpsicieu has 30 seconds left.\n|\n|t:|1775708010\n|switch|p2b: Rillaboom|Rillaboom, L50, M|100/100\n|-fieldstart|move: Grassy Terrain|[from] ability: Grassy Surge|[of] p2b: Rillaboom\n|-end|p1b: Iron Hands|Quark Drive\n|switch|p1a: Calyrex|Calyrex-Ice, L50|42/100\n|-ability|p1a: Calyrex|As One\n|-ability|p1a: Calyrex|Unnerve\n|move|p1b: Iron Hands|Wild Charge|p2b: Rillaboom\n|-resisted|p2b: Rillaboom\n|-damage|p2b: Rillaboom|74/100\n|-damage|p1b: Iron Hands|80/100|[from] Recoil\n|move|p2a: Calyrex|Glacial Lance|p1b: Iron Hands|[spread] p1a,p1b\n|-resisted|p1a: Calyrex\n|-damage|p1a: Calyrex|26/100\n|-damage|p1b: Iron Hands|44/100\n|\n|-weather|RainDance|[upkeep]\n|-heal|p1b: Iron Hands|50/100|[from] Grassy Terrain\n|-heal|p1a: Calyrex|31/100|[from] Grassy Terrain\n|-heal|p2b: Rillaboom|80/100|[from] Grassy Terrain\n|upkeep\n|turn|4\n|inactive|yuri1910 has 30 seconds left.\n|\n|t:|1775708037\n|switch|p2b: Kyogre|Kyogre, L50|86/100\n|move|p1a: Calyrex|Glacial Lance|p2b: Kyogre|[spread] p2a,p2b\n|-resisted|p2a: Calyrex\n|-resisted|p2b: Kyogre\n|-damage|p2a: Calyrex|83/100\n|-damage|p2b: Kyogre|62/100\n|move|p1b: Iron Hands|Low Kick|p2a: Calyrex\n|-damage|p2a: Calyrex|36/100\n|move|p2a: Calyrex|Glacial Lance|p1a: Calyrex|[spread] p1a,p1b\n|-resisted|p1a: Calyrex\n|-crit|p1a: Calyrex\n|-damage|p1a: Calyrex|9/100\n|-damage|p1b: Iron Hands|11/100\n|\n|-weather|RainDance|[upkeep]\n|-heal|p1a: Calyrex|15/100|[from] Grassy Terrain\n|-heal|p1b: Iron Hands|17/100|[from] Grassy Terrain\n|-heal|p2a: Calyrex|42/100|[from] Grassy Terrain\n|-heal|p2a: Calyrex|48/100|[from] item: Leftovers\n|-heal|p2b: Kyogre|68/100|[from] Grassy Terrain\n|upkeep\n|turn|5\n|inactive|yuri1910 has 30 seconds left.\n|\n|t:|1775708064\n|switch|p1a: Miraidon|Miraidon, L50|56/100\n|-fieldstart|move: Electric Terrain|[from] ability: Hadron Engine|[of] p1a: Miraidon\n|-activate|p1b: Iron Hands|ability: Quark Drive\n|-start|p1b: Iron Hands|quarkdriveatk\n|switch|p2b: Urshifu|Urshifu-Rapid-Strike, L50, M, tera:Ghost|16/100\n|move|p1b: Iron Hands|Low Kick|p2a: Calyrex\n|-damage|p2a: Calyrex|0 fnt\n|faint|p2a: Calyrex\n|\n|-weather|none\n|-fieldend|move: Trick Room\n|upkeep\n|\n|t:|1775708085\n|switch|p2a: Rillaboom|Rillaboom, L50, M|80/100\n|-fieldstart|move: Grassy Terrain|[from] ability: Grassy Surge|[of] p2a: Rillaboom\n|-end|p1b: Iron Hands|Quark Drive\n|turn|6\n|\n|t:|1775708097\n|move|p2a: Rillaboom|Fake Out|p1a: Miraidon\n|-damage|p1a: Miraidon|44/100\n|cant|p1a: Miraidon|flinch\n|move|p2b: Urshifu|Surging Strikes|p1b: Iron Hands\n|-crit|p1b: Iron Hands\n|-damage|p1b: Iron Hands|2/100\n|-crit|p1b: Iron Hands\n|-damage|p1b: Iron Hands|0 fnt\n|faint|p1b: Iron Hands\n|-end|p1b: Iron Hands|Quark Drive|[silent]\n|-hitcount|p1: Iron Hands|2\n|\n|-heal|p1a: Miraidon|50/100|[from] Grassy Terrain\n|-heal|p2b: Urshifu|22/100|[from] Grassy Terrain\n|-heal|p2a: Rillaboom|86/100|[from] Grassy Terrain\n|upkeep\n|\n|t:|1775708106\n|switch|p1b: Calyrex|Calyrex-Ice, L50|15/100\n|-ability|p1b: Calyrex|As One\n|-ability|p1b: Calyrex|Unnerve\n|turn|7\n|\n|t:|1775708126\n|move|p1a: Miraidon|Electro Drift|p2b: Urshifu\n|-damage|p2b: Urshifu|0 fnt\n|faint|p2b: Urshifu\n|move|p2a: Rillaboom|Wood Hammer|p1b: Calyrex\n|-damage|p1b: Calyrex|0 fnt\n|faint|p1b: Calyrex\n|-damage|p2a: Rillaboom|81/100|[from] Recoil\n|\n|-heal|p1a: Miraidon|56/100|[from] Grassy Terrain\n|-heal|p2a: Rillaboom|87/100|[from] Grassy Terrain\n|upkeep\n|\n|t:|1775708132\n|switch|p2b: Kyogre|Kyogre, L50|68/100\n|switch|p1b: Torkoal|Torkoal, L50, M|100/100\n|-weather|RainDance|[from] ability: Drizzle|[of] p2b: Kyogre\n|-weather|SunnyDay|[from] ability: Drought|[of] p1b: Torkoal\n|turn|8\n|\n|t:|1775708155\n|-terastallize|p1b: Torkoal|Fire\n|move|p1a: Miraidon|Electro Drift|p2b: Kyogre\n|-supereffective|p2b: Kyogre\n|-crit|p2b: Kyogre\n|-damage|p2b: Kyogre|0 fnt\n|faint|p2b: Kyogre\n|move|p2a: Rillaboom|Wood Hammer|p1a: Miraidon\n|-resisted|p1a: Miraidon\n|-damage|p1a: Miraidon|14/100\n|-damage|p2a: Rillaboom|74/100|[from] Recoil\n|move|p1b: Torkoal|Weather Ball|p2a: Rillaboom\n|-supereffective|p2a: Rillaboom\n|-damage|p2a: Rillaboom|0 fnt\n|faint|p2a: Rillaboom\n|\n|win|dpsicieu\n|raw|dpsicieu's rating: 1499 &rarr; <strong>1522</strong><br />(+23 for winning)\n|raw|yuri1910's rating: 1552 &rarr; <strong>1529</strong><br />(-23 for losing)\n|l|\u2606yuri1910\n|player|p2|\n|l|\u2606dpsicieu\n|player|p1|\n","uploadtime":1775708307,"views":10,"formatid":"gen9vgc2026regi","rating":1522,"private":0,"password":null}