{"id":"gen9vgc2026regi-2538210773","format":"[Gen 9] VGC 2026 Reg I","players":["xianbutinghua","blackred123"],"log":"|j|\u2606xianbutinghua\n|j|\u2606blackred123\n|t:|1770906701\n|gametype|doubles\n|player|p1|xianbutinghua|winona|1379\n|player|p2|blackred123|iono-masters|1491\n|gen|9\n|tier|[Gen 9] VGC 2026 Reg I\n|rated|\n|rule|Species Clause: Limit one of each Pok\u00e9mon\n|rule|Item Clause: Limit 1 of each item\n|clearpoke\n|poke|p1|Kyogre, L50|\n|poke|p1|Zacian-*, L50|\n|poke|p1|Grimmsnarl, L50, M|\n|poke|p1|Indeedee-F, L50, F|\n|poke|p1|Landorus, L50, M|\n|poke|p1|Iron Jugulis, L50|\n|poke|p2|Calyrex-Shadow, L50|\n|poke|p2|Zamazenta-*, L50|\n|poke|p2|Roaring Moon, L50|\n|poke|p2|Maushold-Four, L50|\n|poke|p2|Weezing, L50, F|\n|poke|p2|Amoonguss, L50, F|\n|teampreview|4\n|inactive|Battle timer is ON: inactive players will automatically lose when time's up. (requested by blackred123)\n|inactive|xianbutinghua also wants the timer to be on.\n|inactive|xianbutinghua has 60 seconds left.\n|\n|t:|1770906738\n|teamsize|p1|4\n|teamsize|p2|4\n|start\n|switch|p1a: Iron Jugulis|Iron Jugulis, L50|100/100\n|switch|p1b: Kyogre|Kyogre, L50|100/100\n|switch|p2a: Zamazenta|Zamazenta-Crowned, L50|100/100\n|switch|p2b: Roaring Moon|Roaring Moon, L50, shiny|100/100\n|-ability|p2a: Zamazenta|Dauntless Shield|boost\n|-boost|p2a: Zamazenta|def|1\n|-weather|RainDance|[from] ability: Drizzle|[of] p1b: Kyogre\n|-enditem|p2b: Roaring Moon|Booster Energy\n|-activate|p2b: Roaring Moon|ability: Protosynthesis|[fromitem]\n|-start|p2b: Roaring Moon|protosynthesisspe\n|-enditem|p1a: Iron Jugulis|Booster Energy\n|-activate|p1a: Iron Jugulis|ability: Quark Drive|[fromitem]\n|-start|p1a: Iron Jugulis|quarkdrivespe\n|turn|1\n|\n|t:|1770906762\n|move|p2b: Roaring Moon|Tailwind|p2b: Roaring Moon\n|-sidestart|p2: blackred123|move: Tailwind\n|move|p2a: Zamazenta|Body Press|p1b: Kyogre\n|-damage|p1b: Kyogre|29/100\n|move|p1a: Iron Jugulis|Tailwind|p1a: Iron Jugulis\n|-sidestart|p1: xianbutinghua|move: Tailwind\n|move|p1b: Kyogre|Origin Pulse|p2a: Zamazenta|[spread] p2a,p2b\n|-resisted|p2b: Roaring Moon\n|-damage|p2a: Zamazenta|27/100\n|-damage|p2b: Roaring Moon|43/100\n|\n|-weather|RainDance|[upkeep]\n|upkeep\n|turn|2\n|\n|t:|1770906780\n|switch|p1b: Zacian|Zacian-Crowned, L50|100/100\n|-ability|p1b: Zacian|Intrepid Sword|boost\n|-boost|p1b: Zacian|atk|1\n|move|p2b: Roaring Moon|Acrobatics|p1a: Iron Jugulis\n|-damage|p1a: Iron Jugulis|65/100\n|move|p1a: Iron Jugulis|Hurricane|p2a: Zamazenta\n|-damage|p2a: Zamazenta|0 fnt\n|faint|p2a: Zamazenta\n|\n|-weather|RainDance|[upkeep]\n|upkeep\n|\n|t:|1770906791\n|switch|p2a: Calyrex|Calyrex-Shadow, L50|100/100\n|-ability|p2a: Calyrex|As One\n|-ability|p2a: Calyrex|Unnerve\n|turn|3\n|\n|t:|1770906810\n|-terastallize|p2a: Calyrex|Ghost\n|move|p2b: Roaring Moon|Acrobatics|p1b: Zacian\n|-resisted|p1b: Zacian\n|-damage|p1b: Zacian|81/100\n|move|p1a: Iron Jugulis|Snarl|p2a: Calyrex|[spread] p2a,p2b\n|-supereffective|p2a: Calyrex\n|-resisted|p2b: Roaring Moon\n|-damage|p2a: Calyrex|65/100\n|-damage|p2b: Roaring Moon|35/100\n|-unboost|p2a: Calyrex|spa|1\n|-unboost|p2b: Roaring Moon|spa|1\n|move|p2a: Calyrex|Astral Barrage|p1a: Iron Jugulis|[spread] p1a,p1b\n|-resisted|p1a: Iron Jugulis\n|-damage|p1a: Iron Jugulis|27/100\n|-damage|p1b: Zacian|11/100\n|move|p1b: Zacian|Behemoth Blade|p2b: Roaring Moon\n|-damage|p2b: Roaring Moon|0 fnt\n|faint|p2b: Roaring Moon\n|-end|p2b: Roaring Moon|Protosynthesis|[silent]\n|\n|-weather|RainDance|[upkeep]\n|upkeep\n|\n|t:|1770906819\n|switch|p2b: Maushold|Maushold-Four, L50|100/100\n|turn|4\n|\n|t:|1770906840\n|move|p1a: Iron Jugulis|Protect|p1a: Iron Jugulis\n|-singleturn|p1a: Iron Jugulis|Protect\n|move|p2b: Maushold|Feint|p1b: Zacian\n|-resisted|p1b: Zacian\n|-damage|p1b: Zacian|8/100\n|move|p2a: Calyrex|Astral Barrage|p1a: Iron Jugulis|[spread] p1b\n|-activate|p1a: Iron Jugulis|move: Protect\n|-damage|p1b: Zacian|0 fnt\n|faint|p1b: Zacian\n|-ability|p2a: Calyrex|Grim Neigh|boost\n|-boost|p2a: Calyrex|spa|1\n|\n|-weather|RainDance|[upkeep]\n|-sideend|p1: xianbutinghua|move: Tailwind\n|-sideend|p2: blackred123|move: Tailwind\n|upkeep\n|\n|t:|1770906848\n|switch|p1b: Landorus|Landorus, L50, M|100/100\n|turn|5\n|j| lunala fairy ghost\n|\n|t:|1770906868\n|-terastallize|p1b: Landorus|Normal\n|move|p2b: Maushold|Helping Hand|p2a: Calyrex\n|-singleturn|p2a: Calyrex|Helping Hand|[of] p2b: Maushold\n|move|p1b: Landorus|Sandsear Storm|p2a: Calyrex|[spread] p2a,p2b\n|-damage|p2a: Calyrex|31/100\n|-damage|p2b: Maushold|51/100\n|move|p1a: Iron Jugulis|Tailwind|p1a: Iron Jugulis\n|-sidestart|p1: xianbutinghua|move: Tailwind\n|move|p2a: Calyrex|Astral Barrage|p1b: Landorus|[spread] p1a\n|-immune|p1b: Landorus\n|-resisted|p1a: Iron Jugulis\n|-damage|p1a: Iron Jugulis|0 fnt\n|faint|p1a: Iron Jugulis\n|-end|p1a: Iron Jugulis|Quark Drive|[silent]\n|-ability|p2a: Calyrex|Grim Neigh|boost\n|-boost|p2a: Calyrex|spa|1\n|\n|-weather|none\n|upkeep\n|\n|t:|1770906874\n|switch|p1a: Kyogre|Kyogre, L50|29/100\n|-weather|RainDance|[from] ability: Drizzle|[of] p1a: Kyogre\n|turn|6\n|-message|blackred123 forfeited.\n|\n|win|xianbutinghua\n|raw|xianbutinghua's rating: 1379 &rarr; <strong>1405</strong><br />(+26 for winning)\n|raw|blackred123's rating: 1491 &rarr; <strong>1465</strong><br />(-26 for losing)\n|l|\u2606blackred123\n|player|p2|\n|l|\u2606xianbutinghua\n|player|p1|\n|l| lunala fairy ghost\n","uploadtime":1770907131,"views":23,"formatid":"gen9vgc2026regi","rating":1405,"private":0,"password":null}