{"id":"gen9vgc2026regi-2578813462","format":"[Gen 9] VGC 2026 Reg I","players":["cakesgalore3","xiaoliyunVGC"],"log":"|j|\u2606cakesgalore3\n|j|\u2606xiaoliyunVGC\n|t:|1775722025\n|gametype|doubles\n|player|p1|cakesgalore3|101|1434\n|player|p2|xiaoliyunVGC|liko|1342\n|gen|9\n|tier|[Gen 9] VGC 2026 Reg I\n|rated|\n|rule|Species Clause: Limit one of each Pok\u00e9mon\n|rule|Item Clause: Limit 1 of each item\n|clearpoke\n|poke|p1|Miraidon, L50|\n|poke|p1|Whimsicott, L50, F|\n|poke|p1|Iron Hands, L50|\n|poke|p1|Calyrex-Ice, L50|\n|poke|p1|Farigiraf, L50, F|\n|poke|p1|Urshifu-*, L50, F|\n|poke|p2|Miraidon, L50|\n|poke|p2|Zamazenta-*, L50|\n|poke|p2|Dragonite, L50, M|\n|poke|p2|Chien-Pao, L50|\n|poke|p2|Clefairy, L50, M|\n|poke|p2|Volcarona, L50, F|\n|teampreview|4\n|inactive|Battle timer is ON: inactive players will automatically lose when time's up. (requested by xiaoliyunVGC)\n|\n|t:|1775722044\n|teamsize|p1|4\n|teamsize|p2|4\n|start\n|switch|p1a: Miraidon|Miraidon, L50|100/100\n|switch|p1b: Farigiraf|Farigiraf, L50, F|100/100\n|switch|p2a: Zamazenta|Zamazenta-Crowned, L50, shiny|100/100\n|switch|p2b: Chien-Pao|Chien-Pao, L50, shiny|100/100\n|-ability|p2b: Chien-Pao|Sword of Ruin\n|-fieldstart|move: Electric Terrain|[from] ability: Hadron Engine|[of] p1a: Miraidon\n|-enditem|p1b: Farigiraf|Electric Seed\n|-boost|p1b: Farigiraf|def|1|[from] item: Electric Seed\n|-ability|p2a: Zamazenta|Dauntless Shield|boost\n|-boost|p2a: Zamazenta|def|1\n|turn|1\n|\n|t:|1775722057\n|move|p2a: Zamazenta|Protect|p2a: Zamazenta\n|-singleturn|p2a: Zamazenta|Protect\n|move|p1a: Miraidon|Volt Switch|p2a: Zamazenta\n|-activate|p2a: Zamazenta|move: Protect\n|move|p2b: Chien-Pao|Icicle Crash|p1a: Miraidon\n|-supereffective|p1a: Miraidon\n|-damage|p1a: Miraidon|1/100\n|move|p1b: Farigiraf|Trick Room|p1b: Farigiraf\n|-fieldstart|move: Trick Room|[of] p1b: Farigiraf\n|\n|upkeep\n|turn|2\n|\n|t:|1775722073\n|switch|p2b: Clefairy|Clefairy, L50, M, shiny|100/100\n|move|p1b: Farigiraf|Baton Pass|p1b: Farigiraf\n|\n|t:|1775722078\n|switch|p1b: Calyrex|Calyrex-Ice, L50|100/100|[from] Baton Pass\n|-ability|p1b: Calyrex|As One\n|-ability|p1b: Calyrex|Unnerve\n|move|p2a: Zamazenta|Body Press|p1a: Miraidon\n|-damage|p1a: Miraidon|0 fnt\n|faint|p1a: Miraidon\n|\n|upkeep\n|\n|t:|1775722086\n|switch|p1a: Iron Hands|Iron Hands, L50|100/100\n|-activate|p1a: Iron Hands|ability: Quark Drive\n|-start|p1a: Iron Hands|quarkdriveatk\n|turn|3\n|\n|t:|1775722092\n|move|p2b: Clefairy|Protect|p2b: Clefairy\n|-singleturn|p2b: Clefairy|Protect\n|move|p2a: Zamazenta|Protect|p2a: Zamazenta\n|-singleturn|p2a: Zamazenta|Protect\n|move|p1a: Iron Hands|Wild Charge|p2b: Clefairy\n|-activate|p2b: Clefairy|move: Protect\n|move|p1b: Calyrex|Glacial Lance|p2b: Clefairy|[spread] \n|-activate|p2a: Zamazenta|move: Protect\n|-activate|p2b: Clefairy|move: Protect\n|\n|upkeep\n|turn|4\n|\n|t:|1775722111\n|move|p2b: Clefairy|Follow Me|p2b: Clefairy\n|-singleturn|p2b: Clefairy|move: Follow Me\n|move|p1a: Iron Hands|Wild Charge|p2b: Clefairy\n|-damage|p2b: Clefairy|31/100\n|-damage|p1a: Iron Hands|88/100|[from] Recoil\n|move|p1b: Calyrex|Glacial Lance|p2a: Zamazenta|[spread] p2a,p2b\n|-resisted|p2a: Zamazenta\n|-damage|p2a: Zamazenta|91/100\n|-damage|p2b: Clefairy|0 fnt\n|faint|p2b: Clefairy\n|-ability|p1b: Calyrex|Chilling Neigh|boost\n|-boost|p1b: Calyrex|atk|1\n|move|p2a: Zamazenta|Body Press|p1b: Calyrex\n|-damage|p1b: Calyrex|74/100\n|\n|upkeep\n|\n|t:|1775722130\n|switch|p2b: Chien-Pao|Chien-Pao, L50, shiny|100/100\n|-ability|p2b: Chien-Pao|Sword of Ruin\n|turn|5\n|\n|t:|1775722139\n|-end|p1a: Iron Hands|Quark Drive|[silent]\n|switch|p1a: Farigiraf|Farigiraf, L50, F|100/100\n|move|p2a: Zamazenta|Protect|p2a: Zamazenta\n|-singleturn|p2a: Zamazenta|Protect\n|move|p2b: Chien-Pao|Sucker Punch||[still]\n|cant|p1a: Farigiraf|ability: Armor Tail|Sucker Punch|[of] p2b: Chien-Pao\n|move|p1b: Calyrex|High Horsepower|p2a: Zamazenta\n|-activate|p2a: Zamazenta|move: Protect\n|\n|-fieldend|move: Trick Room\n|-fieldend|move: Electric Terrain\n|upkeep\n|turn|6\n|\n|t:|1775722157\n|-terastallize|p2a: Zamazenta|Fighting\n|-terastallize|p1b: Calyrex|Water\n|move|p2b: Chien-Pao|Ruination|p1a: Farigiraf\n|-damage|p1a: Farigiraf|51/100\n|move|p2a: Zamazenta|Body Press|p1a: Farigiraf\n|-damage|p1a: Farigiraf|0 fnt\n|faint|p1a: Farigiraf\n|move|p1b: Calyrex|Glacial Lance|p2a: Zamazenta|[spread] p2a,p2b\n|-resisted|p2b: Chien-Pao\n|-damage|p2a: Zamazenta|43/100\n|-damage|p2b: Chien-Pao|42/100\n|\n|upkeep\n|\n|t:|1775722171\n|switch|p1a: Iron Hands|Iron Hands, L50|88/100\n|turn|7\n|\n|t:|1775722185\n|move|p1a: Iron Hands|Fake Out|p2a: Zamazenta\n|-damage|p2a: Zamazenta|35/100\n|move|p2b: Chien-Pao|Ruination|p1b: Calyrex\n|-damage|p1b: Calyrex|38/100\n|cant|p2a: Zamazenta|flinch\n|move|p1b: Calyrex|Trick Room|p1b: Calyrex\n|-fieldstart|move: Trick Room|[of] p1b: Calyrex\n|\n|upkeep\n|turn|8\n|\n|t:|1775722213\n|move|p2a: Zamazenta|Wide Guard|p2a: Zamazenta\n|-singleturn|p2a: Zamazenta|Wide Guard\n|move|p2b: Chien-Pao|Sucker Punch|p1b: Calyrex\n|-damage|p1b: Calyrex|22/100\n|move|p1a: Iron Hands|Low Kick|p2a: Zamazenta\n|-damage|p2a: Zamazenta|3/100\n|move|p1b: Calyrex|High Horsepower|p2b: Chien-Pao\n|-damage|p2b: Chien-Pao|0 fnt\n|faint|p2b: Chien-Pao\n|-ability|p1b: Calyrex|Chilling Neigh|boost\n|-boost|p1b: Calyrex|atk|1\n|\n|upkeep\n|\n|t:|1775722223\n|switch|p2b: Miraidon|Miraidon, L50, shiny|100/100\n|-fieldstart|move: Electric Terrain|[from] ability: Hadron Engine|[of] p2b: Miraidon\n|-activate|p1a: Iron Hands|ability: Quark Drive\n|-start|p1a: Iron Hands|quarkdriveatk\n|turn|9\n|\n|t:|1775722235\n|move|p2a: Zamazenta|Protect||[still]\n|-fail|p2a: Zamazenta\n|move|p1a: Iron Hands|Drain Punch|p2a: Zamazenta\n|-damage|p2a: Zamazenta|0 fnt\n|-heal|p1a: Iron Hands|89/100|[from] drain|[of] p2a: Zamazenta\n|faint|p2a: Zamazenta\n|move|p1b: Calyrex|High Horsepower|p2b: Miraidon\n|-supereffective|p2b: Miraidon\n|-damage|p2b: Miraidon|0 fnt\n|faint|p2b: Miraidon\n|\n|win|cakesgalore3\n|raw|cakesgalore3's rating: 1434 &rarr; <strong>1449</strong><br />(+15 for winning)\n|raw|xiaoliyunVGC's rating: 1342 &rarr; <strong>1327</strong><br />(-15 for losing)\n|l|\u2606xiaoliyunVGC\n|player|p2|\n|l|\u2606cakesgalore3\n|player|p1|\n","uploadtime":1775722435,"views":8,"formatid":"gen9vgc2026regi","rating":1327,"private":0,"password":null}