{"id":"gen9vgc2026regi-2562342190","format":"[Gen 9] VGC 2026 Reg I","players":["BundleMySon","It'sJustKen VGC"],"log":"|j|\u2606BundleMySon\n|j|\u2606It'sJustKen VGC\n|t:|1773900941\n|gametype|doubles\n|player|p1|BundleMySon|265|1415\n|player|p2|It'sJustKen VGC|2|1487\n|gen|9\n|tier|[Gen 9] VGC 2026 Reg I\n|rated|\n|rule|Species Clause: Limit one of each Pok\u00e9mon\n|rule|Item Clause: Limit 1 of each item\n|clearpoke\n|poke|p1|Calyrex-Ice, L50|\n|poke|p1|Ting-Lu, L50|\n|poke|p1|Ho-Oh, L50|\n|poke|p1|Weezing-Galar, L50, M|\n|poke|p1|Scream Tail, L50|\n|poke|p1|Sinistcha, L50|\n|poke|p2|Iron Hands, L50|\n|poke|p2|Incineroar, L50, F|\n|poke|p2|Calyrex-Shadow, L50|\n|poke|p2|Whimsicott, L50, F|\n|poke|p2|Farigiraf, L50, F|\n|poke|p2|Miraidon, L50|\n|teampreview|4\n|inactive|Battle timer is ON: inactive players will automatically lose when time's up. (requested by BundleMySon)\n|inactive|It'sJustKen VGC also wants the timer to be on.\n|inactive|It'sJustKen VGC has 60 seconds left.\n|\n|t:|1773900984\n|teamsize|p1|4\n|teamsize|p2|4\n|start\n|switch|p1a: Calyrex|Calyrex-Ice, L50|100/100\n|switch|p1b: Weezing|Weezing-Galar, L50, M|100/100\n|switch|p2a: Miraidon|Miraidon, L50, shiny|100/100\n|switch|p2b: Calyrex|Calyrex-Shadow, L50|100/100\n|-ability|p1b: Weezing|Neutralizing Gas\n|-ability|p2b: Calyrex|As One\n|-ability|p2b: Calyrex|Unnerve\n|-ability|p1a: Calyrex|As One\n|-ability|p1a: Calyrex|Unnerve\n|turn|1\n|\n|t:|1773901000\n|switch|p1a: Ting-Lu|Ting-Lu, L50|100/100\n|move|p2b: Calyrex|Imprison|p2b: Calyrex\n|-start|p2b: Calyrex|move: Imprison\n|move|p2a: Miraidon|Volt Switch|p1a: Ting-Lu\n|-immune|p1a: Ting-Lu\n|move|p1b: Weezing|Toxic Spikes|p2a: Miraidon\n|-sidestart|p2: It'sJustKen VGC|move: Toxic Spikes\n|\n|upkeep\n|turn|2\n|\n|t:|1773901017\n|move|p2b: Calyrex|Protect|p2b: Calyrex\n|-singleturn|p2b: Calyrex|Protect\n|move|p2a: Miraidon|Volt Switch|p1b: Weezing\n|-damage|p1b: Weezing|38/100\n|\n|t:|1773901038\n|switch|p2a: Incineroar|Incineroar, L50, F|100/100|[from] Volt Switch\n|-status|p2a: Incineroar|psn\n|move|p1b: Weezing|Toxic Spikes|p2a: Incineroar\n|-sidestart|p2: It'sJustKen VGC|move: Toxic Spikes\n|move|p1a: Ting-Lu|Sand Tomb|p2b: Calyrex\n|-activate|p2b: Calyrex|move: Protect\n|\n|-damage|p2a: Incineroar|88/100 psn|[from] psn\n|upkeep\n|turn|3\n|\n|t:|1773901056\n|-terastallize|p2b: Calyrex|Ghost\n|move|p2a: Incineroar|Fake Out|p1a: Ting-Lu\n|-damage|p1a: Ting-Lu|96/100\n|move|p2b: Calyrex|Astral Barrage|p1a: Ting-Lu|[spread] p1a,p1b\n|-resisted|p1a: Ting-Lu\n|-damage|p1a: Ting-Lu|78/100\n|-damage|p1b: Weezing|0 fnt\n|faint|p1b: Weezing\n|-end|p1b: Weezing|ability: Neutralizing Gas\n|-ability|p2a: Incineroar|Intimidate|boost\n|-unboost|p1a: Ting-Lu|atk|1\n|-ability|p1a: Ting-Lu|Vessel of Ruin\n|-ability|p2b: Calyrex|Grim Neigh|boost\n|-boost|p2b: Calyrex|spa|1\n|cant|p1a: Ting-Lu|flinch\n|\n|-damage|p2a: Incineroar|76/100 psn|[from] psn\n|upkeep\n|\n|t:|1773901062\n|switch|p1b: Sinistcha|Sinistcha, L50|100/100\n|-heal|p1a: Ting-Lu|100/100|[from] ability: Hospitality|[of] p1b: Sinistcha\n|turn|4\n|inactive|It'sJustKen VGC has 30 seconds left.\n|inactive|It'sJustKen VGC has 20 seconds left.\n|inactive|It'sJustKen VGC has 15 seconds left.\n|inactive|It'sJustKen VGC has 10 seconds left.\n|\n|t:|1773901109\n|-terastallize|p1b: Sinistcha|Normal\n|move|p2b: Calyrex|Astral Barrage|p1a: Ting-Lu|[spread] p1a\n|-immune|p1b: Sinistcha\n|-resisted|p1a: Ting-Lu\n|-damage|p1a: Ting-Lu|80/100\n|move|p1b: Sinistcha|Shadow Ball|p2b: Calyrex\n|-supereffective|p2b: Calyrex\n|-damage|p2b: Calyrex|49/100\n|-unboost|p2b: Calyrex|spd|1\n|move|p2a: Incineroar|U-turn|p1a: Ting-Lu\n|-supereffective|p1a: Ting-Lu\n|-damage|p1a: Ting-Lu|63/100\n|\n|t:|1773901112\n|switch|p2a: Iron Hands|Iron Hands, L50|100/100|[from] U-turn\n|-status|p2a: Iron Hands|tox\n|move|p1a: Ting-Lu|Sand Tomb|p2b: Calyrex|[miss]\n|-miss|p1a: Ting-Lu|p2b: Calyrex\n|\n|-damage|p2a: Iron Hands|94/100 tox|[from] psn\n|upkeep\n|turn|5\n|inactive|BundleMySon has 30 seconds left.\n|\n|t:|1773901140\n|move|p2a: Iron Hands|Fake Out|p1b: Sinistcha\n|-damage|p1b: Sinistcha|90/100\n|move|p2b: Calyrex|Psychic|p1b: Sinistcha\n|-damage|p1b: Sinistcha|9/100\n|cant|p1b: Sinistcha|flinch\n|move|p1a: Ting-Lu|Sand Tomb|p2b: Calyrex\n|-damage|p2b: Calyrex|37/100\n|-activate|p2b: Calyrex|move: Sand Tomb|[of] p1a: Ting-Lu\n|\n|-damage|p2a: Iron Hands|82/100 tox|[from] psn\n|-damage|p2b: Calyrex|25/100|[from] move: Sand Tomb|[partiallytrapped]\n|upkeep\n|turn|6\n|inactive|BundleMySon has 30 seconds left.\n|\n|t:|1773901170\n|switch|p1a: Calyrex|Calyrex-Ice, L50|100/100\n|-ability|p1a: Calyrex|As One\n|-ability|p1a: Calyrex|Unnerve\n|move|p2b: Calyrex|Psychic|p1b: Sinistcha\n|-damage|p1b: Sinistcha|0 fnt\n|faint|p1b: Sinistcha\n|-ability|p2b: Calyrex|Grim Neigh|boost\n|-boost|p2b: Calyrex|spa|1\n|move|p2a: Iron Hands|Low Kick|p1a: Calyrex\n|-damage|p1a: Calyrex|61/100\n|\n|-heal|p1a: Calyrex|67/100|[from] item: Leftovers\n|-damage|p2a: Iron Hands|63/100 tox|[from] psn\n|-end|p2b: Calyrex|Sand Tomb|[partiallytrapped]|[silent]\n|upkeep\n|\n|t:|1773901173\n|switch|p1b: Ting-Lu|Ting-Lu, L50|63/100\n|-ability|p1b: Ting-Lu|Vessel of Ruin\n|turn|7\n|-message|BundleMySon forfeited.\n|\n|win|It'sJustKen VGC\n|raw|BundleMySon's rating: 1415 &rarr; <strong>1400</strong><br />(-15 for losing)\n|raw|It&apos;sJustKen VGC's rating: 1501 &rarr; <strong>1516</strong><br />(+15 for winning)\n|l|\u2606BundleMySon\n|player|p1|\n|l|\u2606It'sJustKen VGC\n|player|p2|\n","uploadtime":1773901180,"views":11,"formatid":"gen9vgc2026regi","rating":1400,"private":0,"password":null}