{"id":"gen9vgc2026regi-2536586493","format":"[Gen 9] VGC 2026 Reg I","players":["VJ2511","babzhujia\u7c89\u4e1d"],"log":"|j|\u2606VJ2511\n|j|\u2606babzhujia\u7c89\u4e1d\n|t:|1770710400\n|gametype|doubles\n|player|p1|VJ2511|red-masters3|1460\n|player|p2|babzhujia\u7c89\u4e1d|elesa|1435\n|gen|9\n|tier|[Gen 9] VGC 2026 Reg I\n|rated|\n|rule|Species Clause: Limit one of each Pok\u00e9mon\n|rule|Item Clause: Limit 1 of each item\n|clearpoke\n|poke|p1|Calyrex-Shadow, L50|\n|poke|p1|Zamazenta-*, L50|\n|poke|p1|Incineroar, L50, F|\n|poke|p1|Rillaboom, L50, F|\n|poke|p1|Ogerpon-Hearthflame, L50, F|\n|poke|p1|Raging Bolt, L50|\n|poke|p2|Groudon, L50|\n|poke|p2|Lunala, L50|\n|poke|p2|Gothitelle, L50, F|\n|poke|p2|Incineroar, L50, F|\n|poke|p2|Scream Tail, L50|\n|poke|p2|Raging Bolt, L50|\n|teampreview|4\n|inactive|Battle timer is ON: inactive players will automatically lose when time's up. (requested by VJ2511)\n|c|\u2606VJ2511|nice try wolfey\n|inactive|VJ2511 has 60 seconds left.\n|inactive|babzhujia\u7c89\u4e1d has 60 seconds left.\n|\n|t:|1770710446\n|teamsize|p1|4\n|teamsize|p2|4\n|start\n|switch|p1a: Zamazenta|Zamazenta-Crowned, L50|100/100\n|switch|p1b: Raging Bolt|Raging Bolt, L50|100/100\n|switch|p2a: Lunala|Lunala, L50, shiny|100/100\n|switch|p2b: Incineroar|Incineroar, L50, F, shiny|100/100\n|-ability|p1a: Zamazenta|Dauntless Shield|boost\n|-boost|p1a: Zamazenta|def|1\n|-ability|p2b: Incineroar|Intimidate|boost\n|-unboost|p1a: Zamazenta|atk|1\n|-unboost|p1b: Raging Bolt|atk|1\n|-enditem|p1b: Raging Bolt|Booster Energy\n|-activate|p1b: Raging Bolt|ability: Protosynthesis|[fromitem]\n|-start|p1b: Raging Bolt|protosynthesisspa\n|turn|1\n|inactive|babzhujia\u7c89\u4e1d has 30 seconds left.\n|inactive|babzhujia\u7c89\u4e1d has 20 seconds left.\n|inactive|babzhujia\u7c89\u4e1d has 15 seconds left.\n|inactive|babzhujia\u7c89\u4e1d has 10 seconds left.\n|inactive|babzhujia\u7c89\u4e1d has 5 seconds left.\n|\n|t:|1770710498\n|switch|p2b: Groudon|Groudon, L50, shiny|100/100\n|-weather|SunnyDay|[from] ability: Drought|[of] p2b: Groudon\n|move|p1a: Zamazenta|Body Press|p2b: Groudon\n|-damage|p2b: Groudon|52/100\n|move|p2a: Lunala|Heat Wave|p1a: Zamazenta|[spread] p1a,p1b\n|-supereffective|p1a: Zamazenta\n|-resisted|p1b: Raging Bolt\n|-crit|p1b: Raging Bolt\n|-damage|p1a: Zamazenta|43/100\n|-damage|p1b: Raging Bolt|76/100\n|move|p1b: Raging Bolt|Thunderbolt|p2a: Lunala\n|-damage|p2a: Lunala|79/100\n|-status|p2a: Lunala|par\n|\n|-weather|SunnyDay|[upkeep]\n|upkeep\n|turn|2\n|inactive|babzhujia\u7c89\u4e1d has 30 seconds left.\n|\n|t:|1770710526\n|-terastallize|p1a: Zamazenta|Water\n|move|p1a: Zamazenta|Body Press|p2b: Groudon\n|-damage|p2b: Groudon|5/100\n|move|p2b: Groudon|High Horsepower|p1b: Raging Bolt|[miss]\n|-miss|p2b: Groudon|p1b: Raging Bolt\n|move|p1b: Raging Bolt|Thunderbolt|p2a: Lunala\n|-damage|p2a: Lunala|33/100 par\n|move|p2a: Lunala|Trick Room|p2a: Lunala\n|-fieldstart|move: Trick Room|[of] p2a: Lunala\n|\n|-weather|SunnyDay|[upkeep]\n|upkeep\n|turn|3\n|\n|t:|1770710548\n|move|p1b: Raging Bolt|Thunderclap|p2a: Lunala\n|-damage|p2a: Lunala|0 fnt\n|faint|p2a: Lunala\n|move|p2b: Groudon|Precipice Blades|p1a: Zamazenta|[spread] p1a,p1b\n|-supereffective|p1b: Raging Bolt\n|-damage|p1a: Zamazenta|24/100\n|-damage|p1b: Raging Bolt|0 fnt\n|faint|p1b: Raging Bolt\n|-end|p1b: Raging Bolt|Protosynthesis|[silent]\n|move|p1a: Zamazenta|Body Press|p2b: Groudon\n|-damage|p2b: Groudon|0 fnt\n|faint|p2b: Groudon\n|\n|-weather|SunnyDay|[upkeep]\n|upkeep\n|\n|t:|1770710560\n|switch|p1b: Incineroar|Incineroar, L50, F|100/100\n|switch|p2b: Raging Bolt|Raging Bolt, L50|100/100\n|switch|p2a: Incineroar|Incineroar, L50, F, shiny|100/100\n|-ability|p1b: Incineroar|Intimidate|boost\n|-unboost|p2a: Incineroar|atk|1\n|-unboost|p2b: Raging Bolt|atk|1\n|-ability|p2a: Incineroar|Intimidate|boost\n|-unboost|p1a: Zamazenta|atk|1\n|-unboost|p1b: Incineroar|atk|1\n|-activate|p2b: Raging Bolt|ability: Protosynthesis\n|-start|p2b: Raging Bolt|protosynthesisspa\n|turn|4\n|\n|t:|1770710585\n|move|p1b: Incineroar|Fake Out|p2b: Raging Bolt\n|-damage|p2b: Raging Bolt|95/100\n|move|p2a: Incineroar|Fake Out|p1a: Zamazenta\n|-damage|p1a: Zamazenta|21/100\n|cant|p2b: Raging Bolt|flinch\n|cant|p1a: Zamazenta|flinch\n|\n|-weather|SunnyDay|[upkeep]\n|upkeep\n|turn|5\n|\n|t:|1770710606\n|-terastallize|p2b: Raging Bolt|Electric\n|move|p1a: Zamazenta|Protect|p1a: Zamazenta\n|-singleturn|p1a: Zamazenta|Protect\n|move|p1b: Incineroar|Parting Shot|p2b: Raging Bolt\n|-unboost|p2b: Raging Bolt|atk|1\n|-unboost|p2b: Raging Bolt|spa|1\n|\n|t:|1770710612\n|switch|p1b: Calyrex|Calyrex-Shadow, L50|100/100|[from] Parting Shot\n|-ability|p1b: Calyrex|As One\n|-ability|p1b: Calyrex|Unnerve\n|move|p2a: Incineroar|Flare Blitz|p1a: Zamazenta\n|-activate|p1a: Zamazenta|move: Protect\n|move|p2b: Raging Bolt|Thunderbolt|p1b: Calyrex\n|-damage|p1b: Calyrex|44/100\n|\n|-weather|none\n|-end|p2b: Raging Bolt|Protosynthesis\n|upkeep\n|turn|6\n|\n|t:|1770710631\n|switch|p1a: Incineroar|Incineroar, L50, F|100/100\n|-ability|p1a: Incineroar|Intimidate|boost\n|-unboost|p2a: Incineroar|atk|1\n|-unboost|p2b: Raging Bolt|atk|1\n|move|p1b: Calyrex|Protect|p1b: Calyrex\n|-singleturn|p1b: Calyrex|Protect\n|move|p2a: Incineroar|Flare Blitz|p1b: Calyrex\n|-activate|p1b: Calyrex|move: Protect\n|move|p2b: Raging Bolt|Thunderbolt|p1a: Incineroar\n|-damage|p1a: Incineroar|68/100\n|\n|-fieldend|move: Trick Room\n|upkeep\n|turn|7\n|\n|t:|1770710655\n|move|p1a: Incineroar|Fake Out|p2a: Incineroar\n|-damage|p2a: Incineroar|93/100\n|-damage|p1a: Incineroar|51/100|[from] item: Rocky Helmet|[of] p2a: Incineroar\n|move|p1b: Calyrex|Astral Barrage|p2a: Incineroar|[spread] p2a,p2b\n|-resisted|p2a: Incineroar\n|-damage|p2a: Incineroar|60/100\n|-damage|p2b: Raging Bolt|50/100\n|-damage|p1b: Calyrex|35/100|[from] item: Life Orb\n|move|p2b: Raging Bolt|Thunderbolt|p1a: Incineroar\n|-damage|p1a: Incineroar|18/100\n|cant|p2a: Incineroar|flinch\n|\n|upkeep\n|turn|8\n|\n|t:|1770710674\n|move|p2b: Raging Bolt|Thunderclap|p1b: Calyrex\n|-damage|p1b: Calyrex|0 fnt\n|faint|p1b: Calyrex\n|move|p2a: Incineroar|Flare Blitz|p1a: Incineroar\n|-resisted|p1a: Incineroar\n|-damage|p1a: Incineroar|9/100\n|-damage|p2a: Incineroar|44/100|[from] item: Rocky Helmet|[of] p1a: Incineroar\n|-damage|p2a: Incineroar|41/100|[from] Recoil\n|move|p1a: Incineroar|Parting Shot|p2b: Raging Bolt\n|-unboost|p2b: Raging Bolt|atk|1\n|-unboost|p2b: Raging Bolt|spa|1\n|\n|t:|1770710683\n|switch|p1a: Zamazenta|Zamazenta-Crowned, L50, tera:Water|21/100|[from] Parting Shot\n|\n|upkeep\n|\n|t:|1770710684\n|switch|p1b: Incineroar|Incineroar, L50, F|9/100\n|-ability|p1b: Incineroar|Intimidate|boost\n|-unboost|p2a: Incineroar|atk|1\n|-unboost|p2b: Raging Bolt|atk|1\n|turn|9\n|\n|t:|1770710705\n|move|p1b: Incineroar|Fake Out|p2b: Raging Bolt\n|-damage|p2b: Raging Bolt|42/100\n|cant|p2b: Raging Bolt|flinch\n|move|p1a: Zamazenta|Body Press|p2b: Raging Bolt\n|-damage|p2b: Raging Bolt|1/100\n|move|p2a: Incineroar|Flare Blitz|p1a: Zamazenta\n|-resisted|p1a: Zamazenta\n|-damage|p1a: Zamazenta|16/100\n|-damage|p2a: Incineroar|39/100|[from] Recoil\n|\n|upkeep\n|turn|10\n|\n|t:|1770710724\n|move|p2b: Raging Bolt|Thunderclap|p1a: Zamazenta\n|-supereffective|p1a: Zamazenta\n|-damage|p1a: Zamazenta|0 fnt\n|faint|p1a: Zamazenta\n|move|p2a: Incineroar|Flare Blitz|p1b: Incineroar\n|-resisted|p1b: Incineroar\n|-damage|p1b: Incineroar|1/100\n|-damage|p2a: Incineroar|23/100|[from] item: Rocky Helmet|[of] p1b: Incineroar\n|-damage|p2a: Incineroar|20/100|[from] Recoil\n|move|p1b: Incineroar|Knock Off|p2b: Raging Bolt\n|-damage|p2b: Raging Bolt|0 fnt\n|-enditem|p2b: Raging Bolt|Assault Vest|[from] move: Knock Off|[of] p1b: Incineroar\n|faint|p2b: Raging Bolt\n|-end|p2b: Raging Bolt|Protosynthesis|[silent]\n|\n|upkeep\n|turn|11\n|\n|t:|1770710738\n|move|p2a: Incineroar|Flare Blitz|p1b: Incineroar\n|-resisted|p1b: Incineroar\n|-damage|p1b: Incineroar|0 fnt\n|-damage|p2a: Incineroar|4/100|[from] item: Rocky Helmet|[of] p1b: Incineroar\n|faint|p1b: Incineroar\n|-damage|p2a: Incineroar|3/100|[from] Recoil\n|\n|win|babzhujia\u7c89\u4e1d\n|raw|VJ2511's rating: 1460 &rarr; <strong>1439</strong><br />(-21 for losing)\n|raw|babzhujia\u7c89\u4e1d's rating: 1435 &rarr; <strong>1456</strong><br />(+21 for winning)\n|l|\u2606VJ2511\n|player|p1|\n|l|\u2606babzhujia\u7c89\u4e1d\n|player|p2|\n","uploadtime":1770711004,"views":15,"formatid":"gen9vgc2026regi","rating":1439,"private":0,"password":null}