{"id":"gen9vgc2026regi-2563978619","format":"[Gen 9] VGC 2026 Reg I","players":["TheManOfSausage","etaniol1024"],"log":"|j|\u2606TheManOfSausage\n|j|\u2606etaniol1024\n|t:|1774095067\n|gametype|doubles\n|player|p1|TheManOfSausage|miku-water|1469\n|player|p2|etaniol1024|102|1458\n|gen|9\n|tier|[Gen 9] VGC 2026 Reg I\n|rated|\n|rule|Species Clause: Limit one of each Pok\u00e9mon\n|rule|Item Clause: Limit 1 of each item\n|clearpoke\n|poke|p1|Calyrex-Shadow, L50|\n|poke|p1|Koraidon, L50|\n|poke|p1|Weezing-Galar, L50, M|\n|poke|p1|Ditto, L50|\n|poke|p1|Regieleki, L50|\n|poke|p1|Walking Wake, L50|\n|poke|p2|Terapagos, L50, M|\n|poke|p2|Lunala, L50|\n|poke|p2|Smeargle, L50, M|\n|poke|p2|Amoonguss, L50, M|\n|poke|p2|Ditto, L50|\n|poke|p2|Charjabug, L50, F|\n|teampreview|4\nTheManOfSausage has agreed to open team sheets.\n|\n|t:|1774095086\n|teamsize|p1|4\n|teamsize|p2|4\n|start\n|switch|p1a: Weezing|Weezing-Galar, L50, M|100/100\n|switch|p1b: Koraidon|Koraidon, L50|100/100\n|switch|p2a: Smeargle|Smeargle, L50, M|100/100\n|switch|p2b: Terapagos|Terapagos, L50, M|100/100\n|-activate|p2b: Terapagos|ability: Tera Shift\n|detailschange|p2b: Terapagos|Terapagos-Terastal, L50, M\n|-heal|p2b: Terapagos|100/100|[silent]\n|-ability|p1a: Weezing|Neutralizing Gas\n|-block|p1b: Koraidon|item: Ability Shield\n|-weather|SunnyDay|[from] ability: Orichalcum Pulse|[of] p1b: Koraidon\n|-activate|p1b: Koraidon|Orichalcum Pulse|[source]\n|turn|1\n|\n|t:|1774095104\n|move|p2a: Smeargle|Fake Out|p1b: Koraidon\n|-damage|p1b: Koraidon|97/100\n|cant|p1b: Koraidon|flinch\n|move|p2b: Terapagos|Tera Starstorm|p1b: Koraidon\n|-crit|p1b: Koraidon\n|-damage|p1b: Koraidon|0 fnt\n|faint|p1b: Koraidon\n|move|p1a: Weezing|Poison Gas|p2a: Smeargle|[spread] p2a,p2b\n|-status|p2a: Smeargle|psn\n|-status|p2b: Terapagos|psn\n|\n|-weather|SunnyDay|[upkeep]\n|-damage|p2a: Smeargle|88/100 psn|[from] psn\n|-damage|p2b: Terapagos|88/100 psn|[from] psn\n|upkeep\n|\n|t:|1774095109\n|switch|p1b: Rice Shower|Calyrex-Shadow, L50|100/100\n|-ability|p1b: Rice Shower|As One\n|-ability|p1b: Rice Shower|Unnerve\n|turn|2\n|\n|t:|1774095124\n|move|p1b: Rice Shower|Protect|p1b: Rice Shower\n|-singleturn|p1b: Rice Shower|Protect\n|move|p1a: Weezing|Protect|p1a: Weezing\n|-singleturn|p1a: Weezing|Protect\n|move|p2a: Smeargle|Decorate|p2b: Terapagos\n|-boost|p2b: Terapagos|atk|2\n|-boost|p2b: Terapagos|spa|2\n|move|p2b: Terapagos|Tera Starstorm|p1a: Weezing\n|-activate|p1a: Weezing|move: Protect\n|\n|-weather|SunnyDay|[upkeep]\n|-damage|p2a: Smeargle|76/100 psn|[from] psn\n|-damage|p2b: Terapagos|76/100 psn|[from] psn\n|upkeep\n|turn|3\n|\n|t:|1774095133\n|move|p2a: Smeargle|Follow Me|p2a: Smeargle\n|-singleturn|p2a: Smeargle|move: Follow Me\n|move|p1b: Rice Shower|Psychic|p2a: Smeargle\n|-damage|p2a: Smeargle|0 fnt\n|faint|p2a: Smeargle\n|-ability|p1b: Rice Shower|Grim Neigh|boost\n|-boost|p1b: Rice Shower|spa|1\n|move|p2b: Terapagos|Tera Starstorm|p1a: Weezing\n|-damage|p1a: Weezing|0 fnt\n|faint|p1a: Weezing\n|-end|p1a: Weezing|ability: Neutralizing Gas\n|\n|-weather|SunnyDay|[upkeep]\n|-damage|p2b: Terapagos|63/100 psn|[from] psn\n|upkeep\n|\n|t:|1774095138\n|switch|p2a: Ditto|Ditto, L50|100/100\n|switch|p1a: Ditto|Ditto, L50|100/100\n|-transform|p1a: Ditto|p2b: Terapagos|[from] ability: Imposter\n|-transform|p2a: Ditto|p1b: Rice Shower|[from] ability: Imposter\n|-ability|p2a: Ditto|As One\n|-ability|p2a: Ditto|Unnerve\n|turn|4\n|\n|t:|1774095170\n|move|p1b: Rice Shower|Protect|p1b: Rice Shower\n|-singleturn|p1b: Rice Shower|Protect\n|move|p2a: Ditto|Encore|p1b: Rice Shower\n|-activate|p1b: Rice Shower|move: Protect\n|move|p1a: Ditto|Dazzling Gleam|p2a: Ditto|[spread] p2a,p2b\n|-damage|p2a: Ditto|58/100\n|-damage|p2b: Terapagos|23/100 psn\n|move|p2b: Terapagos|Tera Starstorm|p1a: Ditto\n|-activate|p1a: Ditto|ability: Tera Shell\n|-resisted|p1a: Ditto\n|-damage|p1a: Ditto|6/100\n|\n|-weather|SunnyDay|[upkeep]\n|-damage|p2b: Terapagos|10/100 psn|[from] psn\n|upkeep\n|turn|5\n|\n|t:|1774095185\n|move|p2a: Ditto|Encore|p1b: Rice Shower\n|-start|p1b: Rice Shower|Encore\n|move|p1b: Rice Shower|Protect|p1b: Rice Shower\n|-singleturn|p1b: Rice Shower|Protect\n|move|p1a: Ditto|Dazzling Gleam|p2b: Terapagos|[spread] p2a,p2b\n|-damage|p2a: Ditto|10/100\n|-damage|p2b: Terapagos|0 fnt\n|faint|p2b: Terapagos\n|\n|-weather|none\n|upkeep\n|\n|t:|1774095188\n|switch|p2b: Lunala|Lunala, L50|100/100\n|turn|6\n|\n|t:|1774095201\n|move|p1b: Rice Shower|Protect||[still]\n|-fail|p1b: Rice Shower\n|move|p2a: Ditto|Encore|p1a: Ditto\n|-start|p1a: Ditto|Encore\n|move|p1a: Ditto|Dazzling Gleam|p2b: Lunala|[spread] p2a,p2b\n|-damage|p2a: Ditto|0 fnt\n|-damage|p2b: Lunala|88/100\n|faint|p2a: Ditto\n|move|p2b: Lunala|Moongeist Beam|p1b: Rice Shower\n|-supereffective|p1b: Rice Shower\n|-enditem|p1b: Rice Shower|Focus Sash\n|-damage|p1b: Rice Shower|1/100\n|\n|upkeep\n|turn|7\n|\n|t:|1774095209\n|move|p1b: Rice Shower|Protect|p1b: Rice Shower\n|-singleturn|p1b: Rice Shower|Protect\n|move|p1a: Ditto|Dazzling Gleam|p2b: Lunala\n|-damage|p2b: Lunala|52/100\n|move|p2b: Lunala|Moongeist Beam|p1b: Rice Shower\n|-activate|p1b: Rice Shower|move: Protect\n|\n|-end|p1b: Rice Shower|Encore\n|upkeep\n|turn|8\n|\n|t:|1774095216\n|-terastallize|p1b: Rice Shower|Ghost\n|-terastallize|p2b: Lunala|Water\n|move|p1b: Rice Shower|Astral Barrage|p2b: Lunala\n|-damage|p2b: Lunala|0 fnt\n|faint|p2b: Lunala\n|\n|win|TheManOfSausage\n|raw|TheManOfSausage's rating: 1469 &rarr; <strong>1488</strong><br />(+19 for winning)\n|raw|etaniol1024's rating: 1458 &rarr; <strong>1439</strong><br />(-19 for losing)\n|c|\u2606TheManOfSausage|gg\n|l|\u2606etaniol1024\n|player|p2|\n|l|\u2606TheManOfSausage\n|player|p1|\n","uploadtime":1774095368,"views":14,"formatid":"gen9vgc2026regi","rating":1439,"private":0,"password":null}