{"id":"gen9vgc2026regi-2523894325","format":"[Gen 9] VGC 2026 Reg I","players":["BOMAtheFireEnjoyer","lol00p"],"log":"|j|\u2606BOMAtheFireEnjoyer\n|j|\u2606lol00p\n|t:|1769087634\n|gametype|doubles\n|player|p1|BOMAtheFireEnjoyer|n|1163\n|player|p2|lol00p|cynthia-gen4|1074\n|gen|9\n|tier|[Gen 9] VGC 2026 Reg I\n|rated|\n|rule|Species Clause: Limit one of each Pok\u00e9mon\n|rule|Item Clause: Limit 1 of each item\n|clearpoke\n|poke|p1|Reshiram, L50|\n|poke|p1|Groudon, L50|\n|poke|p1|Walking Wake, L50|\n|poke|p1|Iron Hands, L50|\n|poke|p1|Farigiraf, L50, M|\n|poke|p1|Whimsicott, L50, M|\n|poke|p2|Kyogre, L50|\n|poke|p2|Archaludon, L50, F|\n|poke|p2|Basculegion, L50, M|\n|poke|p2|Indeedee-F, L50, F|\n|poke|p2|Terapagos, L50, M|\n|poke|p2|Scrafty, L50, F|\n|teampreview|4\n|\n|t:|1769087664\n|teamsize|p1|4\n|teamsize|p2|4\n|start\n|switch|p1a: Reshiram|Reshiram, L50|100/100\n|switch|p1b: Whimsicott|Whimsicott, L50, M|100/100\n|switch|p2a: Scrafty|Scrafty, L50, F|100/100\n|switch|p2b: Archaludon|Archaludon, L50, F|100/100\n|-ability|p1a: Reshiram|Turboblaze\n|-ability|p2a: Scrafty|Intimidate|boost\n|-unboost|p1a: Reshiram|atk|1\n|-unboost|p1b: Whimsicott|atk|1\n|turn|1\n|inactive|Battle timer is ON: inactive players will automatically lose when time's up. (requested by BOMAtheFireEnjoyer)\n|l|\u2606lol00p\n|inactive|lol00p disconnected and has a minute to reconnect!\n|player|p2|\n|inactive|lol00p has 30 seconds to reconnect!\n|inactive|lol00p has 20 seconds to reconnect!\n|inactive|lol00p has 15 seconds to reconnect!\n|inactive|lol00p has 10 seconds to reconnect!\n|j|\u2606lol00p\n|inactive|lol00p reconnected and has 15 seconds left.\n|player|p2|lol00p|cynthia-gen4|\n|inactive|lol00p has 10 seconds left.\n|\n|t:|1769087749\n|switch|p2b: Kyogre|Kyogre, L50|100/100\n|-weather|RainDance|[from] ability: Drizzle|[of] p2b: Kyogre\n|switch|p1a: Walking Wake|Walking Wake, L50|100/100\n|move|p2a: Scrafty|Fake Out|p1b: Whimsicott\n|-damage|p1b: Whimsicott|87/100\n|cant|p1b: Whimsicott|flinch\n|\n|-weather|RainDance|[upkeep]\n|upkeep\n|turn|2\n|inactive|BOMAtheFireEnjoyer has 30 seconds left.\n|\n|t:|1769087781\n|move|p1b: Whimsicott|Moonblast|p2a: Scrafty\n|-supereffective|p2a: Scrafty\n|-damage|p2a: Scrafty|0 fnt\n|faint|p2a: Scrafty\n|move|p1a: Walking Wake|Draco Meteor|p2b: Kyogre|[miss]\n|-miss|p1a: Walking Wake|p2b: Kyogre\n|move|p2b: Kyogre|Thunder|p1a: Walking Wake\n|-damage|p1a: Walking Wake|45/100\n|\n|-weather|RainDance|[upkeep]\n|upkeep\n|\n|t:|1769087793\n|switch|p2a: Archaludon|Archaludon, L50, F|100/100\n|turn|3\n|\n|t:|1769087805\n|move|p1b: Whimsicott|Sunny Day|p1b: Whimsicott\n|-weather|SunnyDay\n|-activate|p1a: Walking Wake|ability: Protosynthesis\n|-start|p1a: Walking Wake|protosynthesisspe\n|move|p1a: Walking Wake|Draco Meteor|p2a: Archaludon\n|-damage|p2a: Archaludon|22/100\n|-unboost|p1a: Walking Wake|spa|2\n|-ability|p2a: Archaludon|Stamina|boost\n|-boost|p2a: Archaludon|def|1\n|-damage|p1a: Walking Wake|36/100|[from] item: Life Orb\n|move|p2b: Kyogre|Origin Pulse|p1a: Walking Wake|[spread] p1a,p1b\n|-resisted|p1a: Walking Wake\n|-resisted|p1b: Whimsicott\n|-damage|p1a: Walking Wake|29/100\n|-damage|p1b: Whimsicott|64/100\n|move|p2a: Archaludon|Electro Shot||[still]\n|-prepare|p2a: Archaludon|Electro Shot\n|-boost|p2a: Archaludon|spa|1\n|\n|-weather|SunnyDay|[upkeep]\n|upkeep\n|turn|4\n|\n|t:|1769087828\n|switch|p1b: Reshiram|Reshiram, L50|100/100\n|-ability|p1b: Reshiram|Turboblaze\n|switch|p2b: Basculegion|Basculegion, L50, M|100/100\n|move|p1a: Walking Wake|Draco Meteor|p2a: Archaludon|[miss]\n|-miss|p1a: Walking Wake|p2a: Archaludon\n|move|p2a: Archaludon|Electro Shot|p1a: Walking Wake|[from] lockedmove\n|-damage|p1a: Walking Wake|0 fnt\n|faint|p1a: Walking Wake\n|-end|p1a: Walking Wake|Protosynthesis|[silent]\n|\n|-weather|SunnyDay|[upkeep]\n|upkeep\n|\n|t:|1769087832\n|switch|p1a: Whimsicott|Whimsicott, L50, M|64/100\n|turn|5\n|\n|t:|1769087847\n|switch|p2b: Kyogre|Kyogre, L50|100/100\n|-weather|RainDance|[from] ability: Drizzle|[of] p2b: Kyogre\n|move|p1a: Whimsicott|Sunny Day|p1a: Whimsicott\n|-weather|SunnyDay\n|move|p2a: Archaludon|Electro Shot||[still]\n|-prepare|p2a: Archaludon|Electro Shot\n|-boost|p2a: Archaludon|spa|1\n|move|p1b: Reshiram|Heat Wave|p2b: Kyogre|[spread] p2a,p2b\n|-resisted|p2b: Kyogre\n|-damage|p2a: Archaludon|0 fnt\n|-damage|p2b: Kyogre|65/100\n|faint|p2a: Archaludon\n|\n|-weather|SunnyDay|[upkeep]\n|upkeep\n|\n|t:|1769087857\n|switch|p2a: Basculegion|Basculegion, L50, M|100/100\n|turn|6\n|\n|t:|1769087867\n|-terastallize|p1b: Reshiram|Fire\n|move|p1a: Whimsicott|Tailwind|p1a: Whimsicott\n|-sidestart|p1: BOMAtheFireEnjoyer|move: Tailwind\n|move|p1b: Reshiram|Heat Wave|p2b: Kyogre|[spread] p2a,p2b\n|-resisted|p2a: Basculegion\n|-resisted|p2b: Kyogre\n|-damage|p2a: Basculegion|16/100\n|-damage|p2b: Kyogre|14/100\n|move|p2a: Basculegion|Last Respects|p1b: Reshiram\n|-damage|p1b: Reshiram|0 fnt\n|faint|p1b: Reshiram\n|move|p2b: Kyogre|Blizzard|p1a: Whimsicott\n|-supereffective|p1a: Whimsicott\n|-damage|p1a: Whimsicott|0 fnt\n|faint|p1a: Whimsicott\n|\n|-weather|SunnyDay|[upkeep]\n|upkeep\n|\n|t:|1769087872\n|switch|p1b: Groudon|Groudon, L50|100/100\n|turn|7\n|\n|t:|1769087886\n|move|p1b: Groudon|Precipice Blades|p2a: Basculegion|[spread] p2a\n|-miss|p1b: Groudon|p2b: Kyogre\n|-crit|p2a: Basculegion\n|-damage|p2a: Basculegion|0 fnt\n|faint|p2a: Basculegion\n|move|p2b: Kyogre|Blizzard|p1b: Groudon\n|-supereffective|p1b: Groudon\n|-damage|p1b: Groudon|20/100\n|\n|-weather|SunnyDay|[upkeep]\n|upkeep\n|turn|8\n|\n|t:|1769087896\n|move|p1b: Groudon|Precipice Blades|p2b: Kyogre\n|-damage|p2b: Kyogre|0 fnt\n|faint|p2b: Kyogre\n|\n|win|BOMAtheFireEnjoyer\n|raw|BOMAtheFireEnjoyer's rating: 1163 &rarr; <strong>1182</strong><br />(+19 for winning)\n|raw|lol00p's rating: 1074 &rarr; <strong>1058</strong><br />(-16 for losing)\n|l|\u2606lol00p\n|player|p2|\n|l|\u2606BOMAtheFireEnjoyer\n|player|p1|\n","uploadtime":1769088177,"views":13,"formatid":"gen9vgc2026regi","rating":1058,"private":0,"password":null}