{"id":"gen9vgc2026regi-2587183142","format":"[Gen 9] VGC 2026 Reg I","players":["mauveracor","blackred123"],"log":"|j|\u2606mauveracor\n|j|\u2606blackred123\n|t:|1776505558\n|gametype|doubles\n|player|p1|mauveracor|102|1635\n|player|p2|blackred123|iono-masters|1644\n|gen|9\n|tier|[Gen 9] VGC 2026 Reg I\n|rated|\n|rule|Species Clause: Limit one of each Pok\u00e9mon\n|rule|Item Clause: Limit 1 of each item\n|clearpoke\n|poke|p1|Zamazenta-*, L50|\n|poke|p1|Calyrex-Shadow, L50|\n|poke|p1|Amoonguss, L50, F|\n|poke|p1|Dragonite, L50, M|\n|poke|p1|Chien-Pao, L50|\n|poke|p1|Ogerpon-Cornerstone, L50, F|\n|poke|p2|Calyrex-Shadow, L50|\n|poke|p2|Zamazenta-*, L50|\n|poke|p2|Tornadus, L50, M|\n|poke|p2|Rillaboom, L50, M|\n|poke|p2|Ogerpon-Hearthflame, L50, F|\n|poke|p2|Raging Bolt, L50|\n|teampreview|4\n|inactive|Battle timer is ON: inactive players will automatically lose when time's up. (requested by mauveracor)\n|inactive|blackred123 also wants the timer to be on.\n|\n|t:|1776505566\n|teamsize|p1|4\n|teamsize|p2|4\n|start\n|switch|p1a: Dragonite|Dragonite, L50, M|100/100\n|switch|p1b: Calyrex|Calyrex-Shadow, L50|100/100\n|switch|p2a: Zamazenta|Zamazenta-Crowned, L50|100/100\n|switch|p2b: Tornadus|Tornadus, L50, M|100/100\n|-ability|p1b: Calyrex|As One\n|-ability|p1b: Calyrex|Unnerve\n|-ability|p2a: Zamazenta|Dauntless Shield|boost\n|-boost|p2a: Zamazenta|def|1\n|turn|1\n|\n|t:|1776505583\n|switch|p1b: Zamazenta|Zamazenta-Crowned, L50|100/100\n|-ability|p1b: Zamazenta|Dauntless Shield|boost\n|-boost|p1b: Zamazenta|def|1\n|move|p1a: Dragonite|Extreme Speed|p2b: Tornadus\n|-damage|p2b: Tornadus|50/100\n|move|p2b: Tornadus|Tailwind|p2b: Tornadus\n|-sidestart|p2: blackred123|move: Tailwind\n|move|p2a: Zamazenta|Body Press|p1a: Dragonite\n|-resisted|p1a: Dragonite\n|-damage|p1a: Dragonite|66/100\n|\n|upkeep\n|turn|2\n|inactive|mauveracor has 30 seconds left.\n|inactive|mauveracor has 20 seconds left.\n|inactive|mauveracor has 15 seconds left.\n|inactive|mauveracor has 10 seconds left.\n|\n|t:|1776505629\n|switch|p2b: Calyrex|Calyrex-Shadow, L50|100/100\n|-ability|p2b: Calyrex|As One\n|-ability|p2b: Calyrex|Unnerve\n|-terastallize|p2a: Zamazenta|Water\n|-terastallize|p1b: Zamazenta|Grass\n|move|p1a: Dragonite|Extreme Speed|p2b: Calyrex\n|-immune|p2b: Calyrex\n|move|p2a: Zamazenta|Body Press|p1b: Zamazenta\n|-damage|p1b: Zamazenta|77/100\n|move|p1b: Zamazenta|Body Press|p2a: Zamazenta\n|-damage|p2a: Zamazenta|73/100\n|\n|upkeep\n|turn|3\n|inactive|blackred123 has 30 seconds left.\n|inactive|mauveracor has 30 seconds left.\n|\n|t:|1776505671\n|switch|p1a: Chien-Pao|Chien-Pao, L50|100/100\n|-ability|p1a: Chien-Pao|Sword of Ruin\n|move|p2a: Zamazenta|Protect|p2a: Zamazenta\n|-singleturn|p2a: Zamazenta|Protect\n|move|p2b: Calyrex|Psychic|p1a: Chien-Pao\n|-immune|p1a: Chien-Pao\n|move|p1b: Zamazenta|Behemoth Bash|p2b: Calyrex\n|-damage|p2b: Calyrex|35/100\n|\n|upkeep\n|turn|4\n|inactive|mauveracor has 30 seconds left.\n|inactive|mauveracor has 20 seconds left.\n|\n|t:|1776505709\n|switch|p2b: Tornadus|Tornadus, L50, M|50/100\n|move|p1a: Chien-Pao|Sucker Punch||[still]\n|-fail|p1a: Chien-Pao\n|move|p2a: Zamazenta|Body Press|p1b: Zamazenta\n|-damage|p1b: Zamazenta|45/100\n|move|p1b: Zamazenta|Body Press|p2a: Zamazenta\n|-damage|p2a: Zamazenta|38/100\n|\n|-sideend|p2: blackred123|move: Tailwind\n|upkeep\n|turn|5\n|inactive|mauveracor has 30 seconds left.\n|\n|t:|1776505734\n|switch|p1a: Calyrex|Calyrex-Shadow, L50|100/100\n|-ability|p1a: Calyrex|As One\n|-ability|p1a: Calyrex|Unnerve\n|move|p2b: Tornadus|Tailwind|p2b: Tornadus\n|-sidestart|p2: blackred123|move: Tailwind\n|move|p2a: Zamazenta|Heavy Slam|p1a: Calyrex\n|-damage|p1a: Calyrex|47/100\n|move|p1b: Zamazenta|Body Press|p2a: Zamazenta\n|-damage|p2a: Zamazenta|12/100\n|\n|upkeep\n|turn|6\n|\n|t:|1776505752\n|move|p1a: Calyrex|Protect|p1a: Calyrex\n|-singleturn|p1a: Calyrex|Protect\n|move|p2a: Zamazenta|Heavy Slam|p1a: Calyrex\n|-activate|p1a: Calyrex|move: Protect\n|move|p2b: Tornadus|Bleakwind Storm|p1b: Zamazenta|[spread] p1b\n|-activate|p1a: Calyrex|move: Protect\n|-supereffective|p1b: Zamazenta\n|-damage|p1b: Zamazenta|0 fnt\n|faint|p1b: Zamazenta\n|\n|upkeep\n|\n|t:|1776505766\n|switch|p1b: Dragonite|Dragonite, L50, M|66/100\n|turn|7\n|\n|t:|1776505787\n|move|p2a: Zamazenta|Protect|p2a: Zamazenta\n|-singleturn|p2a: Zamazenta|Protect\n|move|p1b: Dragonite|Aqua Jet|p2b: Tornadus\n|-damage|p2b: Tornadus|25/100\n|move|p2b: Tornadus|Bleakwind Storm|p1a: Calyrex|[spread] p1a,p1b\n|-damage|p1a: Calyrex|4/100\n|-damage|p1b: Dragonite|25/100\n|move|p1a: Calyrex|Astral Barrage|p2b: Tornadus|[spread] p2b\n|-activate|p2a: Zamazenta|move: Protect\n|-crit|p2b: Tornadus\n|-damage|p2b: Tornadus|0 fnt\n|faint|p2b: Tornadus\n|-ability|p1a: Calyrex|Grim Neigh|boost\n|-boost|p1a: Calyrex|spa|1\n|\n|upkeep\n|\n|t:|1776505801\n|switch|p2b: Raging Bolt|Raging Bolt, L50|100/100\n|-enditem|p2b: Raging Bolt|Booster Energy\n|-activate|p2b: Raging Bolt|ability: Protosynthesis|[fromitem]\n|-start|p2b: Raging Bolt|protosynthesisspa\n|turn|8\n|\n|t:|1776505822\n|switch|p1a: Chien-Pao|Chien-Pao, L50|100/100\n|-ability|p1a: Chien-Pao|Sword of Ruin\n|move|p2b: Raging Bolt|Thunderclap|p1b: Dragonite\n|-damage|p1b: Dragonite|0 fnt\n|faint|p1b: Dragonite\n|move|p2a: Zamazenta|Heavy Slam|p1a: Chien-Pao\n|-supereffective|p1a: Chien-Pao\n|-damage|p1a: Chien-Pao|0 fnt\n|faint|p1a: Chien-Pao\n|\n|-sideend|p2: blackred123|move: Tailwind\n|upkeep\n|c|\u2606mauveracor|Gg\n|-message|mauveracor forfeited.\n|\n|win|blackred123\n|raw|mauveracor's rating: 1635 &rarr; <strong>1616</strong><br />(-19 for losing)\n|raw|blackred123's rating: 1644 &rarr; <strong>1663</strong><br />(+19 for winning)\n|l|\u2606blackred123\n|player|p2|\n|l|\u2606mauveracor\n|player|p1|\n","uploadtime":1776506076,"views":31,"formatid":"gen9vgc2026regi","rating":1616,"private":0,"password":null}