{"id":"gen9vgc2026regi-2562768731","format":"[Gen 9] VGC 2026 Reg I","players":["JoeBro8","colombarda"],"log":"|j|\u2606JoeBro8\n|j|\u2606colombarda\n|t:|1773948235\n|gametype|doubles\n|player|p1|JoeBro8|n|1289\n|player|p2|colombarda|blaine|1355\n|gen|9\n|tier|[Gen 9] VGC 2026 Reg I\n|rated|\n|rule|Species Clause: Limit one of each Pok\u00e9mon\n|rule|Item Clause: Limit 1 of each item\n|clearpoke\n|poke|p1|Koraidon, L50|\n|poke|p1|Flutter Mane, L50|\n|poke|p1|Chi-Yu, L50|\n|poke|p1|Lunala, L50|\n|poke|p1|Ursaluna, L50, M|\n|poke|p1|Brute Bonnet, L50|\n|poke|p2|Kyurem-Black, L50|\n|poke|p2|Miraidon, L50|\n|poke|p2|Chesnaught, L50, F|\n|poke|p2|Volcarona, L50, F|\n|poke|p2|Grimmsnarl, L50, M|\n|poke|p2|Gyarados, L50, F|\n|teampreview|4\n|inactive|Battle timer is ON: inactive players will automatically lose when time's up. (requested by colombarda)\n|\n|t:|1773948264\n|teamsize|p1|4\n|teamsize|p2|4\n|start\n|switch|p1a: Lunala|Lunala, L50|100/100\n|switch|p1b: Koraidon|Koraidon, L50|100/100\n|switch|p2a: Grimmsnarl|Grimmsnarl, L50, M|100/100\n|switch|p2b: Miraidon|Miraidon, L50|100/100\n|-weather|SunnyDay|[from] ability: Orichalcum Pulse|[of] p1b: Koraidon\n|-activate|p1b: Koraidon|Orichalcum Pulse|[source]\n|-fieldstart|move: Electric Terrain|[from] ability: Hadron Engine|[of] p2b: Miraidon\n|turn|1\n|\n|t:|1773948277\n|switch|p1b: Ursaluna|Ursaluna, L50, M|100/100\n|move|p2a: Grimmsnarl|Thunder Wave|p1b: Ursaluna\n|-immune|p1b: Ursaluna\n|move|p2b: Miraidon|Draco Meteor|p1b: Ursaluna\n|-damage|p1b: Ursaluna|2/100\n|-unboost|p2b: Miraidon|spa|2\n|move|p1a: Lunala|Trick Room|p1a: Lunala\n|-fieldstart|move: Trick Room|[of] p1a: Lunala\n|\n|-weather|SunnyDay|[upkeep]\n|-status|p1b: Ursaluna|brn|[from] item: Flame Orb\n|upkeep\n|turn|2\n|\n|t:|1773948290\n|switch|p2b: Gyarados|Gyarados, L50, F|100/100\n|-ability|p2b: Gyarados|Intimidate|boost\n|-unboost|p1a: Lunala|atk|1\n|-unboost|p1b: Ursaluna|atk|1\n|move|p2a: Grimmsnarl|Light Screen|p2a: Grimmsnarl\n|-sidestart|p2: colombarda|move: Light Screen\n|move|p1b: Ursaluna|Facade|p2b: Gyarados\n|-damage|p2b: Gyarados|30/100\n|-enditem|p2b: Gyarados|Sitrus Berry|[eat]\n|-heal|p2b: Gyarados|55/100|[from] item: Sitrus Berry\n|move|p1a: Lunala|Meteor Beam||[still]\n|-prepare|p1a: Lunala|Meteor Beam\n|-boost|p1a: Lunala|spa|1\n|-enditem|p1a: Lunala|Power Herb\n|-anim|p1a: Lunala|Meteor Beam|p2a: Grimmsnarl\n|-crit|p2a: Grimmsnarl\n|-damage|p2a: Grimmsnarl|0 fnt\n|faint|p2a: Grimmsnarl\n|\n|-weather|SunnyDay|[upkeep]\n|-damage|p1b: Ursaluna|0 fnt|[from] brn\n|faint|p1b: Ursaluna\n|upkeep\n|\n|t:|1773948306\n|switch|p1b: Brute Bonnet|Brute Bonnet, L50|100/100\n|switch|p2a: Kyurem|Kyurem-Black, L50|100/100\n|-ability|p2a: Kyurem|Teravolt\n|-activate|p1b: Brute Bonnet|ability: Protosynthesis\n|-start|p1b: Brute Bonnet|protosynthesisdef\n|turn|3\n|\n|t:|1773948318\n|-terastallize|p2a: Kyurem|Electric\n|move|p1b: Brute Bonnet|Spore|p2a: Kyurem\n|-activate|p2a: Kyurem|move: Electric Terrain\n|move|p2b: Gyarados|Whirlpool|p1a: Lunala\n|-damage|p1a: Lunala|99/100\n|-activate|p1a: Lunala|move: Whirlpool|[of] p2b: Gyarados\n|move|p1a: Lunala|Moongeist Beam|p2b: Gyarados\n|-damage|p2b: Gyarados|11/100\n|move|p2a: Kyurem|Icicle Spear|p1b: Brute Bonnet\n|-supereffective|p1b: Brute Bonnet\n|-damage|p1b: Brute Bonnet|85/100\n|-supereffective|p1b: Brute Bonnet\n|-damage|p1b: Brute Bonnet|67/100\n|-supereffective|p1b: Brute Bonnet\n|-damage|p1b: Brute Bonnet|52/100\n|-supereffective|p1b: Brute Bonnet\n|-damage|p1b: Brute Bonnet|34/100\n|-enditem|p1b: Brute Bonnet|Sitrus Berry|[eat]\n|-heal|p1b: Brute Bonnet|59/100|[from] item: Sitrus Berry\n|-hitcount|p1b: Brute Bonnet|4\n|\n|-weather|SunnyDay|[upkeep]\n|-damage|p1a: Lunala|87/100|[from] move: Whirlpool|[partiallytrapped]\n|upkeep\n|turn|4\n|\n|t:|1773948331\n|move|p2b: Gyarados|Protect|p2b: Gyarados\n|-singleturn|p2b: Gyarados|Protect\n|move|p2a: Kyurem|Protect|p2a: Kyurem\n|-singleturn|p2a: Kyurem|Protect\n|move|p1b: Brute Bonnet|Seed Bomb|p2b: Gyarados\n|-activate|p2b: Gyarados|move: Protect\n|move|p1a: Lunala|Moongeist Beam|p2a: Kyurem\n|-activate|p2a: Kyurem|move: Protect\n|\n|-weather|SunnyDay|[upkeep]\n|-damage|p1a: Lunala|75/100|[from] move: Whirlpool|[partiallytrapped]\n|upkeep\n|turn|5\n|\n|t:|1773948339\n|move|p1b: Brute Bonnet|Seed Bomb|p2b: Gyarados\n|-damage|p2b: Gyarados|0 fnt\n|faint|p2b: Gyarados\n|move|p1a: Lunala|Moongeist Beam|p2a: Kyurem\n|-damage|p2a: Kyurem|50/100\n|move|p2a: Kyurem|Scale Shot|p1a: Lunala\n|-damage|p1a: Lunala|62/100\n|-damage|p1a: Lunala|49/100\n|-damage|p1a: Lunala|34/100\n|-damage|p1a: Lunala|19/100\n|-hitcount|p1a: Lunala|4\n|-unboost|p2a: Kyurem|def|1\n|-boost|p2a: Kyurem|spe|1\n|\n|-weather|none\n|-end|p1b: Brute Bonnet|Protosynthesis\n|-end|p1a: Lunala|Whirlpool|[partiallytrapped]|[silent]\n|-fieldend|move: Trick Room\n|-fieldend|move: Electric Terrain\n|upkeep\n|\n|t:|1773948342\n|switch|p2b: Miraidon|Miraidon, L50|100/100\n|-fieldstart|move: Electric Terrain|[from] ability: Hadron Engine|[of] p2b: Miraidon\n|turn|6\n|\n|t:|1773948369\n|move|p1a: Lunala|Wide Guard|p1a: Lunala\n|-singleturn|p1a: Lunala|Wide Guard\n|move|p1b: Brute Bonnet|Sucker Punch|p2a: Kyurem\n|-damage|p2a: Kyurem|15/100\n|move|p2a: Kyurem|Icicle Spear|p1a: Lunala\n|-damage|p1a: Lunala|6/100\n|-damage|p1a: Lunala|0 fnt\n|faint|p1a: Lunala\n|-hitcount|p1: Lunala|2\n|move|p2b: Miraidon|Snarl|p1b: Brute Bonnet\n|-activate|p1b: Brute Bonnet|move: Wide Guard\n|\n|upkeep\n|\n|t:|1773948377\n|switch|p1a: Koraidon|Koraidon, L50|100/100\n|-weather|SunnyDay|[from] ability: Orichalcum Pulse|[of] p1a: Koraidon\n|-activate|p1b: Brute Bonnet|ability: Protosynthesis\n|-start|p1b: Brute Bonnet|protosynthesisdef\n|-activate|p1a: Koraidon|Orichalcum Pulse|[source]\n|turn|7\n|inactive|colombarda has 30 seconds left.\n|\n|t:|1773948404\n|-terastallize|p1a: Koraidon|Fire\n|move|p1b: Brute Bonnet|Sucker Punch|p2a: Kyurem\n|-damage|p2a: Kyurem|0 fnt\n|faint|p2a: Kyurem\n|move|p1a: Koraidon|Flame Charge|p2b: Miraidon\n|-resisted|p2b: Miraidon\n|-damage|p2b: Miraidon|58/100\n|-boost|p1a: Koraidon|spe|1\n|-damage|p1a: Koraidon|91/100|[from] item: Life Orb\n|move|p2b: Miraidon|Draco Meteor|p1a: Koraidon\n|-damage|p1a: Koraidon|0 fnt\n|-unboost|p2b: Miraidon|spa|2\n|faint|p1a: Koraidon\n|\n|-weather|SunnyDay|[upkeep]\n|upkeep\n|turn|8\n|\n|t:|1773948420\n|move|p1b: Brute Bonnet|Protect|p1b: Brute Bonnet\n|-singleturn|p1b: Brute Bonnet|Protect\n|move|p2b: Miraidon|Draco Meteor|p1b: Brute Bonnet\n|-activate|p1b: Brute Bonnet|move: Protect\n|\n|-weather|SunnyDay|[upkeep]\n|upkeep\n|turn|9\n|\n|t:|1773948424\n|move|p1b: Brute Bonnet|Sucker Punch|p2b: Miraidon\n|-damage|p2b: Miraidon|29/100\n|move|p2b: Miraidon|Draco Meteor|p1b: Brute Bonnet|[miss]\n|-miss|p2b: Miraidon|p1b: Brute Bonnet\n|\n|-weather|SunnyDay|[upkeep]\n|-sideend|p2: colombarda|move: Light Screen\n|upkeep\n|turn|10\n|\n|t:|1773948430\n|move|p1b: Brute Bonnet|Sucker Punch|p2b: Miraidon\n|-damage|p2b: Miraidon|2/100\n|move|p2b: Miraidon|Draco Meteor|p1b: Brute Bonnet\n|-damage|p1b: Brute Bonnet|16/100\n|-unboost|p2b: Miraidon|spa|2\n|\n|-weather|SunnyDay|[upkeep]\n|-fieldend|move: Electric Terrain\n|upkeep\n|turn|11\n|c|\u2606colombarda|man i hate draco meteor\n|\n|t:|1773948443\n|move|p1b: Brute Bonnet|Sucker Punch|p2b: Miraidon\n|-damage|p2b: Miraidon|0 fnt\n|faint|p2b: Miraidon\n|\n|win|JoeBro8\n|raw|JoeBro8's rating: 1289 &rarr; <strong>1319</strong><br />(+30 for winning)\n|raw|colombarda's rating: 1355 &rarr; <strong>1331</strong><br />(-24 for losing)\n|l|\u2606JoeBro8\n|player|p1|\n|l|\u2606colombarda\n|player|p2|\n","uploadtime":1773948693,"views":10,"formatid":"gen9vgc2026regi","rating":1319,"private":0,"password":null}