{"id":"gen9vgc2026regi-2590964194","format":"[Gen 9] VGC 2026 Reg I","players":["Luca8","Freecko99"],"log":"|j|\u2606Luca8\n|j|\u2606Freecko99\n|t:|1776865028\n|gametype|doubles\n|player|p1|Luca8|flint|1591\n|player|p2|Freecko99|ethan|1537\n|gen|9\n|tier|[Gen 9] VGC 2026 Reg I\n|rated|\n|rule|Species Clause: Limit one of each Pok\u00e9mon\n|rule|Item Clause: Limit 1 of each item\n|clearpoke\n|poke|p1|Zamazenta-*, L50|\n|poke|p1|Indeedee-F, L50, F|\n|poke|p1|Torkoal, L50, M|\n|poke|p1|Calyrex-Shadow, L50|\n|poke|p1|Pelipper, L50, M|\n|poke|p1|Tornadus, L50, M|\n|poke|p2|Miraidon, L50|\n|poke|p2|Chien-Pao, L50|\n|poke|p2|Farigiraf, L50, F|\n|poke|p2|Zamazenta-*, L50|\n|poke|p2|Iron Hands, L50|\n|poke|p2|Volcarona, L50, M|\n|teampreview|4\n|inactive|Battle timer is ON: inactive players will automatically lose when time's up. (requested by Freecko99)\n|inactive|Freecko99 has 60 seconds left.\n|inactive|Freecko99 has 30 seconds left.\n|inactive|Freecko99 has 20 seconds left.\n|inactive|Freecko99 has 15 seconds left.\n|inactive|Freecko99 has 10 seconds left.\n|inactive|Freecko99 has 5 seconds left.\n|\n|t:|1776865115\n|teamsize|p1|4\n|teamsize|p2|4\n|start\n|switch|p1a: Indeedee|Indeedee-F, L50, F|100/100\n|switch|p1b: Zamazenta|Zamazenta-Crowned, L50|100/100\n|switch|p2a: Zamazenta|Zamazenta-Crowned, L50|100/100\n|switch|p2b: Volcarona|Volcarona, L50, M|100/100\n|-ability|p2a: Zamazenta|Dauntless Shield|boost\n|-boost|p2a: Zamazenta|def|1\n|-ability|p1b: Zamazenta|Dauntless Shield|boost\n|-boost|p1b: Zamazenta|def|1\n|-fieldstart|move: Psychic Terrain|[from] ability: Psychic Surge|[of] p1a: Indeedee\n|turn|1\n|\n|t:|1776865139\n|-terastallize|p1b: Zamazenta|Fighting\n|move|p2b: Volcarona|Quiver Dance|p2b: Volcarona\n|-boost|p2b: Volcarona|spa|1\n|-boost|p2b: Volcarona|spd|1\n|-boost|p2b: Volcarona|spe|1\n|move|p2a: Zamazenta|Body Press|p1a: Indeedee\n|-damage|p1a: Indeedee|32/100\n|move|p1b: Zamazenta|Body Press|p2a: Zamazenta\n|-supereffective|p2a: Zamazenta\n|-damage|p2a: Zamazenta|29/100\n|move|p1a: Indeedee|Psychic|p2a: Zamazenta\n|-damage|p2a: Zamazenta|6/100\n|\n|upkeep\n|turn|2\n|\n|t:|1776865160\n|switch|p1a: Calyrex|Calyrex-Shadow, L50|100/100\n|-ability|p1a: Calyrex|As One\n|-ability|p1a: Calyrex|Unnerve\n|move|p2a: Zamazenta|Protect|p2a: Zamazenta\n|-singleturn|p2a: Zamazenta|Protect\n|move|p2b: Volcarona|Fiery Dance|p1b: Zamazenta\n|-damage|p1b: Zamazenta|64/100\n|-boost|p2b: Volcarona|spa|1\n|move|p1b: Zamazenta|Body Press|p2a: Zamazenta\n|-activate|p2a: Zamazenta|move: Protect\n|\n|upkeep\n|turn|3\n|inactive|Freecko99 has 30 seconds left.\n|\n|t:|1776865189\n|move|p2a: Zamazenta|Wide Guard|p2a: Zamazenta\n|-singleturn|p2a: Zamazenta|Wide Guard\n|move|p2b: Volcarona|Struggle Bug|p1a: Calyrex|[spread] p1a,p1b\n|-resisted|p1b: Zamazenta\n|-damage|p1a: Calyrex|62/100\n|-damage|p1b: Zamazenta|52/100\n|-unboost|p1a: Calyrex|spa|1\n|-unboost|p1b: Zamazenta|spa|1\n|move|p1a: Calyrex|Expanding Force|p2b: Volcarona|[spread] \n|-activate|p2a: Zamazenta|move: Wide Guard\n|-activate|p2b: Volcarona|move: Wide Guard\n|move|p1b: Zamazenta|Body Press|p2a: Zamazenta\n|-supereffective|p2a: Zamazenta\n|-damage|p2a: Zamazenta|0 fnt\n|faint|p2a: Zamazenta\n|\n|upkeep\n|\n|t:|1776865205\n|switch|p2a: Miraidon|Miraidon, L50|100/100\n|-fieldstart|move: Electric Terrain|[from] ability: Hadron Engine|[of] p2a: Miraidon\n|turn|4\n|\n|t:|1776865216\n|switch|p1a: Indeedee|Indeedee-F, L50, F|32/100\n|-fieldstart|move: Psychic Terrain|[from] ability: Psychic Surge|[of] p1a: Indeedee\n|move|p2b: Volcarona|Struggle Bug|p1a: Indeedee|[spread] p1a,p1b\n|-supereffective|p1a: Indeedee\n|-resisted|p1b: Zamazenta\n|-damage|p1a: Indeedee|0 fnt\n|-damage|p1b: Zamazenta|41/100\n|-unboost|p1b: Zamazenta|spa|1\n|faint|p1a: Indeedee\n|move|p2a: Miraidon|Volt Switch|p1b: Zamazenta\n|-damage|p1b: Zamazenta|3/100\n|\n|t:|1776865227\n|switch|p2a: Chien-Pao|Chien-Pao, L50|100/100|[from] Volt Switch\n|-ability|p2a: Chien-Pao|Sword of Ruin\n|move|p1b: Zamazenta|Body Press|p2a: Chien-Pao\n|-supereffective|p2a: Chien-Pao\n|-enditem|p2a: Chien-Pao|Focus Sash\n|-damage|p2a: Chien-Pao|1/100\n|\n|upkeep\n|\n|t:|1776865237\n|switch|p1a: Calyrex|Calyrex-Shadow, L50|62/100\n|-ability|p1a: Calyrex|As One\n|-ability|p1a: Calyrex|Unnerve\n|turn|5\n|\n|t:|1776865255\n|switch|p2a: Miraidon|Miraidon, L50|100/100\n|-fieldstart|move: Electric Terrain|[from] ability: Hadron Engine|[of] p2a: Miraidon\n|move|p2b: Volcarona|Struggle Bug|p1a: Calyrex|[spread] p1a,p1b\n|-resisted|p1b: Zamazenta\n|-damage|p1a: Calyrex|23/100\n|-damage|p1b: Zamazenta|0 fnt\n|-unboost|p1a: Calyrex|spa|1\n|faint|p1b: Zamazenta\n|move|p1a: Calyrex|Astral Barrage|p2a: Miraidon|[spread] p2a,p2b\n|-damage|p2a: Miraidon|65/100\n|-damage|p2b: Volcarona|78/100\n|\n|-heal|p2b: Volcarona|84/100|[from] item: Leftovers\n|upkeep\n|\n|t:|1776865271\n|switch|p1b: Torkoal|Torkoal, L50, M|100/100\n|-weather|SunnyDay|[from] ability: Drought|[of] p1b: Torkoal\n|turn|6\n|\n|t:|1776865279\n|move|p1b: Torkoal|Helping Hand|p1a: Calyrex\n|-singleturn|p1a: Calyrex|Helping Hand|[of] p1b: Torkoal\n|move|p2b: Volcarona|Struggle Bug|p1a: Calyrex|[spread] p1a,p1b\n|-resisted|p1b: Torkoal\n|-crit|p1b: Torkoal\n|-damage|p1a: Calyrex|0 fnt\n|-damage|p1b: Torkoal|63/100\n|-unboost|p1b: Torkoal|spa|1\n|faint|p1a: Calyrex\n|move|p2a: Miraidon|Electro Drift|p1b: Torkoal\n|-damage|p1b: Torkoal|0 fnt\n|faint|p1b: Torkoal\n|\n|win|Freecko99\n|raw|Luca8's rating: 1591 &rarr; <strong>1568</strong><br />(-23 for losing)\n|raw|Freecko99's rating: 1537 &rarr; <strong>1560</strong><br />(+23 for winning)\n|l|\u2606Luca8\n|player|p1|\n|l|\u2606Freecko99\n|player|p2|\n","uploadtime":1776865527,"views":13,"formatid":"gen9vgc2026regi","rating":1560,"private":0,"password":null}