{"id":"gen9vgc2026regi-2567695259","format":"[Gen 9] VGC 2026 Reg I","players":["JERRY RIVERA","Geezerlad45"],"log":"|j|\u2606JERRY RIVERA\n|j|\u2606Geezerlad45\n|t:|1774505371\n|gametype|doubles\n|player|p1|JERRY RIVERA|silver|1364\n|player|p2|Geezerlad45|cynthia-gen4|1281\n|gen|9\n|tier|[Gen 9] VGC 2026 Reg I\n|rated|\n|rule|Species Clause: Limit one of each Pok\u00e9mon\n|rule|Item Clause: Limit 1 of each item\n|clearpoke\n|poke|p1|Kyogre, L50|\n|poke|p1|Calyrex-Shadow, L50|\n|poke|p1|Weezing-Galar, L50, M|\n|poke|p1|Dondozo, L50, M|\n|poke|p1|Tatsugiri-Droopy, L50, F|\n|poke|p1|Tornadus, L50, M|\n|poke|p2|Calyrex-Shadow, L50|\n|poke|p2|Urshifu-*, L50, F|\n|poke|p2|Tornadus, L50, M|\n|poke|p2|Rillaboom, L50, M|\n|poke|p2|Kyogre, L50|\n|poke|p2|Archaludon, L50, M|\n|teampreview|4\n|inactive|Battle timer is ON: inactive players will automatically lose when time's up. (requested by Geezerlad45)\n|\n|t:|1774505394\n|teamsize|p1|4\n|teamsize|p2|4\n|start\n|switch|p1a: Vino|Calyrex-Shadow, L50|100/100\n|switch|p1b: Tornadus|Tornadus, L50, M|100/100\n|switch|p2a: Calyrex|Calyrex-Shadow, L50|100/100\n|switch|p2b: Tornadus|Tornadus, L50, M|100/100\n|-ability|p2a: Calyrex|As One\n|-ability|p2a: Calyrex|Unnerve\n|-ability|p1a: Vino|As One\n|-ability|p1a: Vino|Unnerve\n|turn|1\n|\n|t:|1774505412\n|-terastallize|p1a: Vino|Water\n|move|p2b: Tornadus|Tailwind|p2b: Tornadus\n|-sidestart|p2: Geezerlad45|move: Tailwind\n|move|p2a: Calyrex|Astral Barrage|p1a: Vino|[spread] p1a,p1b\n|-damage|p1a: Vino|14/100\n|-enditem|p1b: Tornadus|Focus Sash\n|-damage|p1b: Tornadus|1/100\n|move|p1a: Vino|Astral Barrage|p2b: Tornadus|[spread] p2a,p2b\n|-supereffective|p2a: Calyrex\n|-damage|p2a: Calyrex|0 fnt\n|-damage|p2b: Tornadus|17/100\n|faint|p2a: Calyrex\n|-ability|p1a: Vino|Grim Neigh|boost\n|-boost|p1a: Vino|spa|1\n|-damage|p1a: Vino|4/100|[from] item: Life Orb\n|move|p1b: Tornadus|Bleakwind Storm|p2b: Tornadus\n|-damage|p2b: Tornadus|0 fnt\n|faint|p2b: Tornadus\n|\n|upkeep\n|\n|t:|1774505428\n|switch|p2a: Archaludon|Archaludon, L50, M|100/100\n|switch|p2b: Kyogre|Kyogre, L50|100/100\n|-weather|RainDance|[from] ability: Drizzle|[of] p2b: Kyogre\n|turn|2\n|\n|t:|1774505442\n|move|p1b: Tornadus|Tailwind|p1b: Tornadus\n|-sidestart|p1: JERRY RIVERA|move: Tailwind\n|move|p2b: Kyogre|Thunder|p1a: Vino\n|-supereffective|p1a: Vino\n|-damage|p1a: Vino|0 fnt\n|faint|p1a: Vino\n|move|p2a: Archaludon|Electro Shot||[still]\n|-prepare|p2a: Archaludon|Electro Shot\n|-boost|p2a: Archaludon|spa|1\n|-anim|p2a: Archaludon|Electro Shot|p1b: Tornadus\n|-supereffective|p1b: Tornadus\n|-damage|p1b: Tornadus|0 fnt\n|faint|p1b: Tornadus\n|\n|-weather|RainDance|[upkeep]\n|upkeep\n|\n|t:|1774505454\n|switch|p1a: Chorizo|Dondozo, L50, M|100/100\n|switch|p1b: Tatsugiri|Tatsugiri-Droopy, L50, F|100/100\n|-activate|p1b: Tatsugiri|ability: Commander|[of] p1a: Chorizo\n|-boost|p1a: Chorizo|atk|2\n|-boost|p1a: Chorizo|spa|2\n|-boost|p1a: Chorizo|spe|2\n|-boost|p1a: Chorizo|def|2\n|-boost|p1a: Chorizo|spd|2\n|turn|3\n|\n|t:|1774505472\n|-terastallize|p2a: Archaludon|Electric\n|move|p1a: Chorizo|Protect|p1a: Chorizo\n|-singleturn|p1a: Chorizo|Protect\n|move|p2b: Kyogre|Thunder|p1a: Chorizo\n|-activate|p1a: Chorizo|move: Protect\n|move|p2a: Archaludon|Electro Shot||[still]\n|-prepare|p2a: Archaludon|Electro Shot\n|-boost|p2a: Archaludon|spa|1\n|-anim|p2a: Archaludon|Electro Shot|p1a: Chorizo\n|-activate|p1a: Chorizo|move: Protect\n|\n|-weather|RainDance|[upkeep]\n|upkeep\n|turn|4\n|\n|t:|1774505484\n|move|p2b: Kyogre|Thunder|p1a: Chorizo\n|-supereffective|p1a: Chorizo\n|-damage|p1a: Chorizo|71/100\n|-status|p1a: Chorizo|par\n|move|p2a: Archaludon|Electro Shot||[still]\n|-prepare|p2a: Archaludon|Electro Shot\n|-boost|p2a: Archaludon|spa|1\n|-anim|p2a: Archaludon|Electro Shot|p1a: Chorizo\n|-supereffective|p1a: Chorizo\n|-damage|p1a: Chorizo|21/100 par\n|cant|p1a: Chorizo|par\n|\n|-weather|RainDance|[upkeep]\n|-heal|p1a: Chorizo|27/100 par|[from] item: Leftovers\n|-sideend|p2: Geezerlad45|move: Tailwind\n|upkeep\n|turn|5\n|-message|JERRY RIVERA forfeited.\n|\n|win|Geezerlad45\n|raw|JERRY RIVERA's rating: 1364 &rarr; <strong>1339</strong><br />(-25 for losing)\n|raw|Geezerlad45's rating: 1281 &rarr; <strong>1312</strong><br />(+31 for winning)\n|c|\u2606Geezerlad45|Lol\n|l|\u2606JERRY RIVERA\n|player|p1|\n","uploadtime":1774505737,"views":26,"formatid":"gen9vgc2026regi","rating":1312,"private":0,"password":null}