{"id":"gen9vgc2026regi-2544571753","format":"[Gen 9] VGC 2026 Reg I","players":["Cello L.","nivek55"],"log":"|j|\u2606Cello L.\n|j|\u2606nivek55\n|t:|1771723335\n|gametype|doubles\n|player|p1|Cello L.|psychic-gen4|\n|player|p2|nivek55|falkner|\n|gen|9\n|tier|[Gen 9] VGC 2026 Reg I\n|rated|Tournament battle\n|rule|Species Clause: Limit one of each Pok\u00e9mon\n|rule|Item Clause: Limit 1 of each item\n|raw|<div class=\"infobox\"><details class=\"readmore\" open><summary><strong>1 custom rule:</strong></summary> Open Team Sheets</details></div>\n|clearpoke\n|poke|p1|Kyogre, L50|\n|poke|p1|Calyrex-Ice, L50|\n|poke|p1|Flutter Mane, L50|\n|poke|p1|Basculegion, L50, M|\n|poke|p1|Amoonguss, L50, M|\n|poke|p1|Grimmsnarl, L50, M|\n|poke|p2|Calyrex-Ice, L50|\n|poke|p2|Lunala, L50|\n|poke|p2|Indeedee-F, L50, F|\n|poke|p2|Iron Hands, L50|\n|poke|p2|Amoonguss, L50, F|\n|poke|p2|Ursaluna-Bloodmoon, L50, M|\n|teampreview|4\n|c|\u2606nivek55|glhf\nnivek55 has agreed to open team sheets.\n|c|\u2606Cello L.|glhf\n|inactive|Battle timer is ON: inactive players will automatically lose when time's up. (requested by nivek55)\nCello L. has agreed to open team sheets.\n|showteam|p1|Kyogre||MysticWater|Drizzle|WaterSpout,OriginPulse,HydroPump,Protect||||||50|,,,,,Grass]Calyrex-Ice||Leftovers|AsOneGlastrier|GlacialLance,LeechSeed,TrickRoom,Protect||||||50|,,,,,Fairy]Flutter Mane||FocusSash|Protosynthesis|Moonblast,ShadowBall,IcyWind,Taunt||||||50|,,,,,Fairy]Basculegion||LifeOrb|SwiftSwim|WaveCrash,LastRespects,AquaJet,Protect|||M|||50|,,,,,Ghost]Amoonguss||RockyHelmet|Regenerator|Spore,RagePowder,PollenPuff,Protect|||M|||50|,,,,,Dark]Grimmsnarl||LightClay|Prankster|SpiritBreak,ThunderWave,Reflect,LightScreen|||M|||50|,,,,,Ghost\n|showteam|p2|Calyrex-Ice||ClearAmulet|AsOneGlastrier|ZenHeadbutt,GlacialLance,HighHorsepower,Protect||||||50|,,,,,Water]Lunala||SpookyPlate|ShadowShield|DazzlingGleam,MoongeistBeam,WideGuard,TrickRoom||||||50|,,,,,Normal]Indeedee-F||PsychicSeed|PsychicSurge|TrickRoom,HealPulse,FollowMe,HelpingHand|||F|||50|,,,,,Fairy]Iron Hands||AssaultVest|QuarkDrive|DrainPunch,WildCharge,FakeOut,HeavySlam||||||50|,,,,,Grass]Amoonguss||SitrusBerry|EffectSpore|Spore,SludgeBomb,Protect,RagePowder|||F|||50|,,,,,Water]Ursaluna-Bloodmoon||ThroatSpray|MindsEye|HyperVoice,EarthPower,Protect,BloodMoon|||M|||50|,,,,,Grass\n|\n|t:|1771723370\n|teamsize|p1|4\n|teamsize|p2|4\n|start\n|switch|p1a: Calyrex|Calyrex-Ice, L50|100/100\n|switch|p1b: Grimmsnarl|Grimmsnarl, L50, M|100/100\n|switch|p2a: Amoonguss|Amoonguss, L50, F|100/100\n|switch|p2b: Indeedee|Indeedee-F, L50, F, shiny|100/100\n|-ability|p1a: Calyrex|As One\n|-ability|p1a: Calyrex|Unnerve\n|-fieldstart|move: Psychic Terrain|[from] ability: Psychic Surge|[of] p2b: Indeedee\n|-enditem|p2b: Indeedee|Psychic Seed\n|-boost|p2b: Indeedee|spd|1|[from] item: Psychic Seed\n|turn|1\n|inactive|nivek55 has 30 seconds left.\n|inactive|Cello L. has 30 seconds left.\n|inactive|nivek55 has 20 seconds left.\n|inactive|nivek55 has 15 seconds left.\n|inactive|nivek55 has 10 seconds left.\n|\n|t:|1771723415\n|switch|p2b: Lunala|Lunala, L50|100/100\n|move|p2a: Amoonguss|Rage Powder|p2a: Amoonguss\n|-singleturn|p2a: Amoonguss|move: Rage Powder\n|move|p1b: Grimmsnarl|Light Screen|p1b: Grimmsnarl\n|-sidestart|p1: Cello L.|move: Light Screen\n|move|p1a: Calyrex|Glacial Lance|p2a: Amoonguss|[spread] p2a,p2b\n|-supereffective|p2a: Amoonguss\n|-damage|p2a: Amoonguss|3/100\n|-damage|p2b: Lunala|78/100\n|\n|upkeep\n|turn|2\n|\n|t:|1771723439\n|-terastallize|p1a: Calyrex|Fairy\n|move|p2b: Lunala|Moongeist Beam|p1a: Calyrex\n|-damage|p1a: Calyrex|72/100\n|move|p1b: Grimmsnarl|Spirit Break|p2a: Amoonguss\n|-resisted|p2a: Amoonguss\n|-damage|p2a: Amoonguss|0 fnt\n|faint|p2a: Amoonguss\n|move|p1a: Calyrex|Glacial Lance|p2b: Lunala\n|-damage|p2b: Lunala|22/100\n|\n|-heal|p1a: Calyrex|77/100|[from] item: Leftovers\n|upkeep\n|\n|t:|1771723445\n|switch|p2a: Calyrex|Calyrex-Ice, L50|100/100\n|-ability|p2a: Calyrex|As One\n|-ability|p2a: Calyrex|Unnerve\n|turn|3\n|\n|t:|1771723468\n|switch|p2b: Indeedee|Indeedee-F, L50, F, shiny|100/100\n|-terastallize|p2a: Calyrex|Water\n|move|p1b: Grimmsnarl|Spirit Break|p2b: Indeedee\n|-damage|p2b: Indeedee|71/100\n|-unboost|p2b: Indeedee|spa|1\n|move|p1a: Calyrex|Glacial Lance|p2b: Indeedee|[spread] p2a,p2b\n|-resisted|p2a: Calyrex\n|-damage|p2a: Calyrex|82/100\n|-damage|p2b: Indeedee|19/100\n|move|p2a: Calyrex|Glacial Lance|p1b: Grimmsnarl|[spread] p1a,p1b\n|-damage|p1a: Calyrex|43/100\n|-damage|p1b: Grimmsnarl|30/100\n|\n|-heal|p1a: Calyrex|48/100|[from] item: Leftovers\n|upkeep\n|turn|4\n|\n|t:|1771723487\n|move|p2b: Indeedee|Helping Hand|p2a: Calyrex\n|-singleturn|p2a: Calyrex|Helping Hand|[of] p2b: Indeedee\n|move|p1b: Grimmsnarl|Reflect|p1b: Grimmsnarl\n|-sidestart|p1: Cello L.|Reflect\n|move|p1a: Calyrex|Glacial Lance|p2b: Indeedee|[spread] p2a,p2b\n|-resisted|p2a: Calyrex\n|-crit|p2a: Calyrex\n|-damage|p2a: Calyrex|55/100\n|-damage|p2b: Indeedee|0 fnt\n|faint|p2b: Indeedee\n|-ability|p1a: Calyrex|Chilling Neigh|boost\n|-boost|p1a: Calyrex|atk|1\n|move|p2a: Calyrex|Glacial Lance|p1b: Grimmsnarl|[spread] p1a,p1b\n|-damage|p1a: Calyrex|12/100\n|-damage|p1b: Grimmsnarl|0 fnt\n|faint|p1b: Grimmsnarl\n|-ability|p2a: Calyrex|Chilling Neigh|boost\n|-boost|p2a: Calyrex|atk|1\n|\n|-heal|p1a: Calyrex|18/100|[from] item: Leftovers\n|upkeep\n|\n|t:|1771723503\n|switch|p1b: Kyogre|Kyogre, L50|100/100\n|switch|p2b: Lunala|Lunala, L50|22/100\n|-weather|RainDance|[from] ability: Drizzle|[of] p1b: Kyogre\n|turn|5\n|\n|t:|1771723514\n|move|p2b: Lunala|Wide Guard|p2b: Lunala\n|-singleturn|p2b: Lunala|Wide Guard\n|move|p1b: Kyogre|Water Spout|p2b: Lunala|[spread] \n|-activate|p2a: Calyrex|move: Wide Guard\n|-activate|p2b: Lunala|move: Wide Guard\n|move|p1a: Calyrex|Glacial Lance|p2b: Lunala|[spread] \n|-activate|p2a: Calyrex|move: Wide Guard\n|-activate|p2b: Lunala|move: Wide Guard\n|move|p2a: Calyrex|Glacial Lance|p1b: Kyogre|[spread] p1a,p1b\n|-resisted|p1b: Kyogre\n|-damage|p1a: Calyrex|0 fnt\n|-damage|p1b: Kyogre|70/100\n|faint|p1a: Calyrex\n|-ability|p2a: Calyrex|Chilling Neigh|boost\n|-boost|p2a: Calyrex|atk|1\n|\n|-weather|RainDance|[upkeep]\n|-fieldend|move: Psychic Terrain\n|upkeep\n|\n|t:|1771723518\n|switch|p1a: Basculegion|Basculegion, L50, M|100/100\n|turn|6\n|\n|t:|1771723535\n|move|p2b: Lunala|Wide Guard|p2b: Lunala\n|-singleturn|p2b: Lunala|Wide Guard\n|move|p1a: Basculegion|Wave Crash|p2b: Lunala\n|-damage|p2b: Lunala|0 fnt\n|faint|p2b: Lunala\n|-damage|p1a: Basculegion|93/100|[from] Recoil\n|-damage|p1a: Basculegion|83/100|[from] item: Life Orb\n|move|p1b: Kyogre|Hydro Pump|p2a: Calyrex\n|-resisted|p2a: Calyrex\n|-damage|p2a: Calyrex|10/100\n|move|p2a: Calyrex|Glacial Lance|p1b: Kyogre|[spread] p1a,p1b\n|-resisted|p1a: Basculegion\n|-resisted|p1b: Kyogre\n|-damage|p1a: Basculegion|33/100\n|-damage|p1b: Kyogre|28/100\n|\n|-weather|RainDance|[upkeep]\n|upkeep\n|turn|7\n|-message|nivek55 forfeited.\n|\n|win|Cello L.\n|n|\u2606Cello L.|cellol\n|n|\u2606nivek55|nivek55\n|l|\u2606nivek55\n|player|p2|\n|c|\u2606Cello L.|gg\n","uploadtime":1771723863,"views":10,"formatid":"gen9vgc2026regi","rating":null,"private":0,"password":null}