{"id":"gen9vgc2026regi-2565424011","format":"[Gen 9] VGC 2026 Reg I","players":["testhan92","krionin"],"log":"|j|\u2606testhan92\n|j|\u2606krionin\n|t:|1774274122\n|gametype|doubles\n|player|p1|testhan92|2|1339\n|player|p2|krionin|benga|1295\n|gen|9\n|tier|[Gen 9] VGC 2026 Reg I\n|rated|\n|rule|Species Clause: Limit one of each Pok\u00e9mon\n|rule|Item Clause: Limit 1 of each item\n|clearpoke\n|poke|p1|Lunala, L50|\n|poke|p1|Incineroar, L50, M|\n|poke|p1|Amoonguss, L50, M|\n|poke|p1|Ursaluna, L50, F|\n|poke|p1|Flutter Mane, L50|\n|poke|p1|Koraidon, L50|\n|poke|p2|Amoonguss, L50, F|\n|poke|p2|Clefairy, L50, M|\n|poke|p2|Kyogre, L50|\n|poke|p2|Farigiraf, L50, F|\n|poke|p2|Calyrex-Ice, L50|\n|poke|p2|Ogerpon-Wellspring, L50, F|\n|teampreview|4\n|inactive|Battle timer is ON: inactive players will automatically lose when time's up. (requested by krionin)\n|\n|t:|1774274154\n|teamsize|p1|4\n|teamsize|p2|4\n|start\n|switch|p1a: Amoonguss|Amoonguss, L50, M, shiny|100/100\n|switch|p1b: Incineroar|Incineroar, L50, M|100/100\n|switch|p2a: Calyrex|Calyrex-Ice, L50|100/100\n|switch|p2b: Clefairy|Clefairy, L50, M|100/100\n|-ability|p2a: Calyrex|As One\n|-ability|p2a: Calyrex|Unnerve\n|-ability|p1b: Incineroar|Intimidate|boost\n|-fail|p2a: Calyrex|unboost|[from] item: Clear Amulet|[of] p2a: Calyrex\n|-unboost|p2b: Clefairy|atk|1\n|turn|1\n|\n|t:|1774274176\n|switch|p2a: Amoonguss|Amoonguss, L50, F|100/100\n|-terastallize|p1a: Amoonguss|Water\n|move|p1b: Incineroar|Fake Out|p2b: Clefairy\n|-damage|p2b: Clefairy|91/100\n|cant|p2b: Clefairy|flinch\n|move|p1a: Amoonguss|Spore|p2a: Amoonguss\n|-immune|p2a: Amoonguss\n|\n|upkeep\n|turn|2\n|inactive|krionin has 30 seconds left.\n|\n|t:|1774274209\n|switch|p1a: Koraidon|Koraidon, L50|100/100\n|-weather|SunnyDay|[from] ability: Orichalcum Pulse|[of] p1a: Koraidon\n|-activate|p1a: Koraidon|Orichalcum Pulse|[source]\n|move|p2b: Clefairy|Protect|p2b: Clefairy\n|-singleturn|p2b: Clefairy|Protect\n|move|p1b: Incineroar|Flare Blitz|p2a: Amoonguss\n|-supereffective|p2a: Amoonguss\n|-damage|p2a: Amoonguss|5/100\n|-damage|p1b: Incineroar|66/100|[from] Recoil\n|move|p2a: Amoonguss|Spore|p1a: Koraidon\n|-status|p1a: Koraidon|slp|[from] move: Spore\n|\n|-weather|SunnyDay|[upkeep]\n|-heal|p2a: Amoonguss|11/100|[from] item: Leftovers\n|upkeep\n|turn|3\n|\n|t:|1774274243\n|switch|p2b: Calyrex|Calyrex-Ice, L50|100/100\n|-ability|p2b: Calyrex|As One\n|-ability|p2b: Calyrex|Unnerve\n|switch|p2a: Kyogre|Kyogre, L50|100/100\n|-weather|RainDance|[from] ability: Drizzle|[of] p2a: Kyogre\n|cant|p1a: Koraidon|slp\n|move|p1b: Incineroar|Parting Shot|p2a: Kyogre\n|-unboost|p2a: Kyogre|atk|1\n|-unboost|p2a: Kyogre|spa|1\n|\n|t:|1774274259\n|switch|p1b: Lunala|Lunala, L50|100/100|[from] Parting Shot\n|\n|-weather|RainDance|[upkeep]\n|upkeep\n|turn|4\n|\n|t:|1774274267\n|switch|p1a: Incineroar|Incineroar, L50, M|66/100\n|-ability|p1a: Incineroar|Intimidate|boost\n|-unboost|p2a: Kyogre|atk|1\n|-fail|p2b: Calyrex|unboost|[from] item: Clear Amulet|[of] p2b: Calyrex\n|switch|p2a: Amoonguss|Amoonguss, L50, F|44/100\n|move|p1b: Lunala|Wide Guard|p1b: Lunala\n|-singleturn|p1b: Lunala|Wide Guard\n|move|p2b: Calyrex|Trick Room|p2b: Calyrex\n|-fieldstart|move: Trick Room|[of] p2b: Calyrex\n|\n|-weather|RainDance|[upkeep]\n|-heal|p2a: Amoonguss|50/100|[from] item: Leftovers\n|upkeep\n|turn|5\n|inactive|krionin has 30 seconds left.\n|inactive|krionin has 20 seconds left.\n|\n|t:|1774274302\n|switch|p1b: Amoonguss|Amoonguss, L50, M, shiny, tera:Water|100/100\n|move|p2a: Amoonguss|Spore|p1b: Amoonguss\n|-status|p1b: Amoonguss|slp|[from] move: Spore\n|move|p2b: Calyrex|Glacial Lance|p1b: Amoonguss|[spread] p1a,p1b\n|-resisted|p1a: Incineroar\n|-resisted|p1b: Amoonguss\n|-damage|p1a: Incineroar|36/100\n|-damage|p1b: Amoonguss|79/100 slp\n|move|p1a: Incineroar|Will-O-Wisp|p2b: Calyrex\n|-status|p2b: Calyrex|brn\n|\n|-weather|RainDance|[upkeep]\n|-heal|p2a: Amoonguss|56/100|[from] item: Leftovers\n|-damage|p2b: Calyrex|95/100 brn|[from] brn\n|upkeep\n|turn|6\n|\n|t:|1774274326\n|switch|p2b: Kyogre|Kyogre, L50|100/100\n|cant|p1b: Amoonguss|slp\n|move|p2a: Amoonguss|Spore|p1a: Incineroar\n|-activate|p1a: Incineroar|item: Safety Goggles|Spore\n|move|p1a: Incineroar|Flare Blitz|p2a: Amoonguss\n|-supereffective|p2a: Amoonguss\n|-damage|p2a: Amoonguss|14/100\n|-status|p2a: Amoonguss|brn\n|-damage|p1a: Incineroar|21/100|[from] Recoil\n|\n|-weather|RainDance|[upkeep]\n|-heal|p2a: Amoonguss|20/100 brn|[from] item: Leftovers\n|-damage|p2a: Amoonguss|14/100 brn|[from] brn\n|upkeep\n|turn|7\n|\n|t:|1774274346\n|switch|p1b: Koraidon|Koraidon, L50|100/100 slp\n|-weather|SunnyDay|[from] ability: Orichalcum Pulse|[of] p1b: Koraidon\n|-activate|p1b: Koraidon|Orichalcum Pulse|[source]\n|switch|p2a: Clefairy|Clefairy, L50, M|91/100\n|move|p1a: Incineroar|Parting Shot|p2b: Kyogre\n|-unboost|p2b: Kyogre|atk|1\n|-unboost|p2b: Kyogre|spa|1\n|\n|t:|1774274356\n|switch|p1a: Amoonguss|Amoonguss, L50, M, shiny, tera:Water|100/100 slp|[from] Parting Shot\n|move|p2b: Kyogre|Water Spout|p1b: Koraidon|[spread] p1a,p1b\n|-resisted|p1a: Amoonguss\n|-resisted|p1b: Koraidon\n|-damage|p1a: Amoonguss|85/100 slp\n|-damage|p1b: Koraidon|83/100 slp\n|\n|-weather|SunnyDay|[upkeep]\n|upkeep\n|turn|8\n|\n|t:|1774274372\n|switch|p2a: Amoonguss|Amoonguss, L50, F|47/100 brn\n|switch|p2b: Calyrex|Calyrex-Ice, L50|95/100 brn\n|-ability|p2b: Calyrex|As One\n|-ability|p2b: Calyrex|Unnerve\n|cant|p1a: Amoonguss|slp\n|cant|p1b: Koraidon|slp\n|\n|-weather|SunnyDay|[upkeep]\n|-heal|p2a: Amoonguss|53/100 brn|[from] item: Leftovers\n|-damage|p2a: Amoonguss|47/100 brn|[from] brn\n|-damage|p2b: Calyrex|89/100 brn|[from] brn\n|-fieldend|move: Trick Room\n|upkeep\n|turn|9\n|inactive|testhan92 has 30 seconds left.\n|\n|t:|1774274406\n|switch|p2a: Kyogre|Kyogre, L50|100/100\n|-weather|RainDance|[from] ability: Drizzle|[of] p2a: Kyogre\n|cant|p1b: Koraidon|slp\n|cant|p1a: Amoonguss|slp\n|move|p2b: Calyrex|Trick Room|p2b: Calyrex\n|-fieldstart|move: Trick Room|[of] p2b: Calyrex\n|\n|-weather|RainDance|[upkeep]\n|-damage|p2b: Calyrex|83/100 brn|[from] brn\n|upkeep\n|turn|10\n|\n|t:|1774274426\n|switch|p1b: Incineroar|Incineroar, L50, M|21/100\n|-ability|p1b: Incineroar|Intimidate|boost\n|-unboost|p2a: Kyogre|atk|1\n|-fail|p2b: Calyrex|unboost|[from] item: Clear Amulet|[of] p2b: Calyrex\n|-terastallize|p2a: Kyogre|Water\n|-curestatus|p1a: Amoonguss|slp|[msg]\n|move|p1a: Amoonguss|Spore|p2a: Kyogre\n|-status|p2a: Kyogre|slp|[from] move: Spore\n|move|p2b: Calyrex|Glacial Lance|p1a: Amoonguss|[spread] p1a,p1b\n|-resisted|p1a: Amoonguss\n|-resisted|p1b: Incineroar\n|-crit|p1b: Incineroar\n|-damage|p1a: Amoonguss|74/100\n|-damage|p1b: Incineroar|0 fnt\n|faint|p1b: Incineroar\n|-ability|p2b: Calyrex|Chilling Neigh|boost\n|-boost|p2b: Calyrex|atk|1\n|cant|p2a: Kyogre|slp\n|\n|-weather|RainDance|[upkeep]\n|-damage|p2b: Calyrex|77/100 brn|[from] brn\n|upkeep\n|\n|t:|1774274441\n|switch|p1b: Lunala|Lunala, L50|100/100\n|turn|11\n|\n|t:|1774274452\n|switch|p2b: Amoonguss|Amoonguss, L50, F|80/100 brn\n|move|p1a: Amoonguss|Pollen Puff|p2a: Kyogre\n|-damage|p2a: Kyogre|88/100 slp\n|cant|p2a: Kyogre|slp\n|move|p1b: Lunala|Moongeist Beam|p2b: Amoonguss\n|-damage|p2b: Amoonguss|31/100 brn\n|\n|-weather|RainDance|[upkeep]\n|-heal|p2b: Amoonguss|37/100 brn|[from] item: Leftovers\n|-damage|p2b: Amoonguss|31/100 brn|[from] brn\n|upkeep\n|turn|12\n|\n|t:|1774274470\n|switch|p1b: Koraidon|Koraidon, L50|83/100 slp\n|-weather|SunnyDay|[from] ability: Orichalcum Pulse|[of] p1b: Koraidon\n|-activate|p1b: Koraidon|Orichalcum Pulse|[source]\n|move|p1a: Amoonguss|Pollen Puff|p2b: Amoonguss\n|-damage|p2b: Amoonguss|15/100 brn\n|move|p2b: Amoonguss|Spore|p1b: Koraidon\n|-fail|p1b: Koraidon|slp\n|-curestatus|p2a: Kyogre|slp|[msg]\n|move|p2a: Kyogre|Water Spout|p1a: Amoonguss|[spread] p1a,p1b\n|-resisted|p1a: Amoonguss\n|-resisted|p1b: Koraidon\n|-damage|p1a: Amoonguss|45/100\n|-damage|p1b: Koraidon|51/100 slp\n|\n|-weather|SunnyDay|[upkeep]\n|-heal|p2b: Amoonguss|20/100 brn|[from] item: Leftovers\n|-damage|p2b: Amoonguss|15/100 brn|[from] brn\n|upkeep\n|turn|13\n|\n|t:|1774274489\n|switch|p2b: Calyrex|Calyrex-Ice, L50|77/100 brn\n|-ability|p2b: Calyrex|As One\n|-ability|p2b: Calyrex|Unnerve\n|switch|p2a: Clefairy|Clefairy, L50, M|91/100\n|-curestatus|p1b: Koraidon|slp|[msg]\n|move|p1b: Koraidon|Protect|p1b: Koraidon\n|-singleturn|p1b: Koraidon|Protect\n|move|p1a: Amoonguss|Pollen Puff|p2b: Calyrex\n|-supereffective|p2b: Calyrex\n|-damage|p2b: Calyrex|57/100 brn\n|\n|-weather|SunnyDay|[upkeep]\n|-damage|p2b: Calyrex|51/100 brn|[from] brn\n|-fieldend|move: Trick Room\n|upkeep\n|turn|14\n|\n|t:|1774274513\n|switch|p1b: Lunala|Lunala, L50|100/100\n|move|p2a: Clefairy|Follow Me|p2a: Clefairy\n|-singleturn|p2a: Clefairy|move: Follow Me\n|move|p1a: Amoonguss|Spore|p2a: Clefairy\n|-status|p2a: Clefairy|slp|[from] move: Spore\n|move|p2b: Calyrex|Trick Room|p2b: Calyrex\n|-fieldstart|move: Trick Room|[of] p2b: Calyrex\n|\n|-weather|SunnyDay|[upkeep]\n|-damage|p2b: Calyrex|45/100 brn|[from] brn\n|upkeep\n|turn|15\n|inactive|krionin has 30 seconds left.\n|\n|t:|1774274538\n|cant|p2a: Clefairy|slp\n|move|p1a: Amoonguss|Pollen Puff|p2b: Calyrex\n|-supereffective|p2b: Calyrex\n|-damage|p2b: Calyrex|25/100 brn\n|move|p2b: Calyrex|Leech Seed|p1b: Lunala\n|-start|p1b: Lunala|move: Leech Seed\n|move|p1b: Lunala|Trick Room|p1b: Lunala\n|-fieldend|move: Trick Room\n|\n|-weather|SunnyDay|[upkeep]\n|-damage|p1b: Lunala|88/100|[from] Leech Seed|[of] p2b: Calyrex\n|-heal|p2b: Calyrex|39/100 brn|[silent]\n|-damage|p2b: Calyrex|33/100 brn|[from] brn\n|upkeep\n|turn|16\n|inactive|testhan92 has 30 seconds left.\n|\n|t:|1774274564\n|switch|p2a: Amoonguss|Amoonguss, L50, F|48/100 brn\n|switch|p1a: Koraidon|Koraidon, L50|51/100\n|-activate|p1a: Koraidon|ability: Orichalcum Pulse\n|move|p2b: Calyrex|Protect|p2b: Calyrex\n|-singleturn|p2b: Calyrex|Protect\n|move|p1b: Lunala|Moongeist Beam|p2a: Amoonguss\n|-damage|p2a: Amoonguss|1/100 brn\n|\n|-weather|none\n|-heal|p2a: Amoonguss|7/100 brn|[from] item: Leftovers\n|-damage|p1b: Lunala|76/100|[from] Leech Seed|[of] p2b: Calyrex\n|-heal|p2b: Calyrex|47/100 brn|[silent]\n|-damage|p2b: Calyrex|42/100 brn|[from] brn\n|-damage|p2a: Amoonguss|1/100 brn|[from] brn\n|upkeep\n|turn|17\n|inactive|krionin has 30 seconds left.\n|\n|t:|1774274592\n|switch|p2b: Kyogre|Kyogre, L50, tera:Water|88/100\n|-weather|RainDance|[from] ability: Drizzle|[of] p2b: Kyogre\n|switch|p2a: Clefairy|Clefairy, L50, M|91/100 slp\n|move|p1a: Koraidon|Close Combat|p2b: Kyogre\n|-damage|p2b: Kyogre|33/100\n|-unboost|p1a: Koraidon|def|1\n|-unboost|p1a: Koraidon|spd|1\n|-damage|p1a: Koraidon|41/100|[from] item: Life Orb\n|move|p1b: Lunala|Moongeist Beam|p2a: Clefairy\n|-damage|p2a: Clefairy|48/100 slp\n|\n|-weather|RainDance|[upkeep]\n|-damage|p1b: Lunala|64/100|[from] Leech Seed|[of] p2b: Kyogre\n|-heal|p2b: Kyogre|47/100|[silent]\n|upkeep\n|turn|18\n|inactive|krionin has 30 seconds left.\n|inactive|testhan92 has 30 seconds left.\n|\n|t:|1774274629\n|switch|p1a: Amoonguss|Amoonguss, L50, M, shiny, tera:Water|78/100\n|switch|p2b: Amoonguss|Amoonguss, L50, F|34/100 brn\n|move|p1b: Lunala|Wide Guard|p1b: Lunala\n|-singleturn|p1b: Lunala|Wide Guard\n|-curestatus|p2a: Clefairy|slp|[msg]\n|move|p2a: Clefairy|Follow Me|p2a: Clefairy\n|-singleturn|p2a: Clefairy|move: Follow Me\n|\n|-weather|RainDance|[upkeep]\n|-heal|p2b: Amoonguss|40/100 brn|[from] item: Leftovers\n|-damage|p1b: Lunala|52/100|[from] Leech Seed|[of] p2b: Amoonguss\n|-heal|p2b: Amoonguss|53/100 brn|[silent]\n|-damage|p2b: Amoonguss|47/100 brn|[from] brn\n|upkeep\n|turn|19\n|\n|t:|1774274652\n|switch|p1b: Koraidon|Koraidon, L50|41/100\n|-weather|SunnyDay|[from] ability: Orichalcum Pulse|[of] p1b: Koraidon\n|-activate|p1b: Koraidon|Orichalcum Pulse|[source]\n|switch|p2a: Calyrex|Calyrex-Ice, L50|42/100 brn\n|-ability|p2a: Calyrex|As One\n|-ability|p2a: Calyrex|Unnerve\n|move|p2b: Amoonguss|Pollen Puff|p2a: Calyrex\n|-heal|p2a: Calyrex|91/100 brn\n|move|p1a: Amoonguss|Pollen Puff|p1b: Koraidon\n|-heal|p1b: Koraidon|91/100\n|\n|-weather|SunnyDay|[upkeep]\n|-heal|p2b: Amoonguss|53/100 brn|[from] item: Leftovers\n|-damage|p2a: Calyrex|86/100 brn|[from] brn\n|-damage|p2b: Amoonguss|47/100 brn|[from] brn\n|upkeep\n|turn|20\n|inactive|testhan92 has 30 seconds left.\n|inactive|krionin has 30 seconds left.\n|inactive|krionin has 20 seconds left.\n|inactive|krionin has 15 seconds left.\n|\n|t:|1774274693\n|move|p1b: Koraidon|Flare Blitz|p2b: Amoonguss\n|-supereffective|p2b: Amoonguss\n|-damage|p2b: Amoonguss|0 fnt\n|faint|p2b: Amoonguss\n|-damage|p1b: Koraidon|72/100|[from] Recoil\n|-damage|p1b: Koraidon|62/100|[from] item: Life Orb\n|move|p1a: Amoonguss|Pollen Puff|p1b: Koraidon\n|-heal|p1b: Koraidon|100/100\n|move|p2a: Calyrex|Trick Room|p2a: Calyrex\n|-fieldstart|move: Trick Room|[of] p2a: Calyrex\n|\n|-weather|SunnyDay|[upkeep]\n|-damage|p2a: Calyrex|80/100 brn|[from] brn\n|upkeep\n|inactive|krionin has 30 seconds left.\n|\n|t:|1774274704\n|switch|p2b: Kyogre|Kyogre, L50, tera:Water|47/100\n|-weather|RainDance|[from] ability: Drizzle|[of] p2b: Kyogre\n|turn|21\n|inactive|krionin has 30 seconds left this turn.\n|inactive|testhan92 has 30 seconds left.\n|inactive|krionin has 20 seconds left.\n|inactive|testhan92 has 20 seconds left.\n|inactive|krionin has 15 seconds left.\n|\n|t:|1774274719\n|move|p1b: Koraidon|Protect|p1b: Koraidon\n|-singleturn|p1b: Koraidon|Protect\n|move|p1a: Amoonguss|Spore|p2b: Kyogre\n|-status|p2b: Kyogre|slp|[from] move: Spore\n|move|p2a: Calyrex|Glacial Lance|p1b: Koraidon|[spread] p1a\n|-activate|p1b: Koraidon|move: Protect\n|-resisted|p1a: Amoonguss\n|-damage|p1a: Amoonguss|67/100\n|cant|p2b: Kyogre|slp\n|\n|-weather|RainDance|[upkeep]\n|-damage|p2a: Calyrex|74/100 brn|[from] brn\n|upkeep\n|turn|22\n|inactive|testhan92 has 20 seconds left this turn.\n|inactive|krionin has 15 seconds left this turn.\n|inactive|testhan92 has 15 seconds left.\n|inactive|krionin has 10 seconds left.\n|inactive|testhan92 has 10 seconds left.\n|inactive|testhan92 has 5 seconds left.\n|\n|t:|1774274735\n|switch|p2b: Clefairy|Clefairy, L50, M|48/100\n|move|p1a: Amoonguss|Pollen Puff|p2a: Calyrex\n|-supereffective|p2a: Calyrex\n|-crit|p2a: Calyrex\n|-damage|p2a: Calyrex|48/100 brn\n|move|p2a: Calyrex|Glacial Lance|p1a: Amoonguss|[spread] p1a,p1b\n|-resisted|p1a: Amoonguss\n|-supereffective|p1b: Koraidon\n|-damage|p1a: Amoonguss|56/100\n|-damage|p1b: Koraidon|45/100\n|move|p1b: Koraidon|Close Combat|p2b: Clefairy\n|-resisted|p2b: Clefairy\n|-damage|p2b: Clefairy|8/100\n|-unboost|p1b: Koraidon|def|1\n|-unboost|p1b: Koraidon|spd|1\n|-damage|p1b: Koraidon|36/100|[from] item: Life Orb\n|\n|-weather|RainDance|[upkeep]\n|-damage|p2a: Calyrex|42/100 brn|[from] brn\n|upkeep\n|turn|23\n|inactive|testhan92 has 5 seconds left this turn.\n|inactive|krionin has 10 seconds left this turn.\n|inactive|krionin has 5 seconds left.\n|-message|krionin lost due to inactivity.\n|\n|win|testhan92\n|raw|testhan92's rating: 1339 &rarr; <strong>1356</strong><br />(+17 for winning)\n|raw|krionin's rating: 1295 &rarr; <strong>1273</strong><br />(-22 for losing)\n","uploadtime":1774274758,"views":19,"formatid":"gen9vgc2026regi","rating":1273,"private":0,"password":null}