{"id":"gen9vgc2026regi-2521025292","format":"[Gen 9] VGC 2026 Reg I","players":["ky123456","Avi 2007"],"log":"|j|\u2606ky123456\n|j|\u2606Avi 2007\n|t:|1768713727\n|gametype|doubles\n|player|p1|ky123456|cynthia-gen4|1461\n|player|p2|Avi 2007|palmer|1266\n|gen|9\n|tier|[Gen 9] VGC 2026 Reg I\n|rated|\n|rule|Species Clause: Limit one of each Pok\u00e9mon\n|rule|Item Clause: Limit 1 of each item\n|clearpoke\n|poke|p1|Koraidon, L50|\n|poke|p1|Calyrex-Ice, L50|\n|poke|p1|Incineroar, L50, F|\n|poke|p1|Smeargle, L50, M|\n|poke|p1|Rillaboom, L50, M|\n|poke|p1|Landorus, L50, M|\n|poke|p2|Miraidon, L50|\n|poke|p2|Dialga-Origin, L50|\n|poke|p2|Ursaluna, L50, F|\n|poke|p2|Farigiraf, L50, M|\n|poke|p2|Smeargle, L50, M|\n|poke|p2|Flutter Mane, L50|\n|teampreview|4\n|inactive|Battle timer is ON: inactive players will automatically lose when time's up. (requested by Avi 2007)\n|\n|t:|1768713771\n|teamsize|p1|4\n|teamsize|p2|4\n|start\n|switch|p1a: Calyrex|Calyrex-Ice, L50|100/100\n|switch|p1b: Rillaboom|Rillaboom, L50, M|100/100\n|switch|p2a: Dialga|Dialga-Origin, L50, shiny|100/100\n|switch|p2b: Miraidon|Miraidon, L50|100/100\n|-ability|p1a: Calyrex|As One\n|-ability|p1a: Calyrex|Unnerve\n|-fieldstart|move: Electric Terrain|[from] ability: Hadron Engine|[of] p2b: Miraidon\n|-fieldstart|move: Grassy Terrain|[from] ability: Grassy Surge|[of] p1b: Rillaboom\n|turn|1\n|\n|t:|1768713793\n|switch|p2b: Farigiraf|Farigiraf, L50, M|100/100\n|move|p1b: Rillaboom|Fake Out||[still]\n|cant|p2b: Farigiraf|ability: Armor Tail|Fake Out|[of] p1b: Rillaboom\n|move|p2a: Dialga|Flash Cannon|p1a: Calyrex\n|-supereffective|p1a: Calyrex\n|-damage|p1a: Calyrex|30/100\n|move|p1a: Calyrex|Glacial Lance|p2b: Farigiraf|[spread] p2a,p2b\n|-damage|p2a: Dialga|63/100\n|-damage|p2b: Farigiraf|60/100\n|\n|-heal|p2a: Dialga|69/100|[from] Grassy Terrain\n|-heal|p2b: Farigiraf|66/100|[from] Grassy Terrain\n|-heal|p1a: Calyrex|36/100|[from] Grassy Terrain\n|-heal|p1a: Calyrex|42/100|[from] item: Leftovers\n|upkeep\n|turn|2\n|\n|t:|1768713814\n|move|p1a: Calyrex|Protect|p1a: Calyrex\n|-singleturn|p1a: Calyrex|Protect\n|move|p1b: Rillaboom|U-turn|p2b: Farigiraf\n|-supereffective|p2b: Farigiraf\n|-damage|p2b: Farigiraf|30/100\n|\n|t:|1768713816\n|switch|p1b: Koraidon|Koraidon, L50|100/100|[from] U-turn\n|-weather|SunnyDay|[from] ability: Orichalcum Pulse|[of] p1b: Koraidon\n|-activate|p1b: Koraidon|Orichalcum Pulse|[source]\n|move|p2a: Dialga|Flash Cannon|p1a: Calyrex\n|-activate|p1a: Calyrex|move: Protect\n|move|p2b: Farigiraf|Foul Play|p1b: Koraidon\n|-resisted|p1b: Koraidon\n|-damage|p1b: Koraidon|86/100\n|\n|-weather|SunnyDay|[upkeep]\n|-heal|p1b: Koraidon|92/100|[from] Grassy Terrain\n|-heal|p2a: Dialga|74/100|[from] Grassy Terrain\n|-heal|p2b: Farigiraf|36/100|[from] Grassy Terrain\n|-heal|p1a: Calyrex|47/100|[from] Grassy Terrain\n|-heal|p1a: Calyrex|53/100|[from] item: Leftovers\n|upkeep\n|turn|3\n|\n|t:|1768713829\n|-terastallize|p2a: Dialga|Water\n|move|p1b: Koraidon|Low Kick|p2a: Dialga\n|-damage|p2a: Dialga|5/100\n|move|p2a: Dialga|Flash Cannon|p1a: Calyrex\n|-supereffective|p1a: Calyrex\n|-damage|p1a: Calyrex|0 fnt\n|faint|p1a: Calyrex\n|move|p2b: Farigiraf|Trick Room|p2b: Farigiraf\n|-fieldstart|move: Trick Room|[of] p2b: Farigiraf\n|\n|-weather|SunnyDay|[upkeep]\n|-heal|p2b: Farigiraf|42/100|[from] Grassy Terrain\n|-heal|p2a: Dialga|11/100|[from] Grassy Terrain\n|-heal|p1b: Koraidon|98/100|[from] Grassy Terrain\n|upkeep\n|\n|t:|1768713837\n|switch|p1a: Incineroar|Incineroar, L50, F|100/100\n|-ability|p1a: Incineroar|Intimidate|boost\n|-unboost|p2a: Dialga|atk|1\n|-unboost|p2b: Farigiraf|atk|1\n|turn|4\n|\n|t:|1768713859\n|move|p1a: Incineroar|Knock Off|p2a: Dialga\n|-damage|p2a: Dialga|0 fnt\n|faint|p2a: Dialga\n|move|p2b: Farigiraf|Psychic|p1b: Koraidon\n|-supereffective|p1b: Koraidon\n|-damage|p1b: Koraidon|41/100\n|move|p1b: Koraidon|Low Kick|p2b: Farigiraf\n|-damage|p2b: Farigiraf|0 fnt\n|faint|p2b: Farigiraf\n|\n|-weather|SunnyDay|[upkeep]\n|-heal|p1b: Koraidon|47/100|[from] Grassy Terrain\n|upkeep\n|\n|t:|1768713867\n|switch|p2b: Ursaluna|Ursaluna, L50, F|100/100\n|switch|p2a: Miraidon|Miraidon, L50|100/100\n|-fieldstart|move: Electric Terrain|[from] ability: Hadron Engine|[of] p2a: Miraidon\n|turn|5\n|\n|t:|1768713886\n|switch|p1a: Rillaboom|Rillaboom, L50, M|100/100\n|-fieldstart|move: Grassy Terrain|[from] ability: Grassy Surge|[of] p1a: Rillaboom\n|move|p1b: Koraidon|Protect|p1b: Koraidon\n|-singleturn|p1b: Koraidon|Protect\n|move|p2b: Ursaluna|Headlong Rush|p1a: Rillaboom\n|-resisted|p1a: Rillaboom\n|-damage|p1a: Rillaboom|62/100\n|-unboost|p2b: Ursaluna|def|1\n|-unboost|p2b: Ursaluna|spd|1\n|move|p2a: Miraidon|Draco Meteor|p1b: Koraidon\n|-activate|p1b: Koraidon|move: Protect\n|\n|-weather|SunnyDay|[upkeep]\n|-heal|p1a: Rillaboom|68/100|[from] Grassy Terrain\n|-heal|p1b: Koraidon|53/100|[from] Grassy Terrain\n|-status|p2b: Ursaluna|brn|[from] item: Flame Orb\n|upkeep\n|turn|6\n|inactive|ky123456 has 30 seconds left.\n|inactive|ky123456 has 20 seconds left.\n|inactive|ky123456 has 15 seconds left.\n|\n|t:|1768713926\n|switch|p1b: Incineroar|Incineroar, L50, F|100/100\n|-ability|p1b: Incineroar|Intimidate|boost\n|-unboost|p2a: Miraidon|atk|1\n|-unboost|p2b: Ursaluna|atk|1\n|move|p1a: Rillaboom|Fake Out|p2b: Ursaluna\n|-damage|p2b: Ursaluna|85/100 brn\n|cant|p2b: Ursaluna|flinch\n|move|p2a: Miraidon|Draco Meteor|p1b: Incineroar\n|-damage|p1b: Incineroar|12/100\n|-unboost|p2a: Miraidon|spa|2\n|\n|-weather|none\n|-heal|p2b: Ursaluna|91/100 brn|[from] Grassy Terrain\n|-heal|p1b: Incineroar|18/100|[from] Grassy Terrain\n|-heal|p1a: Rillaboom|74/100|[from] Grassy Terrain\n|-damage|p2b: Ursaluna|85/100 brn|[from] brn\n|upkeep\n|turn|7\n|inactive|ky123456 has 30 seconds left.\n|\n|t:|1768713953\n|move|p1b: Incineroar|Fake Out|p2a: Miraidon\n|-damage|p2a: Miraidon|90/100\n|move|p1a: Rillaboom|Grassy Glide|p2b: Ursaluna\n|-supereffective|p2b: Ursaluna\n|-damage|p2b: Ursaluna|17/100 brn\n|move|p2b: Ursaluna|Facade|p1a: Rillaboom\n|-damage|p1a: Rillaboom|0 fnt\n|faint|p1a: Rillaboom\n|cant|p2a: Miraidon|flinch\n|\n|-heal|p2b: Ursaluna|23/100 brn|[from] Grassy Terrain\n|-heal|p1b: Incineroar|24/100|[from] Grassy Terrain\n|-heal|p2a: Miraidon|96/100|[from] Grassy Terrain\n|-damage|p2b: Ursaluna|17/100 brn|[from] brn\n|-fieldend|move: Trick Room\n|upkeep\n|\n|t:|1768713955\n|switch|p1a: Koraidon|Koraidon, L50|53/100\n|-weather|SunnyDay|[from] ability: Orichalcum Pulse|[of] p1a: Koraidon\n|-activate|p1a: Koraidon|Orichalcum Pulse|[source]\n|turn|8\n|\n|t:|1768713973\n|-terastallize|p1a: Koraidon|Fire\n|move|p2a: Miraidon|Draco Meteor|p1a: Koraidon\n|-crit|p1a: Koraidon\n|-damage|p1a: Koraidon|0 fnt\n|-unboost|p2a: Miraidon|spa|2\n|faint|p1a: Koraidon\n|move|p1b: Incineroar|Parting Shot|p2a: Miraidon\n|-unboost|p2a: Miraidon|atk|1\n|-unboost|p2a: Miraidon|spa|1\n|move|p2b: Ursaluna|Facade|p1b: Incineroar\n|-damage|p1b: Incineroar|0 fnt\n|faint|p1b: Incineroar\n|\n|win|Avi 2007\n|raw|ky123456's rating: 1461 &rarr; <strong>1431</strong><br />(-30 for losing)\n|raw|Avi 2007's rating: 1266 &rarr; <strong>1304</strong><br />(+38 for winning)\n|l|\u2606Avi 2007\n|player|p2|\n|l|\u2606ky123456\n|player|p1|\n","uploadtime":1768714200,"views":12,"formatid":"gen9vgc2026regi","rating":1304,"private":0,"password":null}