{"id":"gen9vgc2026regi-2534124858","format":"[Gen 9] VGC 2026 Reg I","players":["Darknight918","yamato-tak"],"log":"|j|\u2606Darknight918\n|j|\u2606yamato-tak\n|t:|1770390085\n|gametype|doubles\n|player|p1|Darknight918|will|1437\n|player|p2|yamato-tak|101|1553\n|gen|9\n|tier|[Gen 9] VGC 2026 Reg I\n|rated|\n|rule|Species Clause: Limit one of each Pok\u00e9mon\n|rule|Item Clause: Limit 1 of each item\n|clearpoke\n|poke|p1|Miraidon, L50|\n|poke|p1|Calyrex-Ice, L50|\n|poke|p1|Incineroar, L50, F|\n|poke|p1|Landorus, L50, M|\n|poke|p1|Amoonguss, L50, F|\n|poke|p1|Urshifu-*, L50, M|\n|poke|p2|Miraidon, L50|\n|poke|p2|Calyrex-Ice, L50|\n|poke|p2|Volcarona, L50, F|\n|poke|p2|Araquanid, L50, M|\n|poke|p2|Grimmsnarl, L50, M|\n|poke|p2|Rillaboom, L50, F|\n|teampreview|4\n|inactive|Battle timer is ON: inactive players will automatically lose when time's up. (requested by yamato-tak)\n|inactive|yamato-tak has 60 seconds left.\n|inactive|Darknight918 has 60 seconds left.\n|inactive|Darknight918 has 30 seconds left.\n|inactive|yamato-tak has 30 seconds left.\n|\n|t:|1770390182\n|teamsize|p1|4\n|teamsize|p2|4\n|start\n|switch|p1a: Miraidon|Miraidon, L50|100/100\n|switch|p1b: Incineroar|Incineroar, L50, F|100/100\n|switch|p2a: Miraidon|Miraidon, L50, shiny|100/100\n|switch|p2b: Calyrex|Calyrex-Ice, L50|100/100\n|-ability|p2b: Calyrex|As One\n|-ability|p2b: Calyrex|Unnerve\n|-fieldstart|move: Electric Terrain|[from] ability: Hadron Engine|[of] p1a: Miraidon\n|-activate|p2a: Miraidon|ability: Hadron Engine\n|-ability|p1b: Incineroar|Intimidate|boost\n|-unboost|p2a: Miraidon|atk|1\n|-fail|p2b: Calyrex|unboost|[from] item: Clear Amulet|[of] p2b: Calyrex\n|turn|1\n|j| goshi-1\n|\n|t:|1770390199\n|switch|p2b: Grimmsnarl|Grimmsnarl, L50, M, shiny|100/100\n|-terastallize|p2a: Miraidon|Electric\n|move|p1b: Incineroar|Fake Out|p2b: Grimmsnarl\n|-damage|p2b: Grimmsnarl|89/100\n|move|p1a: Miraidon|Volt Switch|p2a: Miraidon\n|-resisted|p2a: Miraidon\n|-damage|p2a: Miraidon|74/100\n|\n|t:|1770390210\n|switch|p1a: Landorus|Landorus, L50, M|100/100|[from] Volt Switch\n|move|p2a: Miraidon|Calm Mind|p2a: Miraidon\n|-boost|p2a: Miraidon|spa|1\n|-boost|p2a: Miraidon|spd|1\n|\n|upkeep\n|turn|2\n|\n|t:|1770390225\n|move|p1a: Landorus|Protect|p1a: Landorus\n|-singleturn|p1a: Landorus|Protect\n|move|p2b: Grimmsnarl|Light Screen|p2b: Grimmsnarl\n|-sidestart|p2: yamato-tak|move: Light Screen\n|move|p2a: Miraidon|Parabolic Charge|p1b: Incineroar|[spread] p2b,p1b\n|-activate|p1a: Landorus|move: Protect\n|-damage|p2b: Grimmsnarl|41/100\n|-heal|p2a: Miraidon|98/100|[from] drain|[of] p2b: Grimmsnarl\n|-damage|p1b: Incineroar|47/100\n|-heal|p2a: Miraidon|100/100|[from] drain|[of] p1b: Incineroar\n|move|p1b: Incineroar|U-turn|p2b: Grimmsnarl\n|-damage|p2b: Grimmsnarl|19/100\n|\n|t:|1770390240\n|switch|p1b: Miraidon|Miraidon, L50|100/100|[from] U-turn\n|-activate|p1b: Miraidon|ability: Hadron Engine\n|\n|upkeep\n|turn|3\n|\n|t:|1770390262\n|move|p2b: Grimmsnarl|Reflect|p2b: Grimmsnarl\n|-sidestart|p2: yamato-tak|Reflect\n|move|p1b: Miraidon|Volt Switch|p2a: Miraidon\n|-resisted|p2a: Miraidon\n|-damage|p2a: Miraidon|89/100\n|\n|t:|1770390267\n|switch|p1b: Incineroar|Incineroar, L50, F|47/100|[from] Volt Switch\n|-ability|p1b: Incineroar|Intimidate|boost\n|-unboost|p2a: Miraidon|atk|1\n|-unboost|p2b: Grimmsnarl|atk|1\n|move|p2a: Miraidon|Calm Mind|p2a: Miraidon\n|-boost|p2a: Miraidon|spa|1\n|-boost|p2a: Miraidon|spd|1\n|move|p1a: Landorus|Sandsear Storm|p2b: Grimmsnarl|[spread] p2a,p2b\n|-supereffective|p2a: Miraidon\n|-damage|p2a: Miraidon|55/100\n|-damage|p2b: Grimmsnarl|0 fnt\n|faint|p2b: Grimmsnarl\n|\n|upkeep\n|\n|t:|1770390287\n|switch|p2b: Araquanid|Araquanid, L50, M, shiny|100/100\n|turn|4\n|inactive|Darknight918 has 30 seconds left.\n|inactive|Darknight918 has 20 seconds left.\n|\n|t:|1770390323\n|move|p1a: Landorus|Protect|p1a: Landorus\n|-singleturn|p1a: Landorus|Protect\n|move|p2a: Miraidon|Parabolic Charge|p1b: Incineroar|[spread] p2b,p1b\n|-activate|p1a: Landorus|move: Protect\n|-supereffective|p2b: Araquanid\n|-damage|p2b: Araquanid|0 fnt\n|-heal|p2a: Miraidon|98/100|[from] drain|[of] p2b: Araquanid\n|-damage|p1b: Incineroar|0 fnt\n|-heal|p2a: Miraidon|100/100|[from] drain|[of] p1b: Incineroar\n|faint|p2b: Araquanid\n|faint|p1b: Incineroar\n|\n|upkeep\n|\n|t:|1770390331\n|switch|p1b: Miraidon|Miraidon, L50|100/100\n|switch|p2b: Calyrex|Calyrex-Ice, L50|100/100\n|-ability|p2b: Calyrex|As One\n|-ability|p2b: Calyrex|Unnerve\n|-activate|p1b: Miraidon|ability: Hadron Engine\n|turn|5\n|\n|t:|1770390342\n|-terastallize|p1b: Miraidon|Electric\n|move|p1b: Miraidon|Draco Meteor|p2a: Miraidon\n|-damage|p2a: Miraidon|72/100\n|-unboost|p1b: Miraidon|spa|2\n|move|p2a: Miraidon|Calm Mind|p2a: Miraidon\n|-boost|p2a: Miraidon|spa|1\n|-boost|p2a: Miraidon|spd|1\n|move|p1a: Landorus|Earth Power|p2a: Miraidon\n|-supereffective|p2a: Miraidon\n|-damage|p2a: Miraidon|36/100\n|move|p2b: Calyrex|Glacial Lance|p1a: Landorus|[spread] p1a,p1b\n|-supereffective|p1a: Landorus\n|-crit|p1a: Landorus\n|-damage|p1a: Landorus|0 fnt\n|-damage|p1b: Miraidon|52/100\n|faint|p1a: Landorus\n|-ability|p2b: Calyrex|Chilling Neigh|boost\n|-boost|p2b: Calyrex|atk|1\n|\n|-fieldend|move: Electric Terrain\n|upkeep\n|\n|t:|1770390353\n|switch|p1a: Calyrex|Calyrex-Ice, L50|100/100\n|-ability|p1a: Calyrex|As One\n|-ability|p1a: Calyrex|Unnerve\n|turn|6\n|\n|t:|1770390368\n|move|p2b: Calyrex|Protect|p2b: Calyrex\n|-singleturn|p2b: Calyrex|Protect\n|move|p1b: Miraidon|Draco Meteor|p2b: Calyrex\n|-activate|p2b: Calyrex|move: Protect\n|move|p2a: Miraidon|Parabolic Charge|p1b: Miraidon|[spread] p1a,p1b\n|-activate|p2b: Calyrex|move: Protect\n|-resisted|p1b: Miraidon\n|-damage|p1a: Calyrex|54/100\n|-heal|p2a: Miraidon|59/100|[from] drain|[of] p1a: Calyrex\n|-damage|p1b: Miraidon|20/100\n|-heal|p2a: Miraidon|74/100|[from] drain|[of] p1b: Miraidon\n|move|p1a: Calyrex|Glacial Lance|p2a: Miraidon|[spread] p2a\n|-activate|p2b: Calyrex|move: Protect\n|-damage|p2a: Miraidon|46/100\n|\n|upkeep\n|turn|7\n|\n|t:|1770390381\n|move|p1b: Miraidon|Draco Meteor|p2a: Miraidon\n|-damage|p2a: Miraidon|38/100\n|-unboost|p1b: Miraidon|spa|2\n|move|p2a: Miraidon|Electro Drift|p1a: Calyrex\n|-damage|p1a: Calyrex|0 fnt\n|faint|p1a: Calyrex\n|move|p2b: Calyrex|Glacial Lance|p1b: Miraidon\n|-damage|p1b: Miraidon|0 fnt\n|faint|p1b: Miraidon\n|\n|win|yamato-tak\n|raw|Darknight918's rating: 1437 &rarr; <strong>1423</strong><br />(-14 for losing)\n|raw|yamato-tak's rating: 1553 &rarr; <strong>1567</strong><br />(+14 for winning)\n|l|\u2606Darknight918\n|player|p1|\n|l| goshi-1\n|c|\u2606yamato-tak|Twice is nothing\n|l|\u2606yamato-tak\n|player|p2|\n","uploadtime":1770390648,"views":15,"formatid":"gen9vgc2026regi","rating":1423,"private":0,"password":null}