{"id":"gen9vgc2026regi-2578322062","format":"[Gen 9] VGC 2026 Reg I","players":["catfoodisgood","itastelikeiron"],"log":"|j|\u2606catfoodisgood\n|j|\u2606itastelikeiron\n|t:|1775668345\n|gametype|doubles\n|player|p1|catfoodisgood|265|1475\n|player|p2|itastelikeiron|infielder|1620\n|gen|9\n|tier|[Gen 9] VGC 2026 Reg I\n|rated|\n|rule|Species Clause: Limit one of each Pok\u00e9mon\n|rule|Item Clause: Limit 1 of each item\n|clearpoke\n|poke|p1|Calyrex-Ice, L50|\n|poke|p1|Miraidon, L50|\n|poke|p1|Smeargle, L50, M|\n|poke|p1|Urshifu-*, L50, F|\n|poke|p1|Volcarona, L50, M|\n|poke|p1|Incineroar, L50, M|\n|poke|p2|Kyogre, L50|\n|poke|p2|Zacian-*, L50|\n|poke|p2|Incineroar, L50, F|\n|poke|p2|Raichu, L50, F|\n|poke|p2|Dragapult, L50, F|\n|poke|p2|Whimsicott, L50, F|\n|teampreview|4\n|\n|t:|1775668372\n|teamsize|p1|4\n|teamsize|p2|4\n|start\n|switch|p1a: Calyrex|Calyrex-Ice, L50|100/100\n|switch|p1b: Smeargle|Smeargle, L50, M|100/100\n|switch|p2a: Kyogre|Kyogre, L50|100/100\n|switch|p2b: Raichu|Raichu, L50, F|100/100\n|-ability|p1a: Calyrex|As One\n|-ability|p1a: Calyrex|Unnerve\n|-weather|RainDance|[from] ability: Drizzle|[of] p2a: Kyogre\n|turn|1\n|\n|t:|1775668393\n|move|p2b: Raichu|Fake Out|p1a: Calyrex\n|-damage|p1a: Calyrex|96/100\n|move|p1b: Smeargle|Wide Guard|p1b: Smeargle\n|-singleturn|p1b: Smeargle|Wide Guard\n|move|p2a: Kyogre|Water Spout|p1b: Smeargle|[spread] \n|-activate|p1a: Calyrex|move: Wide Guard\n|-activate|p1b: Smeargle|move: Wide Guard\n|cant|p1a: Calyrex|flinch\n|\n|-weather|RainDance|[upkeep]\n|-ability|p1b: Smeargle|Moody|boost\n|-boost|p1b: Smeargle|spa|2\n|-unboost|p1b: Smeargle|atk|1\n|upkeep\n|turn|2\n|\n|t:|1775668416\n|-terastallize|p2a: Kyogre|Water\n|-terastallize|p1a: Calyrex|Water\n|move|p2b: Raichu|Feint|p1b: Smeargle\n|-damage|p1b: Smeargle|86/100\n|move|p1b: Smeargle|Follow Me|p1b: Smeargle\n|-singleturn|p1b: Smeargle|move: Follow Me\n|move|p2a: Kyogre|Water Spout|p1a: Calyrex|[spread] p1a,p1b\n|-resisted|p1a: Calyrex\n|-damage|p1a: Calyrex|55/100\n|-damage|p1b: Smeargle|0 fnt\n|faint|p1b: Smeargle\n|move|p1a: Calyrex|Trick Room|p1a: Calyrex\n|-fieldstart|move: Trick Room|[of] p1a: Calyrex\n|\n|-weather|RainDance|[upkeep]\n|upkeep\n|\n|t:|1775668428\n|switch|p1b: Urshifu|Urshifu-Rapid-Strike, L50, F|100/100\n|turn|3\n|\n|t:|1775668436\n|switch|p2a: Incineroar|Incineroar, L50, F|100/100\n|-ability|p2a: Incineroar|Intimidate|boost\n|-fail|p1a: Calyrex|unboost|[from] item: Clear Amulet|[of] p1a: Calyrex\n|-unboost|p1b: Urshifu|atk|1\n|move|p1a: Calyrex|High Horsepower|p2a: Incineroar\n|-supereffective|p2a: Incineroar\n|-damage|p2a: Incineroar|41/100\n|-damage|p1a: Calyrex|38/100|[from] item: Rocky Helmet|[of] p2a: Incineroar\n|move|p1b: Urshifu|Surging Strikes|p2a: Incineroar\n|-supereffective|p2a: Incineroar\n|-crit|p2a: Incineroar\n|-damage|p2a: Incineroar|0 fnt\n|-damage|p1b: Urshifu|84/100|[from] item: Rocky Helmet|[of] p2a: Incineroar\n|faint|p2a: Incineroar\n|-hitcount|p2: Incineroar|1\n|move|p2b: Raichu|Thunder|p1a: Calyrex\n|-supereffective|p1a: Calyrex\n|-damage|p1a: Calyrex|0 fnt\n|faint|p1a: Calyrex\n|\n|-weather|RainDance|[upkeep]\n|upkeep\n|\n|t:|1775668468\n|switch|p1a: Volcarona|Volcarona, L50, M|100/100\n|switch|p2a: Zacian|Zacian-Crowned, L50|100/100\n|-ability|p2a: Zacian|Intrepid Sword|boost\n|-boost|p2a: Zacian|atk|1\n|turn|4\n|\n|t:|1775668479\n|move|p1a: Volcarona|Rage Powder|p1a: Volcarona\n|-singleturn|p1a: Volcarona|move: Rage Powder\n|move|p1b: Urshifu|Surging Strikes|p2b: Raichu\n|-crit|p2b: Raichu\n|-damage|p2b: Raichu|27/100\n|-crit|p2b: Raichu\n|-damage|p2b: Raichu|0 fnt\n|faint|p2b: Raichu\n|-hitcount|p2: Raichu|2\n|move|p2a: Zacian|Play Rough|p1a: Volcarona\n|-resisted|p1a: Volcarona\n|-damage|p1a: Volcarona|64/100\n|-damage|p2a: Zacian|84/100|[from] item: Rocky Helmet|[of] p1a: Volcarona\n|\n|-weather|RainDance|[upkeep]\n|upkeep\n|\n|t:|1775668486\n|switch|p2b: Kyogre|Kyogre, L50, tera:Water|100/100\n|turn|5\n|\n|t:|1775668499\n|move|p1b: Urshifu|Surging Strikes|p2a: Zacian\n|-crit|p2a: Zacian\n|-damage|p2a: Zacian|36/100\n|-crit|p2a: Zacian\n|-damage|p2a: Zacian|0 fnt\n|faint|p2a: Zacian\n|-hitcount|p2: Zacian|2\n|move|p1a: Volcarona|Struggle Bug|p2b: Kyogre\n|-damage|p2b: Kyogre|84/100\n|-unboost|p2b: Kyogre|spa|1\n|move|p2b: Kyogre|Origin Pulse|p1a: Volcarona|[spread] p1a,p1b\n|-supereffective|p1a: Volcarona\n|-crit|p1a: Volcarona\n|-resisted|p1b: Urshifu\n|-damage|p1a: Volcarona|0 fnt\n|-damage|p1b: Urshifu|46/100\n|faint|p1a: Volcarona\n|\n|-weather|none\n|upkeep\n|turn|6\n|\n|t:|1775668513\n|move|p1b: Urshifu|Surging Strikes|p2b: Kyogre\n|-resisted|p2b: Kyogre\n|-crit|p2b: Kyogre\n|-damage|p2b: Kyogre|67/100\n|-resisted|p2b: Kyogre\n|-crit|p2b: Kyogre\n|-damage|p2b: Kyogre|50/100\n|-resisted|p2b: Kyogre\n|-crit|p2b: Kyogre\n|-damage|p2b: Kyogre|31/100\n|-hitcount|p2b: Kyogre|3\n|move|p2b: Kyogre|Origin Pulse|p1b: Urshifu\n|-resisted|p1b: Urshifu\n|-damage|p1b: Urshifu|11/100\n|\n|-fieldend|move: Trick Room\n|upkeep\n|turn|7\n|\n|t:|1775668524\n|move|p2b: Kyogre|Origin Pulse|p1b: Urshifu|[miss]\n|-miss|p2b: Kyogre|p1b: Urshifu\n|move|p1b: Urshifu|Surging Strikes|p2b: Kyogre\n|-resisted|p2b: Kyogre\n|-crit|p2b: Kyogre\n|-damage|p2b: Kyogre|14/100\n|-resisted|p2b: Kyogre\n|-crit|p2b: Kyogre\n|-damage|p2b: Kyogre|0 fnt\n|faint|p2b: Kyogre\n|-hitcount|p2: Kyogre|2\n|\n|win|catfoodisgood\n|raw|catfoodisgood's rating: 1475 &rarr; <strong>1503</strong><br />(+28 for winning)\n|raw|itastelikeiron's rating: 1620 &rarr; <strong>1592</strong><br />(-28 for losing)\n|l|\u2606itastelikeiron\n|player|p2|\n","uploadtime":1775668692,"views":10,"formatid":"gen9vgc2026regi","rating":1503,"private":0,"password":null}