{"id":"gen9vgc2026regi-2558972495","format":"[Gen 9] VGC 2026 Reg I","players":["raisinsvgc","b3testing"],"log":"|j|\u2606raisinsvgc\n|j|\u2606b3testing\n|t:|1773507363\n|gametype|doubles\n|player|p1|raisinsvgc|giovanni|1389\n|player|p2|b3testing|266|1539\n|gen|9\n|tier|[Gen 9] VGC 2026 Reg I\n|rated|\n|rule|Species Clause: Limit one of each Pok\u00e9mon\n|rule|Item Clause: Limit 1 of each item\n|clearpoke\n|poke|p1|Calyrex-Shadow, L50|\n|poke|p1|Miraidon, L50|\n|poke|p1|Incineroar, L50, F|\n|poke|p1|Sneasler, L50, M|\n|poke|p1|Araquanid, L50, M|\n|poke|p1|Whimsicott, L50, M|\n|poke|p2|Terapagos, L50, M|\n|poke|p2|Calyrex-Shadow, L50|\n|poke|p2|Incineroar, L50, M|\n|poke|p2|Amoonguss, L50, M|\n|poke|p2|Tornadus, L50, M|\n|poke|p2|Smeargle, L50, M|\n|teampreview|4\n|inactive|Battle timer is ON: inactive players will automatically lose when time's up. (requested by b3testing)\n|inactive|raisinsvgc also wants the timer to be on.\n|\n|t:|1773507381\n|teamsize|p1|4\n|teamsize|p2|4\n|start\n|switch|p1a: Sneasler|Sneasler, L50, M|100/100\n|switch|p1b: Miraidon|Miraidon, L50|100/100\n|switch|p2a: Tornadus|Tornadus, L50, M|100/100\n|switch|p2b: Smeargle|Smeargle, L50, M|100/100\n|-fieldstart|move: Electric Terrain|[from] ability: Hadron Engine|[of] p1b: Miraidon\n|-enditem|p1a: Sneasler|Electric Seed\n|-boost|p1a: Sneasler|def|1|[from] item: Electric Seed\n|turn|1\n|inactive|b3testing has 30 seconds left.\n|\n|t:|1773507406\n|move|p1a: Sneasler|Fake Out|p2b: Smeargle\n|-damage|p2b: Smeargle|69/100\n|cant|p2b: Smeargle|flinch\n|move|p1b: Miraidon|Volt Switch|p2a: Tornadus\n|-supereffective|p2a: Tornadus\n|-damage|p2a: Tornadus|0 fnt\n|faint|p2a: Tornadus\n|\n|t:|1773507417\n|switch|p1b: Calyrex|Calyrex-Shadow, L50|100/100|[from] Volt Switch\n|-ability|p1b: Calyrex|As One\n|-ability|p1b: Calyrex|Unnerve\n|\n|-ability|p2b: Smeargle|Moody|boost\n|-boost|p2b: Smeargle|atk|2\n|-unboost|p2b: Smeargle|spa|1\n|upkeep\n|\n|t:|1773507425\n|switch|p2a: Terapagos|Terapagos, L50, M|100/100\n|-activate|p2a: Terapagos|ability: Tera Shift\n|detailschange|p2a: Terapagos|Terapagos-Terastal, L50, M\n|-heal|p2a: Terapagos|100/100|[silent]\n|turn|2\n|\n|t:|1773507440\n|switch|p1b: Whimsicott|Whimsicott, L50, M|100/100\n|move|p1a: Sneasler|Dire Claw|p2b: Smeargle\n|-crit|p2b: Smeargle\n|-damage|p2b: Smeargle|0 fnt\n|faint|p2b: Smeargle\n|move|p2a: Terapagos|Calm Mind|p2a: Terapagos\n|-boost|p2a: Terapagos|spa|1\n|-boost|p2a: Terapagos|spd|1\n|\n|upkeep\n|\n|t:|1773507442\n|switch|p2b: Calyrex|Calyrex-Shadow, L50|100/100\n|-ability|p2b: Calyrex|As One\n|-ability|p2b: Calyrex|Unnerve\n|turn|3\n|\n|t:|1773507456\n|-terastallize|p1a: Sneasler|Dark\n|move|p2a: Terapagos|Protect|p2a: Terapagos\n|-singleturn|p2a: Terapagos|Protect\n|move|p1b: Whimsicott|Encore|p2a: Terapagos\n|-activate|p2a: Terapagos|move: Protect\n|move|p1a: Sneasler|Dire Claw|p2b: Calyrex\n|-resisted|p2b: Calyrex\n|-damage|p2b: Calyrex|74/100\n|-status|p2b: Calyrex|par\n|move|p2b: Calyrex|Disable|p1b: Whimsicott\n|-start|p1b: Whimsicott|Disable|Encore\n|\n|upkeep\n|turn|4\n|\n|t:|1773507479\n|-terastallize|p2a: Terapagos|Stellar\n|detailschange|p2a: Terapagos|Terapagos-Stellar, L50, M, tera:Stellar\n|-heal|p2a: Terapagos|100/100|[silent]\n|-ability|p2a: Terapagos|Teraform Zero\n|-fieldend|move: Electric Terrain\n|move|p1b: Whimsicott|Fake Tears|p2a: Terapagos\n|-unboost|p2a: Terapagos|spd|2\n|move|p1a: Sneasler|Dire Claw|p2a: Terapagos\n|-crit|p2a: Terapagos\n|-damage|p2a: Terapagos|58/100\n|move|p2a: Terapagos|Tera Starstorm|p1b: Whimsicott|[spread] p1a,p1b\n|-supereffective|p1a: Sneasler\n|-damage|p1a: Sneasler|0 fnt\n|-damage|p1b: Whimsicott|29/100\n|faint|p1a: Sneasler\n|move|p2b: Calyrex|Encore|p1b: Whimsicott\n|-start|p1b: Whimsicott|Encore\n|\n|upkeep\n|\n|t:|1773507493\n|switch|p1a: Calyrex|Calyrex-Shadow, L50|100/100\n|-ability|p1a: Calyrex|As One\n|-ability|p1a: Calyrex|Unnerve\n|turn|5\n|\n|t:|1773507505\n|move|p2a: Terapagos|Protect|p2a: Terapagos\n|-singleturn|p2a: Terapagos|Protect\n|move|p1b: Whimsicott|Fake Tears|p2a: Terapagos\n|-activate|p2a: Terapagos|move: Protect\n|move|p1a: Calyrex|Astral Barrage|p2b: Calyrex|[spread] p2b\n|-activate|p2a: Terapagos|move: Protect\n|-supereffective|p2b: Calyrex\n|-damage|p2b: Calyrex|0 fnt\n|faint|p2b: Calyrex\n|-ability|p1a: Calyrex|Grim Neigh|boost\n|-boost|p1a: Calyrex|spa|1\n|\n|upkeep\n|turn|6\n|-message|b3testing forfeited.\n|\n|win|raisinsvgc\n|raw|raisinsvgc's rating: 1389 &rarr; <strong>1417</strong><br />(+28 for winning)\n|raw|b3testing's rating: 1539 &rarr; <strong>1511</strong><br />(-28 for losing)\n|l|\u2606b3testing\n|player|p2|\n|l|\u2606raisinsvgc\n|player|p1|\n","uploadtime":1773507765,"views":16,"formatid":"gen9vgc2026regi","rating":1417,"private":0,"password":null}