{"id":"gen9vgc2026regi-2523431234","format":"[Gen 9] VGC 2026 Reg I","players":["alamossauro","bullgod4ever"],"log":"|j|\u2606alamossauro\n|j|\u2606bullgod4ever\n|t:|1769024761\n|gametype|doubles\n|player|p1|alamossauro|pokemaniac|1419\n|player|p2|bullgod4ever|265|1391\n|gen|9\n|tier|[Gen 9] VGC 2026 Reg I\n|rated|\n|rule|Species Clause: Limit one of each Pok\u00e9mon\n|rule|Item Clause: Limit 1 of each item\n|clearpoke\n|poke|p1|Kyogre, L50|\n|poke|p1|Basculegion, L50, M|\n|poke|p1|Palkia, L50|\n|poke|p1|Tornadus, L50, M|\n|poke|p1|Mimikyu, L50, M|\n|poke|p1|Indeedee, L50, M|\n|poke|p2|Calyrex-Shadow, L50|\n|poke|p2|Zamazenta-*, L50|\n|poke|p2|Chien-Pao, L50|\n|poke|p2|Dragonite, L50, M|\n|poke|p2|Amoonguss, L50, F|\n|poke|p2|Ogerpon-Cornerstone, L50, F|\n|teampreview|4\n|\n|t:|1769024790\n|teamsize|p1|4\n|teamsize|p2|4\n|start\n|switch|p1a: Kyogre|Kyogre, L50|100/100\n|switch|p1b: Indeedee|Indeedee, L50, M|100/100\n|switch|p2a: Chien-Pao|Chien-Pao, L50|100/100\n|switch|p2b: Zamazenta|Zamazenta-Crowned, L50|100/100\n|-fieldstart|move: Psychic Terrain|[from] ability: Psychic Surge|[of] p1b: Indeedee\n|-ability|p2a: Chien-Pao|Sword of Ruin\n|-ability|p2b: Zamazenta|Dauntless Shield|boost\n|-boost|p2b: Zamazenta|def|1\n|-weather|RainDance|[from] ability: Drizzle|[of] p1a: Kyogre\n|turn|1\n|\n|t:|1769024820\n|-terastallize|p2b: Zamazenta|Dragon\n|move|p1b: Indeedee|Dazzling Gleam|p2a: Chien-Pao|[spread] p2a,p2b\n|-supereffective|p2a: Chien-Pao\n|-supereffective|p2b: Zamazenta\n|-damage|p2a: Chien-Pao|69/100\n|-damage|p2b: Zamazenta|74/100\n|move|p2a: Chien-Pao|Ruination|p1a: Kyogre\n|-damage|p1a: Kyogre|50/100\n|move|p2b: Zamazenta|Body Press|p1a: Kyogre\n|-damage|p1a: Kyogre|0 fnt\n|faint|p1a: Kyogre\n|\n|-weather|RainDance|[upkeep]\n|upkeep\n|\n|t:|1769024843\n|switch|p1a: Palkia|Palkia, L50|100/100\n|turn|2\n|\n|t:|1769024857\n|move|p2b: Zamazenta|Protect|p2b: Zamazenta\n|-singleturn|p2b: Zamazenta|Protect\n|move|p1b: Indeedee|Dazzling Gleam|p2b: Zamazenta|[spread] p2a\n|-activate|p2b: Zamazenta|move: Protect\n|-supereffective|p2a: Chien-Pao\n|-damage|p2a: Chien-Pao|37/100\n|move|p2a: Chien-Pao|Ice Spinner|p1a: Palkia\n|-damage|p1a: Palkia|63/100\n|-fieldend|move: Psychic Terrain\n|move|p1a: Palkia|Spacial Rend|p2b: Zamazenta\n|-activate|p2b: Zamazenta|move: Protect\n|\n|-weather|RainDance|[upkeep]\n|upkeep\n|turn|3\n|\n|t:|1769024888\n|move|p1b: Indeedee|Dazzling Gleam|p2b: Zamazenta|[spread] p2a,p2b\n|-supereffective|p2a: Chien-Pao\n|-supereffective|p2b: Zamazenta\n|-damage|p2a: Chien-Pao|7/100\n|-damage|p2b: Zamazenta|47/100\n|move|p2a: Chien-Pao|Ruination|p1a: Palkia\n|-damage|p1a: Palkia|32/100\n|move|p2b: Zamazenta|Body Press|p1a: Palkia\n|-damage|p1a: Palkia|0 fnt\n|faint|p1a: Palkia\n|\n|-weather|RainDance|[upkeep]\n|upkeep\n|\n|t:|1769024901\n|switch|p1a: Basculegion|Basculegion, L50, M|100/100\n|turn|4\n|\n|t:|1769024913\n|-terastallize|p1a: Basculegion|Rock\n|move|p2b: Zamazenta|Wide Guard|p2b: Zamazenta\n|-singleturn|p2b: Zamazenta|Wide Guard\n|move|p2a: Chien-Pao|Sucker Punch|p1a: Basculegion\n|-damage|p1a: Basculegion|54/100\n|move|p1a: Basculegion|Last Respects|p2b: Zamazenta\n|-damage|p2b: Zamazenta|0 fnt\n|faint|p2b: Zamazenta\n|move|p1b: Indeedee|Dazzling Gleam|p2a: Chien-Pao\n|-activate|p2a: Chien-Pao|move: Wide Guard\n|\n|-weather|RainDance|[upkeep]\n|upkeep\n|\n|t:|1769024946\n|switch|p2b: Calyrex|Calyrex-Shadow, L50|100/100\n|-ability|p2b: Calyrex|As One\n|-ability|p2b: Calyrex|Unnerve\n|turn|5\n|\n|t:|1769024961\n|move|p2b: Calyrex|Protect|p2b: Calyrex\n|-singleturn|p2b: Calyrex|Protect\n|move|p2a: Chien-Pao|Sucker Punch|p1b: Indeedee\n|-supereffective|p1b: Indeedee\n|-damage|p1b: Indeedee|0 fnt\n|faint|p1b: Indeedee\n|move|p1a: Basculegion|Last Respects|p2b: Calyrex\n|-activate|p2b: Calyrex|move: Protect\n|\n|-weather|none\n|upkeep\n|turn|6\n|-message|alamossauro forfeited.\n|\n|win|bullgod4ever\n|raw|alamossauro's rating: 1419 &rarr; <strong>1397</strong><br />(-22 for losing)\n|raw|bullgod4ever's rating: 1391 &rarr; <strong>1413</strong><br />(+22 for winning)\n|l|\u2606alamossauro\n|player|p1|\n|l|\u2606bullgod4ever\n|player|p2|\n","uploadtime":1769025147,"views":28,"formatid":"gen9vgc2026regi","rating":1397,"private":0,"password":null}