{"id":"gen9vgc2026regi-2525216667","format":"[Gen 9] VGC 2026 Reg I","players":["Unskilled99","marcxhenry"],"log":"|j|\u2606Unskilled99\n|j|\u2606marcxhenry\n|t:|1769250948\n|gametype|doubles\n|player|p1|Unskilled99|unknown|1617\n|player|p2|marcxhenry|hilbert-wonderlauncher|1449\n|gen|9\n|tier|[Gen 9] VGC 2026 Reg I\n|rated|\n|rule|Species Clause: Limit one of each Pok\u00e9mon\n|rule|Item Clause: Limit 1 of each item\n|clearpoke\n|poke|p1|Calyrex-Shadow, L50|\n|poke|p1|Zamazenta-*, L50|\n|poke|p1|Chien-Pao, L50|\n|poke|p1|Dragonite, L50, M|\n|poke|p1|Raging Bolt, L50|\n|poke|p1|Amoonguss, L50, F|\n|poke|p2|Calyrex-Shadow, L50|\n|poke|p2|Urshifu-*, L50, M|\n|poke|p2|Roaring Moon, L50|\n|poke|p2|Kyogre, L50|\n|poke|p2|Tsareena, L50, F|\n|poke|p2|Kingambit, L50, M|\n|teampreview|4\n|\n|t:|1769250986\n|teamsize|p1|4\n|teamsize|p2|4\n|start\n|switch|p1a: Zamazenta|Zamazenta-Crowned, L50|100/100\n|switch|p1b: Chien-Pao|Chien-Pao, L50|100/100\n|switch|p2a: Ludwig|Calyrex-Shadow, L50|100/100\n|switch|p2b: Roter Baron|Roaring Moon, L50, shiny|100/100\n|-ability|p2a: Ludwig|As One\n|-ability|p2a: Ludwig|Unnerve\n|-ability|p1b: Chien-Pao|Sword of Ruin\n|-ability|p1a: Zamazenta|Dauntless Shield|boost\n|-boost|p1a: Zamazenta|def|1\n|-enditem|p2b: Roter Baron|Booster Energy\n|-activate|p2b: Roter Baron|ability: Protosynthesis|[fromitem]\n|-start|p2b: Roter Baron|protosynthesisspe\n|turn|1\n|\n|t:|1769251002\n|-terastallize|p2b: Roter Baron|Flying\n|move|p2b: Roter Baron|Acrobatics|p1b: Chien-Pao\n|-damage|p1b: Chien-Pao|27/100\n|move|p2a: Ludwig|Astral Barrage|p1b: Chien-Pao|[spread] p1a,p1b\n|-resisted|p1b: Chien-Pao\n|-damage|p1a: Zamazenta|63/100\n|-damage|p1b: Chien-Pao|1/100\n|move|p1b: Chien-Pao|Ice Spinner|p2a: Ludwig\n|-damage|p2a: Ludwig|46/100\n|move|p1a: Zamazenta|Body Press|p2b: Roter Baron\n|-resisted|p2b: Roter Baron\n|-damage|p2b: Roter Baron|49/100\n|\n|upkeep\n|turn|2\n|\n|t:|1769251048\n|switch|p2a: Eva|Tsareena, L50, F, shiny|100/100\n|move|p1a: Zamazenta|Wide Guard|p1a: Zamazenta\n|-singleturn|p1a: Zamazenta|Wide Guard\n|move|p2b: Roter Baron|Acrobatics|p1b: Chien-Pao\n|-damage|p1b: Chien-Pao|0 fnt\n|faint|p1b: Chien-Pao\n|\n|upkeep\n|\n|t:|1769251054\n|switch|p1b: Raging Bolt|Raging Bolt, L50|100/100\n|-enditem|p1b: Raging Bolt|Booster Energy\n|-activate|p1b: Raging Bolt|ability: Protosynthesis|[fromitem]\n|-start|p1b: Raging Bolt|protosynthesisspa\n|turn|3\n|\n|t:|1769251073\n|move|p2b: Roter Baron|Protect|p2b: Roter Baron\n|-singleturn|p2b: Roter Baron|Protect\n|move|p1b: Raging Bolt|Protect|p1b: Raging Bolt\n|-singleturn|p1b: Raging Bolt|Protect\n|move|p1a: Zamazenta|Body Press|p2a: Eva\n|-damage|p2a: Eva|22/100\n|move|p2a: Eva|Triple Axel|p1b: Raging Bolt\n|-activate|p1b: Raging Bolt|move: Protect\n|\n|upkeep\n|turn|4\n|\n|t:|1769251100\n|-terastallize|p1b: Raging Bolt|Electric\n|move|p2a: Eva|Protect|p2a: Eva\n|-singleturn|p2a: Eva|Protect\n|move|p2b: Roter Baron|Tailwind|p2b: Roter Baron\n|-sidestart|p2: marcxhenry|move: Tailwind\n|move|p1a: Zamazenta|Body Press|p2a: Eva\n|-activate|p2a: Eva|move: Protect\n|move|p1b: Raging Bolt|Thunderbolt|p2b: Roter Baron\n|-supereffective|p2b: Roter Baron\n|-damage|p2b: Roter Baron|0 fnt\n|faint|p2b: Roter Baron\n|-end|p2b: Roter Baron|Protosynthesis|[silent]\n|\n|upkeep\n|\n|t:|1769251111\n|switch|p2b: Tripitz|Kyogre, L50, shiny|100/100\n|-weather|RainDance|[from] ability: Drizzle|[of] p2b: Tripitz\n|turn|5\n|\n|t:|1769251121\n|move|p1a: Zamazenta|Protect|p1a: Zamazenta\n|-singleturn|p1a: Zamazenta|Protect\n|move|p1b: Raging Bolt|Protect|p1b: Raging Bolt\n|-singleturn|p1b: Raging Bolt|Protect\n|move|p2b: Tripitz|Hydro Pump|p1b: Raging Bolt\n|-activate|p1b: Raging Bolt|move: Protect\n|move|p2a: Eva|Power Whip|p1b: Raging Bolt\n|-activate|p1b: Raging Bolt|move: Protect\n|\n|-weather|RainDance|[upkeep]\n|upkeep\n|turn|6\n|\n|t:|1769251137\n|move|p1a: Zamazenta|Wide Guard|p1a: Zamazenta\n|-singleturn|p1a: Zamazenta|Wide Guard\n|move|p2b: Tripitz|Water Spout|p1b: Raging Bolt|[spread] \n|-activate|p1a: Zamazenta|move: Wide Guard\n|-activate|p1b: Raging Bolt|move: Wide Guard\n|move|p2a: Eva|Power Whip|p1b: Raging Bolt\n|-damage|p1b: Raging Bolt|48/100\n|move|p1b: Raging Bolt|Dragon Pulse|p2a: Eva\n|-damage|p2a: Eva|0 fnt\n|faint|p2a: Eva\n|\n|-weather|RainDance|[upkeep]\n|upkeep\n|-message|marcxhenry forfeited.\n|\n|win|Unskilled99\n|raw|Unskilled99's rating: 1617 &rarr; <strong>1628</strong><br />(+11 for winning)\n|raw|marcxhenry's rating: 1449 &rarr; <strong>1438</strong><br />(-11 for losing)\n|l|\u2606marcxhenry\n|player|p2|\n|l|\u2606Unskilled99\n|player|p1|\n","uploadtime":1769251295,"views":17,"formatid":"gen9vgc2026regi","rating":1438,"private":0,"password":null}