{"id":"gen9vgc2026regi-2561530882","format":"[Gen 9] VGC 2026 Reg I","players":["gamerninjaa","It'sJustKen VGC"],"log":"|j|\u2606gamerninjaa\n|j|\u2606It'sJustKen VGC\n|t:|1773807729\n|gametype|doubles\n|player|p1|gamerninjaa|steven|1345\n|player|p2|It'sJustKen VGC|1|1380\n|gen|9\n|tier|[Gen 9] VGC 2026 Reg I\n|rated|\n|rule|Species Clause: Limit one of each Pok\u00e9mon\n|rule|Item Clause: Limit 1 of each item\n|clearpoke\n|poke|p1|Koraidon, L50|\n|poke|p1|Lunala, L50|\n|poke|p1|Chi-Yu, L50|\n|poke|p1|Flutter Mane, L50|\n|poke|p1|Brute Bonnet, L50|\n|poke|p1|Ursaluna, L50, F|\n|poke|p2|Iron Hands, L50|\n|poke|p2|Incineroar, L50, M|\n|poke|p2|Calyrex-Shadow, L50|\n|poke|p2|Whimsicott, L50, F|\n|poke|p2|Farigiraf, L50, M|\n|poke|p2|Miraidon, L50|\n|teampreview|4\n|inactive|Battle timer is ON: inactive players will automatically lose when time's up. (requested by gamerninjaa)\n|inactive|It'sJustKen VGC also wants the timer to be on.\n|\n|t:|1773807754\n|teamsize|p1|4\n|teamsize|p2|4\n|start\n|switch|p1a: Chi-Yu|Chi-Yu, L50, shiny|100/100\n|switch|p1b: Koraidon|Koraidon, L50, shiny|100/100\n|switch|p2a: Farigiraf|Farigiraf, L50, M|100/100\n|switch|p2b: Miraidon|Miraidon, L50, shiny|100/100\n|-ability|p1a: Chi-Yu|Beads of Ruin\n|-weather|SunnyDay|[from] ability: Orichalcum Pulse|[of] p1b: Koraidon\n|-activate|p1b: Koraidon|Orichalcum Pulse|[source]\n|-fieldstart|move: Electric Terrain|[from] ability: Hadron Engine|[of] p2b: Miraidon\n|-enditem|p2a: Farigiraf|Electric Seed\n|-boost|p2a: Farigiraf|def|1|[from] item: Electric Seed\n|turn|1\n|\n|t:|1773807778\n|switch|p2b: Incineroar|Incineroar, L50, M|100/100\n|-ability|p2b: Incineroar|Intimidate|boost\n|-unboost|p1a: Chi-Yu|atk|1\n|-unboost|p1b: Koraidon|atk|1\n|-terastallize|p1b: Koraidon|Fire\n|-terastallize|p2a: Farigiraf|Water\n|move|p1a: Chi-Yu|Snarl|p2b: Incineroar|[spread] p2a,p2b\n|-resisted|p2b: Incineroar\n|-damage|p2a: Farigiraf|68/100\n|-damage|p2b: Incineroar|88/100\n|-unboost|p2a: Farigiraf|spa|1\n|-unboost|p2b: Incineroar|spa|1\n|move|p1b: Koraidon|Flame Charge|p2a: Farigiraf\n|-resisted|p2a: Farigiraf\n|-damage|p2a: Farigiraf|52/100\n|-boost|p1b: Koraidon|spe|1\n|-damage|p1b: Koraidon|91/100|[from] item: Life Orb\n|move|p2a: Farigiraf|Trick Room|p2a: Farigiraf\n|-fieldstart|move: Trick Room|[of] p2a: Farigiraf\n|\n|-weather|SunnyDay|[upkeep]\n|upkeep\n|turn|2\n|\n|t:|1773807797\n|switch|p1a: Flutter Mane|Flutter Mane, L50|100/100\n|-activate|p1a: Flutter Mane|ability: Protosynthesis\n|-start|p1a: Flutter Mane|protosynthesisspe\n|switch|p1b: Lunala|Lunala, L50, shiny|100/100\n|move|p2a: Farigiraf|Helping Hand|p2b: Incineroar\n|-singleturn|p2b: Incineroar|Helping Hand|[of] p2a: Farigiraf\n|move|p2b: Incineroar|Flare Blitz|p1a: Flutter Mane\n|-enditem|p1a: Flutter Mane|Focus Sash\n|-damage|p1a: Flutter Mane|1/100\n|-damage|p2b: Incineroar|66/100|[from] Recoil\n|\n|-weather|SunnyDay|[upkeep]\n|upkeep\n|turn|3\n|\n|t:|1773807805\n|move|p2a: Farigiraf|Helping Hand|p2b: Incineroar\n|-singleturn|p2b: Incineroar|Helping Hand|[of] p2a: Farigiraf\n|move|p1a: Flutter Mane|Protect|p1a: Flutter Mane\n|-singleturn|p1a: Flutter Mane|Protect\n|move|p2b: Incineroar|Knock Off|p1b: Lunala\n|-supereffective|p1b: Lunala\n|-damage|p1b: Lunala|10/100\n|-enditem|p1b: Lunala|Power Herb|[from] move: Knock Off|[of] p2b: Incineroar\n|move|p1b: Lunala|Trick Room|p1b: Lunala\n|-fieldend|move: Trick Room\n|\n|-weather|SunnyDay|[upkeep]\n|upkeep\n|turn|4\n|\n|t:|1773807823\n|move|p1a: Flutter Mane|Moonblast|p2a: Farigiraf\n|-damage|p2a: Farigiraf|1/100\n|-unboost|p2a: Farigiraf|spa|1\n|move|p1b: Lunala|Meteor Beam||[still]\n|-prepare|p1b: Lunala|Meteor Beam\n|-boost|p1b: Lunala|spa|1\n|move|p2b: Incineroar|U-turn|p1a: Flutter Mane\n|-resisted|p1a: Flutter Mane\n|-damage|p1a: Flutter Mane|0 fnt\n|faint|p1a: Flutter Mane\n|-end|p1a: Flutter Mane|Protosynthesis|[silent]\n|\n|t:|1773807831\n|switch|p2b: Iron Hands|Iron Hands, L50|100/100|[from] U-turn\n|-activate|p2b: Iron Hands|ability: Quark Drive\n|-start|p2b: Iron Hands|quarkdriveatk\n|move|p2a: Farigiraf|Trick Room|p2a: Farigiraf\n|-fieldstart|move: Trick Room|[of] p2a: Farigiraf\n|\n|-weather|SunnyDay|[upkeep]\n|upkeep\n|\n|t:|1773807838\n|switch|p1a: Koraidon|Koraidon, L50, shiny, tera:Fire|91/100\n|-activate|p1a: Koraidon|ability: Orichalcum Pulse\n|turn|5\n|\n|t:|1773807843\n|move|p1a: Koraidon|Protect|p1a: Koraidon\n|-singleturn|p1a: Koraidon|Protect\n|move|p2b: Iron Hands|Fake Out|p1a: Koraidon\n|-activate|p1a: Koraidon|move: Protect\n|move|p2a: Farigiraf|Psychic|p1b: Lunala\n|-resisted|p1b: Lunala\n|-damage|p1b: Lunala|3/100\n|move|p1b: Lunala|Meteor Beam|p2b: Iron Hands|[from] lockedmove\n|-resisted|p2b: Iron Hands\n|-damage|p2b: Iron Hands|85/100\n|\n|-weather|none\n|-fieldend|move: Electric Terrain\n|-end|p2b: Iron Hands|Quark Drive\n|upkeep\n|turn|6\n|inactive|gamerninjaa has 30 seconds left.\n|\n|t:|1773807874\n|switch|p1b: Chi-Yu|Chi-Yu, L50, shiny|100/100\n|-ability|p1b: Chi-Yu|Beads of Ruin\n|move|p2b: Iron Hands|Low Kick|p1a: Koraidon\n|-damage|p1a: Koraidon|27/100\n|move|p2a: Farigiraf|Psychic|p1b: Chi-Yu\n|-immune|p1b: Chi-Yu\n|move|p1a: Koraidon|Flame Charge|p2a: Farigiraf\n|-resisted|p2a: Farigiraf\n|-damage|p2a: Farigiraf|0 fnt\n|-boost|p1a: Koraidon|spe|1\n|faint|p2a: Farigiraf\n|-damage|p1a: Koraidon|18/100|[from] item: Life Orb\n|\n|upkeep\n|\n|t:|1773807878\n|switch|p2a: Miraidon|Miraidon, L50, shiny|100/100\n|-fieldstart|move: Electric Terrain|[from] ability: Hadron Engine|[of] p2a: Miraidon\n|-activate|p2b: Iron Hands|ability: Quark Drive\n|-start|p2b: Iron Hands|quarkdriveatk\n|turn|7\n|inactive|gamerninjaa has 30 seconds left.\n|\n|t:|1773807903\n|switch|p1a: Lunala|Lunala, L50, shiny|3/100\n|move|p2b: Iron Hands|Wild Charge|p1a: Lunala\n|-damage|p1a: Lunala|0 fnt\n|faint|p1a: Lunala\n|-damage|p2b: Iron Hands|84/100|[from] Recoil\n|move|p2a: Miraidon|Electro Drift|p1b: Chi-Yu\n|-damage|p1b: Chi-Yu|0 fnt\n|faint|p1b: Chi-Yu\n|\n|upkeep\n|-message|gamerninjaa forfeited.\n|\n|win|It'sJustKen VGC\n|raw|gamerninjaa's rating: 1345 &rarr; <strong>1327</strong><br />(-18 for losing)\n|raw|It&apos;sJustKen VGC's rating: 1380 &rarr; <strong>1398</strong><br />(+18 for winning)\n|l|\u2606gamerninjaa\n|player|p1|\n|l|\u2606It'sJustKen VGC\n|player|p2|\n","uploadtime":1773807910,"views":10,"formatid":"gen9vgc2026regi","rating":1327,"private":0,"password":null}