{"id":"gen9vgc2026regi-2565176561","format":"[Gen 9] VGC 2026 Reg I","players":["big head edd","Mirthinion"],"log":"|j|\u2606big head edd\n|j|\u2606Mirthinion\n|t:|1774238779\n|gametype|doubles\n|player|p1|big head edd|psychic-gen3rs|1305\n|player|p2|Mirthinion|janitor|1374\n|gen|9\n|tier|[Gen 9] VGC 2026 Reg I\n|rated|\n|rule|Species Clause: Limit one of each Pok\u00e9mon\n|rule|Item Clause: Limit 1 of each item\n|clearpoke\n|poke|p1|Tornadus, L50, M|\n|poke|p1|Kyogre, L50|\n|poke|p1|Miraidon, L50|\n|poke|p1|Iron Hands, L50|\n|poke|p1|Tsareena, L50, F|\n|poke|p1|Urshifu-*, L50, M|\n|poke|p2|Calyrex-Shadow, L50|\n|poke|p2|Zamazenta-*, L50|\n|poke|p2|Urshifu-*, L50, M|\n|poke|p2|Incineroar, L50, M|\n|poke|p2|Rillaboom, L50, M|\n|poke|p2|Tornadus, L50, M|\n|teampreview|4\n|inactive|Battle timer is ON: inactive players will automatically lose when time's up. (requested by Mirthinion)\n|inactive|big head edd also wants the timer to be on.\nMirthinion rejected open team sheets.\n|\n|t:|1774238799\n|teamsize|p1|4\n|teamsize|p2|4\n|start\n|switch|p1a: Miraidon|Miraidon, L50|100/100\n|switch|p1b: Tsareena|Tsareena, L50, F, shiny|100/100\n|switch|p2a: Vangwe|Tornadus, L50, M|100/100\n|switch|p2b: Beowulf|Urshifu-Rapid-Strike, L50, M|100/100\n|-fieldstart|move: Electric Terrain|[from] ability: Hadron Engine|[of] p1a: Miraidon\n|turn|1\n|\n|t:|1774238823\n|move|p1b: Tsareena|Helping Hand|p1a: Miraidon\n|-singleturn|p1a: Miraidon|Helping Hand|[of] p1b: Tsareena\n|move|p2a: Vangwe|Tailwind|p2a: Vangwe\n|-sidestart|p2: Mirthinion|move: Tailwind\n|move|p2b: Beowulf|U-turn|p1b: Tsareena\n|-supereffective|p1b: Tsareena\n|-damage|p1b: Tsareena|3/100\n|\n|t:|1774238830\n|switch|p2b: Mithrandir|Calyrex-Shadow, L50|100/100|[from] U-turn\n|-ability|p2b: Mithrandir|As One\n|-ability|p2b: Mithrandir|Unnerve\n|move|p1a: Miraidon|Dazzling Gleam|p2a: Vangwe|[spread] p2a,p2b\n|-damage|p2a: Vangwe|28/100\n|-damage|p2b: Mithrandir|33/100\n|\n|upkeep\n|turn|2\n|\n|t:|1774238853\n|move|p1b: Tsareena|Helping Hand|p1a: Miraidon\n|-singleturn|p1a: Miraidon|Helping Hand|[of] p1b: Tsareena\n|move|p2b: Mithrandir|Protect|p2b: Mithrandir\n|-singleturn|p2b: Mithrandir|Protect\n|move|p2a: Vangwe|Bleakwind Storm|p1a: Miraidon|[spread] p1a,p1b\n|-resisted|p1a: Miraidon\n|-supereffective|p1b: Tsareena\n|-damage|p1a: Miraidon|84/100\n|-damage|p1b: Tsareena|0 fnt\n|faint|p1b: Tsareena\n|move|p1a: Miraidon|Dazzling Gleam|p2a: Vangwe|[spread] p2a\n|-activate|p2b: Mithrandir|move: Protect\n|-damage|p2a: Vangwe|0 fnt\n|faint|p2a: Vangwe\n|\n|upkeep\n|\n|t:|1774238868\n|switch|p2a: Drambor|Zamazenta-Crowned, L50|100/100\n|switch|p1b: Iron Hands|Iron Hands, L50, shiny|100/100\n|-ability|p2a: Drambor|Dauntless Shield|boost\n|-boost|p2a: Drambor|def|1\n|-activate|p1b: Iron Hands|ability: Quark Drive\n|-start|p1b: Iron Hands|quarkdriveatk\n|turn|3\n|\n|t:|1774238888\n|-terastallize|p2a: Drambor|Grass\n|move|p2a: Drambor|Wide Guard|p2a: Drambor\n|-singleturn|p2a: Drambor|Wide Guard\n|move|p2b: Mithrandir|Astral Barrage|p1a: Miraidon|[spread] p1a,p1b\n|-damage|p1a: Miraidon|41/100\n|-damage|p1b: Iron Hands|73/100\n|move|p1a: Miraidon|Dazzling Gleam|p2b: Mithrandir|[spread] \n|-activate|p2a: Drambor|move: Wide Guard\n|-activate|p2b: Mithrandir|move: Wide Guard\n|move|p1b: Iron Hands|Wild Charge|p2b: Mithrandir\n|-damage|p2b: Mithrandir|0 fnt\n|faint|p2b: Mithrandir\n|-damage|p1b: Iron Hands|66/100|[from] Recoil\n|\n|upkeep\n|\n|t:|1774238903\n|switch|p2b: Beowulf|Urshifu-Rapid-Strike, L50, M|100/100\n|turn|4\n|\n|t:|1774238922\n|move|p2a: Drambor|Body Press|p1a: Miraidon\n|-crit|p1a: Miraidon\n|-damage|p1a: Miraidon|0 fnt\n|faint|p1a: Miraidon\n|move|p2b: Beowulf|Surging Strikes|p1b: Iron Hands\n|-crit|p1b: Iron Hands\n|-damage|p1b: Iron Hands|46/100\n|-crit|p1b: Iron Hands\n|-damage|p1b: Iron Hands|26/100\n|-crit|p1b: Iron Hands\n|-damage|p1b: Iron Hands|5/100\n|-hitcount|p1b: Iron Hands|3\n|move|p1b: Iron Hands|Drain Punch|p2b: Beowulf\n|-crit|p2b: Beowulf\n|-damage|p2b: Beowulf|8/100\n|-heal|p1b: Iron Hands|41/100|[from] drain|[of] p2b: Beowulf\n|\n|-sideend|p2: Mirthinion|move: Tailwind\n|upkeep\n|\n|t:|1774238929\n|switch|p1a: Kyogre|Kyogre, L50|100/100\n|-weather|RainDance|[from] ability: Drizzle|[of] p1a: Kyogre\n|turn|5\n|\n|t:|1774238947\n|-terastallize|p1a: Kyogre|Grass\n|move|p2a: Drambor|Body Press|p1a: Kyogre\n|-damage|p1a: Kyogre|33/100\n|move|p2b: Beowulf|Surging Strikes|p1b: Iron Hands\n|-crit|p1b: Iron Hands\n|-damage|p1b: Iron Hands|11/100\n|-crit|p1b: Iron Hands\n|-damage|p1b: Iron Hands|0 fnt\n|faint|p1b: Iron Hands\n|-end|p1b: Iron Hands|Quark Drive|[silent]\n|-hitcount|p1: Iron Hands|2\n|move|p1a: Kyogre|Ice Beam|p2a: Drambor\n|-supereffective|p2a: Drambor\n|-damage|p2a: Drambor|49/100\n|\n|-weather|RainDance|[upkeep]\n|-fieldend|move: Electric Terrain\n|upkeep\n|turn|6\n|-message|big head edd forfeited.\n|\n|win|Mirthinion\n|raw|big head edd's rating: 1305 &rarr; <strong>1289</strong><br />(-16 for losing)\n|raw|Mirthinion's rating: 1374 &rarr; <strong>1390</strong><br />(+16 for winning)\n|l|\u2606big head edd\n|player|p1|\n|l|\u2606Mirthinion\n|player|p2|\n","uploadtime":1774238961,"views":65,"formatid":"gen9vgc2026regi","rating":1289,"private":0,"password":null}