{"id":"gen9vgc2026regi-2525381736","format":"[Gen 9] VGC 2026 Reg I","players":["tibo2904","Rillabossman"],"log":"|j|\u2606tibo2904\n|j|\u2606Rillabossman\n|t:|1769275219\n|gametype|doubles\n|player|p1|tibo2904|1|1356\n|player|p2|Rillabossman|burglar|1372\n|gen|9\n|tier|[Gen 9] VGC 2026 Reg I\n|rated|\n|rule|Species Clause: Limit one of each Pok\u00e9mon\n|rule|Item Clause: Limit 1 of each item\n|clearpoke\n|poke|p1|Rayquaza, L50|\n|poke|p1|Chien-Pao, L50|\n|poke|p1|Miraidon, L50|\n|poke|p1|Urshifu-*, L50, F|\n|poke|p1|Okidogi, L50, M|\n|poke|p1|Volcarona, L50, F|\n|poke|p2|Zacian-*, L50|\n|poke|p2|Kyogre, L50|\n|poke|p2|Tornadus, L50, M|\n|poke|p2|Incineroar, L50, M|\n|poke|p2|Amoonguss, L50, F|\n|poke|p2|Urshifu-*, L50, M|\n|teampreview|4\n|inactive|Battle timer is ON: inactive players will automatically lose when time's up. (requested by tibo2904)\n|c|\u2606Rillabossman|glhf\n|\n|t:|1769275244\n|teamsize|p1|4\n|teamsize|p2|4\n|start\n|switch|p1a: Miraidon|Miraidon, L50|100/100\n|switch|p1b: Okidogi|Okidogi, L50, M|100/100\n|switch|p2a: Incineroar|Incineroar, L50, M, shiny|100/100\n|switch|p2b: Zacian|Zacian-Crowned, L50|100/100\n|-fieldstart|move: Electric Terrain|[from] ability: Hadron Engine|[of] p1a: Miraidon\n|-ability|p2b: Zacian|Intrepid Sword|boost\n|-boost|p2b: Zacian|atk|1\n|-ability|p2a: Incineroar|Intimidate|boost\n|-unboost|p1a: Miraidon|atk|1\n|-ability|p1b: Okidogi|Guard Dog|boost\n|-boost|p1b: Okidogi|atk|1\n|turn|1\n|\n|t:|1769275264\n|-terastallize|p1a: Miraidon|Fairy\n|move|p2b: Zacian|Protect|p2b: Zacian\n|-singleturn|p2b: Zacian|Protect\n|move|p1b: Okidogi|Upper Hand||[still]\n|-fail|p1b: Okidogi\n|move|p1a: Miraidon|Dazzling Gleam|p2a: Incineroar|[spread] p2a\n|-activate|p2b: Zacian|move: Protect\n|-damage|p2a: Incineroar|76/100\n|move|p2a: Incineroar|U-turn|p1a: Miraidon\n|-resisted|p1a: Miraidon\n|-damage|p1a: Miraidon|91/100\n|\n|t:|1769275273\n|switch|p2a: Tornadus|Tornadus, L50, M|100/100|[from] U-turn\n|\n|upkeep\n|turn|2\n|\n|t:|1769275286\n|move|p1a: Miraidon|Dazzling Gleam|p2b: Zacian|[spread] p2a,p2b\n|-resisted|p2b: Zacian\n|-damage|p2a: Tornadus|40/100\n|-damage|p2b: Zacian|82/100\n|move|p2b: Zacian|Behemoth Blade|p1b: Okidogi\n|-damage|p1b: Okidogi|25/100\n|move|p2a: Tornadus|Bleakwind Storm|p1a: Miraidon|[spread] p1a\n|-miss|p2a: Tornadus|p1b: Okidogi\n|-damage|p1a: Miraidon|58/100\n|move|p1b: Okidogi|Drain Punch|p2b: Zacian\n|-damage|p2b: Zacian|36/100\n|-heal|p1b: Okidogi|46/100|[from] drain|[of] p2b: Zacian\n|\n|upkeep\n|turn|3\n|\n|t:|1769275310\n|move|p2b: Zacian|Protect|p2b: Zacian\n|-singleturn|p2b: Zacian|Protect\n|move|p2a: Tornadus|Tailwind|p2a: Tornadus\n|-sidestart|p2: Rillabossman|move: Tailwind\n|move|p1a: Miraidon|Dazzling Gleam|p2a: Tornadus|[spread] p2a\n|-activate|p2b: Zacian|move: Protect\n|-damage|p2a: Tornadus|0 fnt\n|faint|p2a: Tornadus\n|move|p1b: Okidogi|Poison Jab|p2b: Zacian\n|-activate|p2b: Zacian|move: Protect\n|\n|upkeep\n|\n|t:|1769275314\n|switch|p2a: Kyogre|Kyogre, L50|100/100\n|-weather|RainDance|[from] ability: Drizzle|[of] p2a: Kyogre\n|turn|4\n|\n|t:|1769275334\n|-terastallize|p2a: Kyogre|Water\n|move|p2b: Zacian|Play Rough|p1a: Miraidon\n|-damage|p1a: Miraidon|0 fnt\n|faint|p1a: Miraidon\n|move|p2a: Kyogre|Water Spout|p1b: Okidogi\n|-damage|p1b: Okidogi|0 fnt\n|faint|p1b: Okidogi\n|\n|-weather|RainDance|[upkeep]\n|upkeep\n|\n|t:|1769275343\n|switch|p1a: Rayquaza|Rayquaza, L50|100/100\n|switch|p1b: Chien-Pao|Chien-Pao, L50|100/100\n|-ability|p1b: Chien-Pao|Sword of Ruin\n|-ability|p1a: Rayquaza|Air Lock\n|turn|5\n|\n|t:|1769275355\n|move|p1a: Rayquaza|Extreme Speed|p2a: Kyogre\n|-crit|p2a: Kyogre\n|-damage|p2a: Kyogre|19/100\n|-damage|p1a: Rayquaza|91/100|[from] item: Life Orb\n|move|p2b: Zacian|Play Rough|p1a: Rayquaza\n|-supereffective|p1a: Rayquaza\n|-damage|p1a: Rayquaza|0 fnt\n|faint|p1a: Rayquaza\n|move|p2a: Kyogre|Water Spout|p1b: Chien-Pao\n|-damage|p1b: Chien-Pao|34/100\n|move|p1b: Chien-Pao|Sacred Sword|p2a: Kyogre\n|-damage|p2a: Kyogre|0 fnt\n|faint|p2a: Kyogre\n|\n|-weather|RainDance|[upkeep]\n|-fieldend|move: Electric Terrain\n|upkeep\n|\n|t:|1769275368\n|switch|p2a: Incineroar|Incineroar, L50, M, shiny|76/100\n|-ability|p2a: Incineroar|Intimidate|boost\n|-unboost|p1b: Chien-Pao|atk|1\n|turn|6\n|c|\u2606Rillabossman|gg\n|\n|t:|1769275374\n|move|p1b: Chien-Pao|Protect|p1b: Chien-Pao\n|-singleturn|p1b: Chien-Pao|Protect\n|move|p2b: Zacian|Behemoth Blade|p1b: Chien-Pao\n|-activate|p1b: Chien-Pao|move: Protect\n|move|p2a: Incineroar|U-turn|p1b: Chien-Pao\n|-activate|p1b: Chien-Pao|move: Protect\n|\n|-weather|RainDance|[upkeep]\n|-sideend|p2: Rillabossman|move: Tailwind\n|upkeep\n|turn|7\n|\n|t:|1769275387\n|move|p2b: Zacian|Protect|p2b: Zacian\n|-singleturn|p2b: Zacian|Protect\n|move|p1b: Chien-Pao|Sacred Sword|p2b: Zacian\n|-activate|p2b: Zacian|move: Protect\n|move|p2a: Incineroar|Flare Blitz|p1b: Chien-Pao\n|-supereffective|p1b: Chien-Pao\n|-damage|p1b: Chien-Pao|0 fnt\n|faint|p1b: Chien-Pao\n|-damage|p2a: Incineroar|68/100|[from] Recoil\n|\n|win|Rillabossman\n|raw|tibo2904's rating: 1356 &rarr; <strong>1337</strong><br />(-19 for losing)\n|raw|Rillabossman's rating: 1372 &rarr; <strong>1391</strong><br />(+19 for winning)\n|l|\u2606tibo2904\n|player|p1|\n|l|\u2606Rillabossman\n|player|p2|\n|j|\u2606Rillabossman\n|player|p2|Rillabossman|burglar|\n|l|\u2606Rillabossman\n|player|p2|\n","uploadtime":1769275635,"views":15,"formatid":"gen9vgc2026regi","rating":1337,"private":0,"password":null}