{"id":"gen9vgc2026regi-2569163720","format":"[Gen 9] VGC 2026 Reg I","players":["editaccount","reverse cuomo"],"log":"|j|\u2606editaccount\n|j|\u2606reverse cuomo\n|t:|1774655216\n|gametype|doubles\n|player|p1|editaccount|2|\n|player|p2|reverse cuomo|birdkeeper-gen4dp|\n|gen|9\n|tier|[Gen 9] VGC 2026 Reg I\n|rated|Tournament battle\n|rule|Species Clause: Limit one of each Pok\u00e9mon\n|rule|Item Clause: Limit 1 of each item\n|raw|<div class=\"infobox\"><details class=\"readmore\" open><summary><strong>3 custom rules:</strong></summary> Open Team Sheets, Force Open Team Sheets, !Open Team Sheets</details></div>\n|clearpoke\n|poke|p1|Sinistcha, L50|\n|poke|p1|Urshifu-*, L50, M|\n|poke|p1|Terapagos, L50, M|\n|poke|p1|Miraidon, L50|\n|poke|p1|Incineroar, L50, M|\n|poke|p1|Iron Treads, L50|\n|poke|p2|Calyrex-Shadow, L50|\n|poke|p2|Urshifu-*, L50, F|\n|poke|p2|Landorus, L50, M|\n|poke|p2|Incineroar, L50, F|\n|poke|p2|Whimsicott, L50, F|\n|poke|p2|Zamazenta-*, L50|\n|teampreview|4\n|showteam|p1|Sinistcha||EjectButton|Hospitality|MatchaGotcha,RagePowder,LifeDew,Protect||||||50|,,,,,Dark]Urshifu-Rapid-Strike||FocusSash|UnseenFist|SurgingStrikes,CloseCombat,Detect,AquaJet|||M|||50|,,,,,Ghost]Terapagos||ElectricSeed|TeraShift|TeraStarstorm,EarthPower,Protect,CalmMind|||M|||50|,,,,,Stellar]Miraidon||ChoiceScarf|HadronEngine|ElectroDrift,VoltSwitch,DracoMeteor,Snarl||||||50|,,,,,Electric]Incineroar||AssaultVest|Intimidate|KnockOff,FakeOut,FlareBlitz,Uturn|||M|||50|,,,,,Bug]Iron Treads||LifeOrb|QuarkDrive|HighHorsepower,SteelRoller,RockSlide,Protect||||||50|,,,,,Ground\n|showteam|p2|Calyrex-Shadow||FocusSash|AsOneSpectrier|AstralBarrage,Psychic,Disable,Protect||||||50|,,,,,Ghost]Urshifu-Rapid-Strike||MysticWater|UnseenFist|SurgingStrikes,AquaJet,Taunt,Protect|||F|||50|,,,,,Water]Landorus||LifeOrb|SheerForce|EarthPower,SludgeBomb,Substitute,Protect|||M|||50|,,,,,Water]Incineroar||AssaultVest|Intimidate|FlareBlitz,KnockOff,FakeOut,Uturn|||F|||50|,,,,,Grass]Whimsicott||CovertCloak|Prankster|Moonblast,Tailwind,Encore,Protect|||F|||50|,,,,,Water]Zamazenta-Crowned||RustedShield|DauntlessShield|BodyPress,HeavySlam,WideGuard,Protect||||||50|,,,,,Dragon\n|j| Rodaku\n|j|@Bright Size\n|l|@Bright Size\n|\n|t:|1774655279\n|teamsize|p1|4\n|teamsize|p2|4\n|start\n|switch|p1a: Miraidon|Miraidon, L50, shiny|100/100\n|switch|p1b: Terapagos|Terapagos, L50, M|100/100\n|switch|p2a: Incineroar|Incineroar, L50, F|100/100\n|switch|p2b: Zamazenta|Zamazenta-Crowned, L50|100/100\n|-activate|p1b: Terapagos|ability: Tera Shift\n|detailschange|p1b: Terapagos|Terapagos-Terastal, L50, M\n|-heal|p1b: Terapagos|100/100|[silent]\n|-fieldstart|move: Electric Terrain|[from] ability: Hadron Engine|[of] p1a: Miraidon\n|-enditem|p1b: Terapagos|Electric Seed\n|-boost|p1b: Terapagos|def|1|[from] item: Electric Seed\n|-ability|p2b: Zamazenta|Dauntless Shield|boost\n|-boost|p2b: Zamazenta|def|1\n|-ability|p2a: Incineroar|Intimidate|boost\n|-unboost|p1a: Miraidon|atk|1\n|-unboost|p1b: Terapagos|atk|1\n|turn|1\n|\n|t:|1774655318\n|move|p2b: Zamazenta|Protect|p2b: Zamazenta\n|-singleturn|p2b: Zamazenta|Protect\n|move|p1a: Miraidon|Volt Switch|p2b: Zamazenta\n|-activate|p2b: Zamazenta|move: Protect\n|move|p1b: Terapagos|Calm Mind|p1b: Terapagos\n|-boost|p1b: Terapagos|spa|1\n|-boost|p1b: Terapagos|spd|1\n|move|p2a: Incineroar|U-turn|p1a: Miraidon\n|-damage|p1a: Miraidon|83/100\n|\n|t:|1774655321\n|switch|p2a: Whimsicott|Whimsicott, L50, F|100/100|[from] U-turn\n|\n|upkeep\n|turn|2\n|\n|t:|1774655355\n|move|p2a: Whimsicott|Encore|p1b: Terapagos\n|-start|p1b: Terapagos|Encore\n|move|p1a: Miraidon|Volt Switch|p2b: Zamazenta\n|-damage|p2b: Zamazenta|48/100\n|\n|t:|1774655363\n|switch|p1a: Sinistcha|Sinistcha, L50|100/100|[from] Volt Switch\n|move|p2b: Zamazenta|Body Press|p1a: Sinistcha\n|-immune|p1a: Sinistcha\n|move|p1b: Terapagos|Calm Mind|p1b: Terapagos\n|-boost|p1b: Terapagos|spa|1\n|-boost|p1b: Terapagos|spd|1\n|\n|upkeep\n|turn|3\n|\n|t:|1774655377\n|switch|p1a: Miraidon|Miraidon, L50, shiny|83/100\n|-activate|p1a: Miraidon|ability: Hadron Engine\n|move|p2b: Zamazenta|Heavy Slam|p1a: Miraidon\n|-resisted|p1a: Miraidon\n|-damage|p1a: Miraidon|69/100\n|move|p2a: Whimsicott|Moonblast|p1a: Miraidon\n|-supereffective|p1a: Miraidon\n|-damage|p1a: Miraidon|15/100\n|move|p1b: Terapagos|Calm Mind|p1b: Terapagos\n|-boost|p1b: Terapagos|spa|1\n|-boost|p1b: Terapagos|spd|1\n|\n|upkeep\n|turn|4\n|\n|t:|1774655392\n|move|p2a: Whimsicott|Tailwind|p2a: Whimsicott\n|-sidestart|p2: reverse cuomo|move: Tailwind\n|move|p2b: Zamazenta|Body Press|p1a: Miraidon\n|-damage|p1a: Miraidon|0 fnt\n|faint|p1a: Miraidon\n|move|p1b: Terapagos|Calm Mind|p1b: Terapagos\n|-boost|p1b: Terapagos|spa|1\n|-boost|p1b: Terapagos|spd|1\n|\n|-end|p1b: Terapagos|Encore\n|upkeep\n|\n|t:|1774655396\n|switch|p1a: Incineroar|Incineroar, L50, M|100/100\n|-ability|p1a: Incineroar|Intimidate|boost\n|-unboost|p2a: Whimsicott|atk|1\n|-unboost|p2b: Zamazenta|atk|1\n|turn|5\n|\n|t:|1774655405\n|-terastallize|p2a: Whimsicott|Water\n|-terastallize|p1a: Incineroar|Bug\n|move|p1b: Terapagos|Protect|p1b: Terapagos\n|-singleturn|p1b: Terapagos|Protect\n|move|p2a: Whimsicott|Encore|p1b: Terapagos\n|-activate|p1b: Terapagos|move: Protect\n|move|p2b: Zamazenta|Body Press|p1a: Incineroar\n|-resisted|p1a: Incineroar\n|-damage|p1a: Incineroar|73/100\n|move|p1a: Incineroar|Flare Blitz|p2a: Whimsicott\n|-resisted|p2a: Whimsicott\n|-damage|p2a: Whimsicott|75/100\n|-damage|p1a: Incineroar|66/100|[from] Recoil\n|\n|-fieldend|move: Electric Terrain\n|upkeep\n|turn|6\n|-message|editaccount forfeited.\n|\n|win|reverse cuomo\n|n|\u2606editaccount|editaccount\n|n|\u2606reverse cuomo|reversecuomo\n|n| Rodaku|rodaku\n|l|\u2606editaccount\n|player|p1|\n|l| Rodaku\n|l|\u2606reverse cuomo\n|player|p2|\n|j|\u2606reverse cuomo\n|player|p2|reverse cuomo|birdkeeper-gen4dp|\n","uploadtime":1774655996,"views":158,"formatid":"gen9vgc2026regi","rating":null,"private":0,"password":null}