{"id":"gen9vgc2026regi-2568699672","format":"[Gen 9] VGC 2026 Reg I","players":["TheNamesBetty","SpectralStorm"],"log":"|j|\u2606TheNamesBetty\n|j|\u2606SpectralStorm\n|t:|1774615300\n|gametype|doubles\n|player|p1|TheNamesBetty|koga|1255\n|player|p2|SpectralStorm|1|1215\n|gen|9\n|tier|[Gen 9] VGC 2026 Reg I\n|rated|\n|rule|Species Clause: Limit one of each Pok\u00e9mon\n|rule|Item Clause: Limit 1 of each item\n|clearpoke\n|poke|p1|Tornadus, L50, M|\n|poke|p1|Calyrex-Shadow, L50|\n|poke|p1|Indeedee-F, L50, F|\n|poke|p1|Dragonite, L50, F|\n|poke|p1|Zamazenta-*, L50|\n|poke|p1|Cramorant, L50, M|\n|poke|p2|Calyrex-Ice, L50|\n|poke|p2|Indeedee-F, L50, F|\n|poke|p2|Torkoal, L50, F|\n|poke|p2|Lunala, L50|\n|poke|p2|Ursaluna, L50, F|\n|poke|p2|Iron Hands, L50|\n|teampreview|4\n|\n|t:|1774615337\n|teamsize|p1|4\n|teamsize|p2|4\n|start\n|switch|p1a: Pesa|Zamazenta-Crowned, L50|100/100\n|switch|p1b: Kedluben na Koni|Calyrex-Shadow, L50|100/100\n|switch|p2a: Calyrex|Calyrex-Ice, L50|100/100\n|switch|p2b: Indeedee|Indeedee-F, L50, F|100/100\n|-ability|p1b: Kedluben na Koni|As One\n|-ability|p1b: Kedluben na Koni|Unnerve\n|-ability|p2a: Calyrex|As One\n|-ability|p2a: Calyrex|Unnerve\n|-ability|p1a: Pesa|Dauntless Shield|boost\n|-boost|p1a: Pesa|def|1\n|-fieldstart|move: Psychic Terrain|[from] ability: Psychic Surge|[of] p2b: Indeedee\n|turn|1\n|\n|t:|1774615358\n|-terastallize|p2a: Calyrex|Fire\n|move|p2b: Indeedee|Follow Me|p2b: Indeedee\n|-singleturn|p2b: Indeedee|move: Follow Me\n|move|p1b: Kedluben na Koni|Astral Barrage|p2a: Calyrex|[spread] p2a\n|-immune|p2b: Indeedee\n|-damage|p2a: Calyrex|55/100\n|-damage|p1b: Kedluben na Koni|91/100|[from] item: Life Orb\n|move|p1a: Pesa|Iron Defense|p1a: Pesa\n|-boost|p1a: Pesa|def|2\n|move|p2a: Calyrex|Trick Room|p2a: Calyrex\n|-fieldstart|move: Trick Room|[of] p2a: Calyrex\n|\n|upkeep\n|turn|2\n|\n|t:|1774615377\n|switch|p1b: Pt\u00e1ky Gd\u00e1ky|Cramorant, L50, M|100/100\n|move|p2a: Calyrex|Glacial Lance|p1b: Pt\u00e1ky Gd\u00e1ky|[spread] p1a,p1b\n|-resisted|p1a: Pesa\n|-damage|p1a: Pesa|93/100\n|-damage|p1b: Pt\u00e1ky Gd\u00e1ky|0 fnt\n|faint|p1b: Pt\u00e1ky Gd\u00e1ky\n|-ability|p2a: Calyrex|Chilling Neigh|boost\n|-boost|p2a: Calyrex|atk|1\n|move|p2b: Indeedee|Psychic|p1a: Pesa\n|-damage|p1a: Pesa|68/100\n|move|p1a: Pesa|Body Press|p2a: Calyrex\n|-damage|p2a: Calyrex|0 fnt\n|faint|p2a: Calyrex\n|\n|upkeep\n|\n|t:|1774615401\n|switch|p2a: Torkoal|Torkoal, L50, F|100/100\n|switch|p1b: Kedluben na Koni|Calyrex-Shadow, L50|91/100\n|-ability|p1b: Kedluben na Koni|As One\n|-ability|p1b: Kedluben na Koni|Unnerve\n|-weather|SunnyDay|[from] ability: Drought|[of] p2a: Torkoal\n|turn|3\n|\n|t:|1774615415\n|move|p1a: Pesa|Wide Guard|p1a: Pesa\n|-singleturn|p1a: Pesa|Wide Guard\n|move|p2a: Torkoal|Overheat|p1a: Pesa\n|-supereffective|p1a: Pesa\n|-damage|p1a: Pesa|0 fnt\n|-unboost|p2a: Torkoal|spa|2\n|faint|p1a: Pesa\n|move|p2b: Indeedee|Psychic|p1b: Kedluben na Koni\n|-resisted|p1b: Kedluben na Koni\n|-damage|p1b: Kedluben na Koni|72/100\n|move|p1b: Kedluben na Koni|Psychic|p2a: Torkoal\n|-damage|p2a: Torkoal|0 fnt\n|faint|p2a: Torkoal\n|-ability|p1b: Kedluben na Koni|Grim Neigh|boost\n|-boost|p1b: Kedluben na Koni|spa|1\n|-damage|p1b: Kedluben na Koni|62/100|[from] item: Life Orb\n|\n|-weather|SunnyDay|[upkeep]\n|upkeep\n|\n|t:|1774615428\n|switch|p2a: Ursaluna|Ursaluna, L50, F|100/100\n|switch|p1a: Motor\u00e1\u010dek|Dragonite, L50, F|100/100\n|turn|4\n|\n|t:|1774615441\n|move|p2a: Ursaluna|Headlong Rush|p1b: Kedluben na Koni\n|-damage|p1b: Kedluben na Koni|0 fnt\n|-unboost|p2a: Ursaluna|def|1\n|-unboost|p2a: Ursaluna|spd|1\n|faint|p1b: Kedluben na Koni\n|move|p2b: Indeedee|Psychic|p1a: Motor\u00e1\u010dek\n|-damage|p1a: Motor\u00e1\u010dek|59/100\n|move|p1a: Motor\u00e1\u010dek|Outrage|p2b: Indeedee\n|-damage|p2b: Indeedee|2/100\n|\n|-weather|SunnyDay|[upkeep]\n|-status|p2a: Ursaluna|brn|[from] item: Flame Orb\n|upkeep\n|turn|5\n|\n|t:|1774615449\n|move|p2b: Indeedee|Follow Me|p2b: Indeedee\n|-singleturn|p2b: Indeedee|move: Follow Me\n|move|p2a: Ursaluna|Facade|p1a: Motor\u00e1\u010dek\n|-damage|p1a: Motor\u00e1\u010dek|0 fnt\n|faint|p1a: Motor\u00e1\u010dek\n|\n|win|SpectralStorm\n|raw|TheNamesBetty's rating: 1255 &rarr; <strong>1227</strong><br />(-28 for losing)\n|raw|SpectralStorm's rating: 1215 &rarr; <strong>1243</strong><br />(+28 for winning)\n|l|\u2606SpectralStorm\n|player|p2|\n|l|\u2606TheNamesBetty\n|player|p1|\n","uploadtime":1774615713,"views":11,"formatid":"gen9vgc2026regi","rating":1227,"private":0,"password":null}