{"id":"gen9vgc2026regi-2566916630","format":"[Gen 9] VGC 2026 Reg I","players":["lstdddsg","saya315"],"log":"|j|\u2606lstdddsg\n|j|\u2606saya315\n|t:|1774429334\n|gametype|doubles\n|player|p1|lstdddsg|riley|1491\n|player|p2|saya315|veteranf|1589\n|gen|9\n|tier|[Gen 9] VGC 2026 Reg I\n|rated|\n|rule|Species Clause: Limit one of each Pok\u00e9mon\n|rule|Item Clause: Limit 1 of each item\n|clearpoke\n|poke|p1|Giratina-Origin, L50|\n|poke|p1|Zamazenta-*, L50|\n|poke|p1|Chien-Pao, L50|\n|poke|p1|Entei, L50|\n|poke|p1|Urshifu-*, L50, F|\n|poke|p1|Rillaboom, L50, M|\n|poke|p2|Kyogre, L50|\n|poke|p2|Calyrex-Ice, L50|\n|poke|p2|Iron Jugulis, L50|\n|poke|p2|Amoonguss, L50, F|\n|poke|p2|Indeedee-F, L50, F|\n|poke|p2|Urshifu-*, L50, M|\n|teampreview|4\n|inactive|Battle timer is ON: inactive players will automatically lose when time's up. (requested by lstdddsg)\n|inactive|lstdddsg has 60 seconds left.\n|\n|t:|1774429382\n|teamsize|p1|4\n|teamsize|p2|4\n|start\n|switch|p1a: Zamazenta|Zamazenta-Crowned, L50|100/100\n|switch|p1b: Chien-Pao|Chien-Pao, L50|100/100\n|switch|p2a: Kyogre|Kyogre, L50|100/100\n|switch|p2b: Indeedee|Indeedee-F, L50, F|100/100\n|-ability|p1b: Chien-Pao|Sword of Ruin\n|-ability|p1a: Zamazenta|Dauntless Shield|boost\n|-boost|p1a: Zamazenta|def|1\n|-weather|RainDance|[from] ability: Drizzle|[of] p2a: Kyogre\n|-fieldstart|move: Psychic Terrain|[from] ability: Psychic Surge|[of] p2b: Indeedee\n|turn|1\n|\n|t:|1774429397\n|switch|p1b: Rillaboom|Rillaboom, L50, M|100/100\n|-fieldstart|move: Grassy Terrain|[from] ability: Grassy Surge|[of] p1b: Rillaboom\n|move|p1a: Zamazenta|Protect|p1a: Zamazenta\n|-singleturn|p1a: Zamazenta|Protect\n|move|p2b: Indeedee|Follow Me|p2b: Indeedee\n|-singleturn|p2b: Indeedee|move: Follow Me\n|move|p2a: Kyogre|Hydro Pump|p1a: Zamazenta\n|-activate|p1a: Zamazenta|move: Protect\n|\n|-weather|RainDance|[upkeep]\n|upkeep\n|turn|2\n|\n|t:|1774429415\n|move|p1b: Rillaboom|Fake Out|p2a: Kyogre\n|-damage|p2a: Kyogre|88/100\n|move|p2b: Indeedee|Follow Me|p2b: Indeedee\n|-singleturn|p2b: Indeedee|move: Follow Me\n|move|p1a: Zamazenta|Body Press|p2b: Indeedee\n|-damage|p2b: Indeedee|38/100\n|-enditem|p2b: Indeedee|Eject Button\n|\n|t:|1774429420\n|switch|p2b: Iron Jugulis|Iron Jugulis, L50|100/100\n|-enditem|p2b: Iron Jugulis|Booster Energy\n|-activate|p2b: Iron Jugulis|ability: Quark Drive|[fromitem]\n|-start|p2b: Iron Jugulis|quarkdrivespe\n|cant|p2a: Kyogre|flinch\n|\n|-weather|RainDance|[upkeep]\n|-heal|p2a: Kyogre|94/100|[from] Grassy Terrain\n|upkeep\n|turn|3\n|\n|t:|1774429438\n|-terastallize|p1b: Rillaboom|Water\n|move|p1a: Zamazenta|Protect|p1a: Zamazenta\n|-singleturn|p1a: Zamazenta|Protect\n|move|p2b: Iron Jugulis|Hurricane|p1b: Rillaboom\n|-damage|p1b: Rillaboom|68/100\n|move|p2a: Kyogre|Hydro Pump|p1a: Zamazenta\n|-activate|p1a: Zamazenta|move: Protect\n|move|p1b: Rillaboom|Wood Hammer|p2a: Kyogre\n|-supereffective|p2a: Kyogre\n|-damage|p2a: Kyogre|0 fnt\n|faint|p2a: Kyogre\n|-damage|p1b: Rillaboom|39/100|[from] Recoil\n|\n|-weather|RainDance|[upkeep]\n|-heal|p1b: Rillaboom|45/100|[from] Grassy Terrain\n|upkeep\n|\n|t:|1774429443\n|switch|p2a: Calyrex|Calyrex-Ice, L50|100/100\n|-ability|p2a: Calyrex|As One\n|-ability|p2a: Calyrex|Unnerve\n|turn|4\n|\n|t:|1774429465\n|-terastallize|p2a: Calyrex|Grass\n|move|p2b: Iron Jugulis|Hurricane|p1a: Zamazenta\n|-damage|p1a: Zamazenta|67/100\n|move|p1a: Zamazenta|Body Press|p2a: Calyrex\n|-damage|p2a: Calyrex|57/100\n|move|p1b: Rillaboom|Wood Hammer|p2a: Calyrex\n|-resisted|p2a: Calyrex\n|-damage|p2a: Calyrex|33/100\n|-damage|p1b: Rillaboom|37/100|[from] Recoil\n|move|p2a: Calyrex|Seed Bomb|p1b: Rillaboom\n|-supereffective|p1b: Rillaboom\n|-damage|p1b: Rillaboom|0 fnt\n|faint|p1b: Rillaboom\n|-ability|p2a: Calyrex|Chilling Neigh|boost\n|-boost|p2a: Calyrex|atk|1\n|\n|-weather|RainDance|[upkeep]\n|-heal|p1a: Zamazenta|74/100|[from] Grassy Terrain\n|-heal|p2a: Calyrex|39/100|[from] Grassy Terrain\n|upkeep\n|\n|t:|1774429486\n|switch|p1b: Chien-Pao|Chien-Pao, L50|100/100\n|-ability|p1b: Chien-Pao|Sword of Ruin\n|turn|5\n|inactive|saya315 has 30 seconds left.\n|\n|t:|1774429514\n|move|p2a: Calyrex|Protect|p2a: Calyrex\n|-singleturn|p2a: Calyrex|Protect\n|move|p2b: Iron Jugulis|Hurricane|p1a: Zamazenta\n|-damage|p1a: Zamazenta|40/100\n|move|p1b: Chien-Pao|Icicle Crash|p2a: Calyrex\n|-activate|p2a: Calyrex|move: Protect\n|move|p1a: Zamazenta|Body Press|p2b: Iron Jugulis\n|-damage|p2b: Iron Jugulis|20/100\n|\n|-weather|none\n|-heal|p1a: Zamazenta|47/100|[from] Grassy Terrain\n|-heal|p2a: Calyrex|44/100|[from] Grassy Terrain\n|-fieldend|move: Grassy Terrain\n|upkeep\n|turn|6\n|inactive|saya315 has 30 seconds left.\n|\n|t:|1774429541\n|move|p2b: Iron Jugulis|Hurricane|p1b: Chien-Pao\n|-damage|p1b: Chien-Pao|32/100\n|move|p1b: Chien-Pao|Icicle Crash|p2a: Calyrex\n|-supereffective|p2a: Calyrex\n|-damage|p2a: Calyrex|0 fnt\n|faint|p2a: Calyrex\n|move|p1a: Zamazenta|Body Press|p2b: Iron Jugulis\n|-damage|p2b: Iron Jugulis|0 fnt\n|faint|p2b: Iron Jugulis\n|-end|p2b: Iron Jugulis|Quark Drive|[silent]\n|\n|upkeep\n|-message|saya315 forfeited.\n|\n|win|lstdddsg\n|raw|lstdddsg's rating: 1491 &rarr; <strong>1516</strong><br />(+25 for winning)\n|raw|saya315's rating: 1589 &rarr; <strong>1564</strong><br />(-25 for losing)\n|l|\u2606saya315\n|player|p2|\n|l|\u2606lstdddsg\n|player|p1|\n","uploadtime":1774429738,"views":15,"formatid":"gen9vgc2026regi","rating":1516,"private":0,"password":null}