{"id":"gen9vgc2026regi-2525126185","format":"[Gen 9] VGC 2026 Reg I","players":["ky123456","Tepig_nNz_498"],"log":"|j|\u2606ky123456\n|j|\u2606Tepig_nNz_498\n|t:|1769232611\n|gametype|doubles\n|player|p1|ky123456|cynthia-gen4|1342\n|player|p2|Tepig_nNz_498|101|1514\n|gen|9\n|tier|[Gen 9] VGC 2026 Reg I\n|rated|\n|rule|Species Clause: Limit one of each Pok\u00e9mon\n|rule|Item Clause: Limit 1 of each item\n|clearpoke\n|poke|p1|Koraidon, L50|\n|poke|p1|Calyrex-Ice, L50|\n|poke|p1|Incineroar, L50, M|\n|poke|p1|Smeargle, L50, F|\n|poke|p1|Rillaboom, L50, F|\n|poke|p1|Landorus, L50, M|\n|poke|p2|Whimsicott, L50, F|\n|poke|p2|Reshiram, L50|\n|poke|p2|Incineroar, L50, M|\n|poke|p2|Lilligant-Hisui, L50, F|\n|poke|p2|Brute Bonnet, L50|\n|poke|p2|Koraidon, L50|\n|teampreview|4\n|\n|t:|1769232642\n|teamsize|p1|4\n|teamsize|p2|4\n|start\n|switch|p1a: Calyrex|Calyrex-Ice, L50|100/100\n|switch|p1b: Incineroar|Incineroar, L50, M|100/100\n|switch|p2a: Koraidon|Koraidon, L50|100/100\n|switch|p2b: Incineroar|Incineroar, L50, M|100/100\n|-ability|p1a: Calyrex|As One\n|-ability|p1a: Calyrex|Unnerve\n|-weather|SunnyDay|[from] ability: Orichalcum Pulse|[of] p2a: Koraidon\n|-activate|p2a: Koraidon|Orichalcum Pulse|[source]\n|-ability|p2b: Incineroar|Intimidate|boost\n|-unboost|p1a: Calyrex|atk|1\n|-unboost|p1b: Incineroar|atk|1\n|-ability|p1b: Incineroar|Intimidate|boost\n|-unboost|p2a: Koraidon|atk|1\n|-unboost|p2b: Incineroar|atk|1\n|-enditem|p2a: Koraidon|Eject Pack\n|j| here's where king!\n|\n|t:|1769232646\n|switch|p2a: Reshiram|Reshiram, L50|100/100\n|-ability|p2a: Reshiram|Turboblaze\n|turn|1\n|\n|t:|1769232666\n|move|p2b: Incineroar|Fake Out|p1b: Incineroar\n|-damage|p1b: Incineroar|95/100\n|cant|p1b: Incineroar|flinch\n|move|p2a: Reshiram|Earth Power|p1b: Incineroar\n|-supereffective|p1b: Incineroar\n|-damage|p1b: Incineroar|17/100\n|-damage|p2a: Reshiram|91/100|[from] item: Life Orb\n|move|p1a: Calyrex|Leech Seed|p2a: Reshiram\n|-start|p2a: Reshiram|move: Leech Seed\n|\n|-weather|SunnyDay|[upkeep]\n|-damage|p2a: Reshiram|79/100|[from] Leech Seed|[of] p1a: Calyrex\n|upkeep\n|turn|2\n|\n|t:|1769232689\n|move|p1a: Calyrex|Protect|p1a: Calyrex\n|-singleturn|p1a: Calyrex|Protect\n|move|p2a: Reshiram|Heat Wave|p1b: Incineroar|[spread] p1b\n|-activate|p1a: Calyrex|move: Protect\n|-resisted|p1b: Incineroar\n|-damage|p1b: Incineroar|0 fnt\n|faint|p1b: Incineroar\n|-damage|p2a: Reshiram|69/100|[from] item: Life Orb\n|move|p2b: Incineroar|Knock Off|p1a: Calyrex\n|-activate|p1a: Calyrex|move: Protect\n|\n|-weather|SunnyDay|[upkeep]\n|-damage|p2a: Reshiram|57/100|[from] Leech Seed|[of] p1a: Calyrex\n|upkeep\n|\n|t:|1769232711\n|switch|p1b: Smeargle|Smeargle, L50, F|100/100\n|turn|3\n|\n|t:|1769232729\n|-terastallize|p1a: Calyrex|Fairy\n|move|p1b: Smeargle|Spore|p2b: Incineroar\n|-activate|p2b: Incineroar|item: Safety Goggles|Spore\n|move|p2a: Reshiram|Heat Wave|p1b: Smeargle|[spread] p1a,p1b\n|-damage|p1a: Calyrex|45/100\n|-enditem|p1b: Smeargle|Focus Sash\n|-damage|p1b: Smeargle|1/100\n|-damage|p2a: Reshiram|47/100|[from] item: Life Orb\n|move|p2b: Incineroar|Knock Off|p1a: Calyrex\n|-resisted|p1a: Calyrex\n|-damage|p1a: Calyrex|38/100\n|-enditem|p1a: Calyrex|Leftovers|[from] move: Knock Off|[of] p2b: Incineroar\n|move|p1a: Calyrex|Glacial Lance|p2a: Reshiram|[spread] p2a,p2b\n|-resisted|p2b: Incineroar\n|-damage|p2a: Reshiram|15/100\n|-damage|p2b: Incineroar|85/100\n|\n|-weather|SunnyDay|[upkeep]\n|-damage|p2a: Reshiram|2/100|[from] Leech Seed|[of] p1a: Calyrex\n|-heal|p1a: Calyrex|50/100|[silent]\n|-ability|p1b: Smeargle|Moody|boost\n|-boost|p1b: Smeargle|def|2\n|-unboost|p1b: Smeargle|spa|1\n|upkeep\n|turn|4\n|\n|t:|1769232781\n|switch|p2a: Brute Bonnet|Brute Bonnet, L50|100/100\n|-activate|p2a: Brute Bonnet|ability: Protosynthesis\n|-start|p2a: Brute Bonnet|protosynthesisdef\n|move|p1b: Smeargle|Spore|p2a: Brute Bonnet\n|-immune|p2a: Brute Bonnet\n|move|p2b: Incineroar|Parting Shot|p1a: Calyrex\n|-unboost|p1a: Calyrex|atk|1\n|-unboost|p1a: Calyrex|spa|1\n|\n|t:|1769232793\n|switch|p2b: Koraidon|Koraidon, L50|100/100|[from] Parting Shot\n|-activate|p2b: Koraidon|ability: Orichalcum Pulse\n|move|p1a: Calyrex|Leech Seed|p2b: Koraidon\n|-start|p2b: Koraidon|move: Leech Seed\n|\n|-weather|SunnyDay|[upkeep]\n|-damage|p2b: Koraidon|88/100|[from] Leech Seed|[of] p1a: Calyrex\n|-heal|p1a: Calyrex|61/100|[silent]\n|-ability|p1b: Smeargle|Moody|boost\n|-boost|p1b: Smeargle|spd|2\n|-unboost|p1b: Smeargle|spa|1\n|upkeep\n|turn|5\n|\n|t:|1769232816\n|switch|p2b: Incineroar|Incineroar, L50, M|85/100\n|-ability|p2b: Incineroar|Intimidate|boost\n|-unboost|p1a: Calyrex|atk|1\n|-unboost|p1b: Smeargle|atk|1\n|move|p1b: Smeargle|Follow Me|p1b: Smeargle\n|-singleturn|p1b: Smeargle|move: Follow Me\n|move|p1a: Calyrex|Glacial Lance|p2a: Brute Bonnet|[spread] p2a,p2b\n|-supereffective|p2a: Brute Bonnet\n|-resisted|p2b: Incineroar\n|-damage|p2a: Brute Bonnet|78/100\n|-damage|p2b: Incineroar|76/100\n|move|p2a: Brute Bonnet|Spore|p1b: Smeargle\n|-status|p1b: Smeargle|slp|[from] move: Spore\n|\n|-weather|none\n|-end|p2a: Brute Bonnet|Protosynthesis\n|-ability|p1b: Smeargle|Moody|boost\n|-boost|p1b: Smeargle|spe|2\n|-unboost|p1b: Smeargle|atk|1\n|upkeep\n|turn|6\n|\n|t:|1769232846\n|cant|p1b: Smeargle|slp\n|move|p2b: Incineroar|Will-O-Wisp|p1a: Calyrex\n|-status|p1a: Calyrex|brn\n|move|p1a: Calyrex|Leech Seed|p2b: Incineroar\n|-start|p2b: Incineroar|move: Leech Seed\n|move|p2a: Brute Bonnet|Pollen Puff|p2b: Incineroar\n|-heal|p2b: Incineroar|100/100\n|\n|-damage|p2b: Incineroar|88/100|[from] Leech Seed|[of] p1a: Calyrex\n|-heal|p1a: Calyrex|73/100 brn|[silent]\n|-damage|p1a: Calyrex|67/100 brn|[from] brn\n|-ability|p1b: Smeargle|Moody|boost\n|-boost|p1b: Smeargle|spd|2\n|-unboost|p1b: Smeargle|atk|1\n|upkeep\n|turn|7\n|inactive|Battle timer is ON: inactive players will automatically lose when time's up. (requested by Tepig_nNz_498)\n|\n|t:|1769232897\n|-curestatus|p1b: Smeargle|slp|[msg]\n|move|p1b: Smeargle|Ruination|p2a: Brute Bonnet\n|-damage|p2a: Brute Bonnet|39/100\n|move|p2b: Incineroar|Parting Shot|p1a: Calyrex\n|-unboost|p1a: Calyrex|atk|1\n|-unboost|p1a: Calyrex|spa|1\n|\n|t:|1769232905\n|switch|p2b: Koraidon|Koraidon, L50|88/100|[from] Parting Shot\n|-weather|SunnyDay|[from] ability: Orichalcum Pulse|[of] p2b: Koraidon\n|-activate|p2a: Brute Bonnet|ability: Protosynthesis\n|-start|p2a: Brute Bonnet|protosynthesisdef\n|-activate|p2b: Koraidon|Orichalcum Pulse|[source]\n|move|p1a: Calyrex|Glacial Lance|p2a: Brute Bonnet|[spread] p2a,p2b\n|-supereffective|p2a: Brute Bonnet\n|-supereffective|p2b: Koraidon\n|-damage|p2a: Brute Bonnet|30/100\n|-damage|p2b: Koraidon|71/100\n|move|p2a: Brute Bonnet|Crunch|p1b: Smeargle\n|-damage|p1b: Smeargle|0 fnt\n|faint|p1b: Smeargle\n|\n|-weather|SunnyDay|[upkeep]\n|-damage|p1a: Calyrex|61/100 brn|[from] brn\n|upkeep\n|\n|t:|1769232918\n|switch|p1b: Koraidon|Koraidon, L50|100/100\n|-activate|p1b: Koraidon|ability: Orichalcum Pulse\n|turn|8\n|inactive|Tepig_nNz_498 has 30 seconds left.\n|inactive|Tepig_nNz_498 has 20 seconds left.\n|\n|t:|1769232953\n|-terastallize|p2a: Brute Bonnet|Water\n|move|p2a: Brute Bonnet|Rage Powder|p2a: Brute Bonnet\n|-singleturn|p2a: Brute Bonnet|move: Rage Powder\n|move|p2b: Koraidon|Dragon Claw|p1b: Koraidon\n|-supereffective|p1b: Koraidon\n|-damage|p1b: Koraidon|6/100\n|move|p1b: Koraidon|Flame Charge|p2a: Brute Bonnet\n|-resisted|p2a: Brute Bonnet\n|-damage|p2a: Brute Bonnet|20/100\n|-boost|p1b: Koraidon|spe|1\n|move|p1a: Calyrex|Glacial Lance|p2a: Brute Bonnet|[spread] p2a,p2b\n|-resisted|p2a: Brute Bonnet\n|-supereffective|p2b: Koraidon\n|-damage|p2a: Brute Bonnet|18/100\n|-damage|p2b: Koraidon|53/100\n|\n|-weather|SunnyDay|[upkeep]\n|-damage|p1a: Calyrex|56/100 brn|[from] brn\n|upkeep\n|turn|9\n|\n|t:|1769232977\n|move|p2a: Brute Bonnet|Rage Powder|p2a: Brute Bonnet\n|-singleturn|p2a: Brute Bonnet|move: Rage Powder\n|move|p1b: Koraidon|Low Kick|p2a: Brute Bonnet\n|-damage|p2a: Brute Bonnet|3/100\n|move|p2b: Koraidon|Dragon Claw|p1b: Koraidon\n|-supereffective|p1b: Koraidon\n|-damage|p1b: Koraidon|0 fnt\n|faint|p1b: Koraidon\n|move|p1a: Calyrex|Leech Seed|p2a: Brute Bonnet\n|-start|p2a: Brute Bonnet|move: Leech Seed\n|\n|-weather|SunnyDay|[upkeep]\n|-damage|p2a: Brute Bonnet|0 fnt|[from] Leech Seed|[of] p1a: Calyrex\n|-heal|p1a: Calyrex|58/100 brn|[silent]\n|faint|p2a: Brute Bonnet\n|-end|p2a: Brute Bonnet|Protosynthesis|[silent]\n|-damage|p1a: Calyrex|52/100 brn|[from] brn\n|upkeep\n|\n|t:|1769232985\n|switch|p2a: Incineroar|Incineroar, L50, M|88/100\n|-ability|p2a: Incineroar|Intimidate|boost\n|-unboost|p1a: Calyrex|atk|1\n|turn|10\n|l|\u2606ky123456\n|inactive|ky123456 disconnected and has a minute to reconnect!\n|player|p1|\n|inactive|ky123456 has 30 seconds left.\n|inactive|ky123456 has 20 seconds left.\n|inactive|ky123456 has 15 seconds left.\n|inactive|ky123456 has 10 seconds left.\n|inactive|ky123456 has 5 seconds left.\n|-message|ky123456 lost due to inactivity.\n|\n|win|Tepig_nNz_498\n|raw|ky123456's rating: 1342 &rarr; <strong>1331</strong><br />(-11 for losing)\n|raw|Tepig_nNz_498's rating: 1514 &rarr; <strong>1525</strong><br />(+11 for winning)\n|j|\u2606ky123456\n|player|p1|ky123456|cynthia-gen4|\n","uploadtime":1769233250,"views":11,"formatid":"gen9vgc2026regi","rating":1331,"private":0,"password":null}