{"id":"gen9vgc2026regi-2589995024","format":"[Gen 9] VGC 2026 Reg I","players":["JakeNBake3D","big_lenny99"],"log":"|j|\u2606JakeNBake3D\n|j|\u2606big_lenny99\n|t:|1776780017\n|gametype|doubles\n|player|p1|JakeNBake3D|2|1523\n|player|p2|big_lenny99|hilbert|1508\n|gen|9\n|tier|[Gen 9] VGC 2026 Reg I\n|rated|\n|rule|Species Clause: Limit one of each Pok\u00e9mon\n|rule|Item Clause: Limit 1 of each item\n|clearpoke\n|poke|p1|Miraidon, L50|\n|poke|p1|Lunala, L50|\n|poke|p1|Incineroar, L50, M|\n|poke|p1|Urshifu-*, L50, F|\n|poke|p1|Grimmsnarl, L50, M|\n|poke|p1|Ursaluna, L50, F|\n|poke|p2|Groudon, L50|\n|poke|p2|Amoonguss, L50, M|\n|poke|p2|Volcarona, L50, F|\n|poke|p2|Lunala, L50|\n|poke|p2|Incineroar, L50, M|\n|poke|p2|Whimsicott, L50, F|\n|teampreview|4\n|inactive|Battle timer is ON: inactive players will automatically lose when time's up. (requested by big_lenny99)\n|\n|t:|1776780042\n|teamsize|p1|4\n|teamsize|p2|4\n|start\n|switch|p1a: Miraidon|Miraidon, L50|100/100\n|switch|p1b: Grimmsnarl|Grimmsnarl, L50, M, shiny|100/100\n|switch|p2a: Incineroar|Incineroar, L50, M|100/100\n|switch|p2b: Groudon|Groudon, L50|100/100\n|-fieldstart|move: Electric Terrain|[from] ability: Hadron Engine|[of] p1a: Miraidon\n|-weather|SunnyDay|[from] ability: Drought|[of] p2b: Groudon\n|-ability|p2a: Incineroar|Intimidate|boost\n|-unboost|p1a: Miraidon|atk|1\n|-unboost|p1b: Grimmsnarl|atk|1\n|turn|1\n|inactive|JakeNBake3D has 30 seconds left.\n|\n|t:|1776780074\n|switch|p1a: Lunala|Lunala, L50, shiny|100/100\n|-enditem|p1a: Lunala|Electric Seed\n|-boost|p1a: Lunala|def|1|[from] item: Electric Seed\n|move|p1b: Grimmsnarl|Reflect|p1b: Grimmsnarl\n|-sidestart|p1: JakeNBake3D|Reflect\n|move|p2b: Groudon|Precipice Blades|p1a: Lunala|[spread] p1a,p1b\n|-damage|p1a: Lunala|92/100\n|-damage|p1b: Grimmsnarl|65/100\n|move|p2a: Incineroar|Knock Off|p1a: Lunala\n|-supereffective|p1a: Lunala\n|-damage|p1a: Lunala|50/100\n|\n|-weather|SunnyDay|[upkeep]\n|upkeep\n|turn|2\n|inactive|JakeNBake3D has 30 seconds left.\n|\n|t:|1776780105\n|-terastallize|p1a: Lunala|Fairy\n|move|p1b: Grimmsnarl|Light Screen|p1b: Grimmsnarl\n|-sidestart|p1: JakeNBake3D|move: Light Screen\n|move|p2b: Groudon|Iron Head|p1b: Grimmsnarl\n|-supereffective|p1b: Grimmsnarl\n|-damage|p1b: Grimmsnarl|28/100\n|move|p2a: Incineroar|Knock Off|p1b: Grimmsnarl\n|-resisted|p1b: Grimmsnarl\n|-damage|p1b: Grimmsnarl|21/100\n|-enditem|p1b: Grimmsnarl|Light Clay|[from] move: Knock Off|[of] p2a: Incineroar\n|move|p1a: Lunala|Trick Room|p1a: Lunala\n|-fieldstart|move: Trick Room|[of] p1a: Lunala\n|\n|-weather|SunnyDay|[upkeep]\n|upkeep\n|turn|3\n|inactive|JakeNBake3D has 30 seconds left.\n|\n|t:|1776780137\n|move|p2a: Incineroar|Knock Off|p1b: Grimmsnarl\n|-resisted|p1b: Grimmsnarl\n|-damage|p1b: Grimmsnarl|16/100\n|move|p1b: Grimmsnarl|Spirit Break|p2a: Incineroar\n|-damage|p2a: Incineroar|83/100\n|-unboost|p2a: Incineroar|spa|1\n|move|p2b: Groudon|Iron Head|p1a: Lunala\n|-supereffective|p1a: Lunala\n|-damage|p1a: Lunala|30/100\n|cant|p1a: Lunala|flinch\n|\n|-weather|SunnyDay|[upkeep]\n|upkeep\n|turn|4\n|inactive|JakeNBake3D has 30 seconds left.\n|\n|t:|1776780166\n|move|p2a: Incineroar|U-turn|p1b: Grimmsnarl\n|-damage|p1b: Grimmsnarl|2/100\n|\n|t:|1776780169\n|switch|p2a: Amoonguss|Amoonguss, L50, M|100/100|[from] U-turn\n|move|p1b: Grimmsnarl|Spirit Break|p2a: Amoonguss\n|-resisted|p2a: Amoonguss\n|-damage|p2a: Amoonguss|90/100\n|-unboost|p2a: Amoonguss|spa|1\n|move|p2b: Groudon|Iron Head|p1a: Lunala\n|-supereffective|p1a: Lunala\n|-crit|p1a: Lunala\n|-damage|p1a: Lunala|0 fnt\n|faint|p1a: Lunala\n|\n|-weather|SunnyDay|[upkeep]\n|-heal|p2a: Amoonguss|96/100|[from] item: Black Sludge\n|upkeep\n|\n|t:|1776780189\n|switch|p1a: Ursaluna|Ursaluna, L50, F, shiny|100/100\n|turn|5\n|inactive|JakeNBake3D has 30 seconds left.\n|\n|t:|1776780223\n|switch|p2a: Incineroar|Incineroar, L50, M|83/100\n|-ability|p2a: Incineroar|Intimidate|boost\n|-unboost|p1a: Ursaluna|atk|1\n|-unboost|p1b: Grimmsnarl|atk|1\n|move|p1a: Ursaluna|Protect|p1a: Ursaluna\n|-singleturn|p1a: Ursaluna|Protect\n|move|p1b: Grimmsnarl|Spirit Break|p2a: Incineroar\n|-damage|p2a: Incineroar|69/100\n|-unboost|p2a: Incineroar|spa|1\n|move|p2b: Groudon|Precipice Blades|p1b: Grimmsnarl|[spread] p1b\n|-activate|p1a: Ursaluna|move: Protect\n|-damage|p1b: Grimmsnarl|0 fnt\n|faint|p1b: Grimmsnarl\n|\n|-weather|none\n|-fieldend|move: Electric Terrain\n|-status|p1a: Ursaluna|brn|[from] item: Flame Orb\n|upkeep\n|\n|t:|1776780242\n|switch|p1b: Miraidon|Miraidon, L50|100/100\n|-fieldstart|move: Electric Terrain|[from] ability: Hadron Engine|[of] p1b: Miraidon\n|turn|6\n|\n|t:|1776780256\n|move|p2a: Incineroar|Fake Out|p1a: Ursaluna\n|-damage|p1a: Ursaluna|95/100 brn\n|cant|p1a: Ursaluna|flinch\n|move|p2b: Groudon|Precipice Blades|p1a: Ursaluna|[spread] p1a,p1b\n|-supereffective|p1b: Miraidon\n|-damage|p1a: Ursaluna|66/100 brn\n|-damage|p1b: Miraidon|44/100\n|move|p1b: Miraidon|Electro Drift|p2a: Incineroar\n|-damage|p2a: Incineroar|6/100\n|\n|-damage|p1a: Ursaluna|61/100 brn|[from] brn\n|-fieldend|move: Trick Room\n|upkeep\n|turn|7\n|inactive|JakeNBake3D has 30 seconds left.\n|\n|t:|1776780287\n|switch|p2a: Amoonguss|Amoonguss, L50, M|100/100\n|move|p2b: Groudon|Protect|p2b: Groudon\n|-singleturn|p2b: Groudon|Protect\n|move|p1b: Miraidon|Snarl|p2a: Amoonguss|[spread] p2a\n|-activate|p2b: Groudon|move: Protect\n|-damage|p2a: Amoonguss|81/100\n|-unboost|p2a: Amoonguss|spa|1\n|move|p1a: Ursaluna|Facade|p2b: Groudon\n|-activate|p2b: Groudon|move: Protect\n|\n|-heal|p2a: Amoonguss|87/100|[from] item: Black Sludge\n|-damage|p1a: Ursaluna|55/100 brn|[from] brn\n|upkeep\n|turn|8\n|inactive|JakeNBake3D has 30 seconds left.\n|\n|t:|1776780316\n|switch|p2a: Incineroar|Incineroar, L50, M|6/100\n|-ability|p2a: Incineroar|Intimidate|boost\n|-unboost|p1a: Ursaluna|atk|1\n|-unboost|p1b: Miraidon|atk|1\n|move|p1a: Ursaluna|Protect|p1a: Ursaluna\n|-singleturn|p1a: Ursaluna|Protect\n|move|p1b: Miraidon|Draco Meteor|p2a: Incineroar\n|-damage|p2a: Incineroar|0 fnt\n|-unboost|p1b: Miraidon|spa|2\n|faint|p2a: Incineroar\n|move|p2b: Groudon|Precipice Blades|p1b: Miraidon|[spread] \n|-activate|p1a: Ursaluna|move: Protect\n|-miss|p2b: Groudon|p1b: Miraidon\n|\n|-damage|p1a: Ursaluna|49/100 brn|[from] brn\n|-sideend|p1: JakeNBake3D|Reflect\n|upkeep\n|\n|t:|1776780325\n|switch|p2a: Amoonguss|Amoonguss, L50, M|100/100\n|turn|9\n|\n|t:|1776780342\n|move|p2a: Amoonguss|Rage Powder|p2a: Amoonguss\n|-singleturn|p2a: Amoonguss|move: Rage Powder\n|move|p1b: Miraidon|Snarl|p2b: Groudon|[spread] p2a,p2b\n|-damage|p2a: Amoonguss|92/100\n|-damage|p2b: Groudon|90/100\n|-unboost|p2a: Amoonguss|spa|1\n|move|p2b: Groudon|Precipice Blades|p1b: Miraidon|[spread] p1a,p1b\n|-supereffective|p1b: Miraidon\n|-damage|p1a: Ursaluna|12/100 brn\n|-damage|p1b: Miraidon|0 fnt\n|faint|p1b: Miraidon\n|move|p1a: Ursaluna|Facade|p2a: Amoonguss\n|-damage|p2a: Amoonguss|34/100\n|\n|-heal|p2a: Amoonguss|39/100|[from] item: Black Sludge\n|-damage|p1a: Ursaluna|6/100 brn|[from] brn\n|-sideend|p1: JakeNBake3D|move: Light Screen\n|upkeep\n|turn|10\n|-message|JakeNBake3D forfeited.\n|\n|win|big_lenny99\n|raw|JakeNBake3D's rating: 1523 &rarr; <strong>1502</strong><br />(-21 for losing)\n|raw|big_lenny99's rating: 1508 &rarr; <strong>1529</strong><br />(+21 for winning)\n|l|\u2606JakeNBake3D\n|player|p1|\n|l|\u2606big_lenny99\n|player|p2|\n","uploadtime":1776780630,"views":9,"formatid":"gen9vgc2026regi","rating":1502,"private":0,"password":null}