{"id":"gen9vgc2026regi-2559834222","format":"[Gen 9] VGC 2026 Reg I","players":["BanKingambit69247","bigsoppyclown"],"log":"|j|\u2606BanKingambit69247\n|j|\u2606bigsoppyclown\n|t:|1773614430\n|gametype|doubles\n|player|p1|BanKingambit69247|170|1410\n|player|p2|bigsoppyclown|clown|1276\n|gen|9\n|tier|[Gen 9] VGC 2026 Reg I\n|rated|\n|rule|Species Clause: Limit one of each Pok\u00e9mon\n|rule|Item Clause: Limit 1 of each item\n|clearpoke\n|poke|p1|Calyrex-Shadow, L50|\n|poke|p1|Zamazenta-*, L50|\n|poke|p1|Chien-Pao, L50|\n|poke|p1|Smeargle, L50, F|\n|poke|p1|Dondozo, L50, M|\n|poke|p1|Tatsugiri, L50, M|\n|poke|p2|Solgaleo, L50|\n|poke|p2|Grimmsnarl, L50, M|\n|poke|p2|Groudon, L50|\n|poke|p2|Raging Bolt, L50|\n|poke|p2|Rillaboom, L50, M|\n|poke|p2|Dondozo, L50, M|\n|teampreview|4\n|inactive|Battle timer is ON: inactive players will automatically lose when time's up. (requested by BanKingambit69247)\n|\n|t:|1773614452\n|teamsize|p1|4\n|teamsize|p2|4\n|start\n|switch|p1a: \u6211\u5927\u54e5|Smeargle, L50, F|100/100\n|switch|p1b: \u8bf6\u4f60\u600e\u4e48\u6b7b\u4e86?\u267f\u267f\u267f|Calyrex-Shadow, L50|100/100\n|switch|p2a: Solgaleo|Solgaleo, L50|100/100\n|switch|p2b: Grimmsnarl|Grimmsnarl, L50, M|100/100\n|-ability|p1b: \u8bf6\u4f60\u600e\u4e48\u6b7b\u4e86?\u267f\u267f\u267f|As One\n|-ability|p1b: \u8bf6\u4f60\u600e\u4e48\u6b7b\u4e86?\u267f\u267f\u267f|Unnerve\n|turn|1\n|inactive|bigsoppyclown has 30 seconds left.\n|\n|t:|1773614485\n|-terastallize|p1b: \u8bf6\u4f60\u600e\u4e48\u6b7b\u4e86?\u267f\u267f\u267f|Ghost\n|move|p2a: Solgaleo|Protect|p2a: Solgaleo\n|-singleturn|p2a: Solgaleo|Protect\n|move|p1a: \u6211\u5927\u54e5|Fake Out|p2b: Grimmsnarl\n|-crit|p2b: Grimmsnarl\n|-damage|p2b: Grimmsnarl|80/100\n|move|p2b: Grimmsnarl|Thunder Wave|p1b: \u8bf6\u4f60\u600e\u4e48\u6b7b\u4e86?\u267f\u267f\u267f\n|-status|p1b: \u8bf6\u4f60\u600e\u4e48\u6b7b\u4e86?\u267f\u267f\u267f|par\n|move|p1b: \u8bf6\u4f60\u600e\u4e48\u6b7b\u4e86?\u267f\u267f\u267f|Astral Barrage|p2b: Grimmsnarl|[spread] p2b\n|-activate|p2a: Solgaleo|move: Protect\n|-resisted|p2b: Grimmsnarl\n|-damage|p2b: Grimmsnarl|30/100\n|\n|upkeep\n|turn|2\n|inactive|bigsoppyclown has 30 seconds left.\n|inactive|bigsoppyclown has 20 seconds left.\n|inactive|bigsoppyclown has 15 seconds left.\n|\n|t:|1773614526\n|-terastallize|p2a: Solgaleo|Fire\n|move|p1a: \u6211\u5927\u54e5|Follow Me|p1a: \u6211\u5927\u54e5\n|-singleturn|p1a: \u6211\u5927\u54e5|move: Follow Me\n|move|p2b: Grimmsnarl|Swagger|p1a: \u6211\u5927\u54e5\n|-boost|p1a: \u6211\u5927\u54e5|atk|2\n|-start|p1a: \u6211\u5927\u54e5|confusion\n|-enditem|p2a: Solgaleo|Mirror Herb\n|-boost|p2a: Solgaleo|atk|2|[from] item: Mirror Herb\n|move|p2a: Solgaleo|Flame Charge|p1a: \u6211\u5927\u54e5\n|-enditem|p1a: \u6211\u5927\u54e5|Focus Sash\n|-damage|p1a: \u6211\u5927\u54e5|1/100\n|-boost|p2a: Solgaleo|spe|1\n|cant|p1b: \u8bf6\u4f60\u600e\u4e48\u6b7b\u4e86?\u267f\u267f\u267f|par\n|\n|upkeep\n|turn|3\n|\n|t:|1773614550\n|-activate|p1a: \u6211\u5927\u54e5|confusion\n|move|p1a: \u6211\u5927\u54e5|Follow Me|p1a: \u6211\u5927\u54e5\n|-singleturn|p1a: \u6211\u5927\u54e5|move: Follow Me\n|move|p2a: Solgaleo|Sunsteel Strike|p1a: \u6211\u5927\u54e5\n|-damage|p1a: \u6211\u5927\u54e5|0 fnt\n|faint|p1a: \u6211\u5927\u54e5\n|cant|p1b: \u8bf6\u4f60\u600e\u4e48\u6b7b\u4e86?\u267f\u267f\u267f|par\n|move|p2b: Grimmsnarl|Spirit Break|p1b: \u8bf6\u4f60\u600e\u4e48\u6b7b\u4e86?\u267f\u267f\u267f\n|-damage|p1b: \u8bf6\u4f60\u600e\u4e48\u6b7b\u4e86?\u267f\u267f\u267f|66/100 par\n|-unboost|p1b: \u8bf6\u4f60\u600e\u4e48\u6b7b\u4e86?\u267f\u267f\u267f|spa|1\n|\n|upkeep\n|\n|t:|1773614556\n|switch|p1a: \u773c\u795e\u5446\u6ede\ud83e\udd2a|Dondozo, L50, M, shiny|100/100\n|turn|4\n|\n|t:|1773614569\n|switch|p1b: \u68d5\u8272\u5c0f\u6590\u6d4e\u5317\ud83d\ude0b|Tatsugiri, L50, M, shiny|100/100\n|-activate|p1b: \u68d5\u8272\u5c0f\u6590\u6d4e\u5317\ud83d\ude0b|ability: Commander|[of] p1a: \u773c\u795e\u5446\u6ede\ud83e\udd2a\n|-boost|p1a: \u773c\u795e\u5446\u6ede\ud83e\udd2a|atk|2\n|-boost|p1a: \u773c\u795e\u5446\u6ede\ud83e\udd2a|spa|2\n|-boost|p1a: \u773c\u795e\u5446\u6ede\ud83e\udd2a|spe|2\n|-boost|p1a: \u773c\u795e\u5446\u6ede\ud83e\udd2a|def|2\n|-boost|p1a: \u773c\u795e\u5446\u6ede\ud83e\udd2a|spd|2\n|move|p2a: Solgaleo|Protect|p2a: Solgaleo\n|-singleturn|p2a: Solgaleo|Protect\n|move|p2b: Grimmsnarl|Thunder Wave|p1a: \u773c\u795e\u5446\u6ede\ud83e\udd2a\n|-status|p1a: \u773c\u795e\u5446\u6ede\ud83e\udd2a|par\n|move|p1a: \u773c\u795e\u5446\u6ede\ud83e\udd2a|Earthquake|p2a: Solgaleo|[spread] p2b\n|-miss|p1a: \u773c\u795e\u5446\u6ede\ud83e\udd2a|p1b: \u68d5\u8272\u5c0f\u6590\u6d4e\u5317\ud83d\ude0b\n|-activate|p2a: Solgaleo|move: Protect\n|-damage|p2b: Grimmsnarl|0 fnt\n|faint|p2b: Grimmsnarl\n|\n|upkeep\n|\n|t:|1773614585\n|switch|p2b: Raging Bolt|Raging Bolt, L50|100/100\n|turn|5\n|inactive|bigsoppyclown has 30 seconds left.\n|\n|t:|1773614617\n|switch|p2a: Groudon|Groudon, L50|100/100\n|-weather|SunnyDay|[from] ability: Drought|[of] p2a: Groudon\n|-activate|p2b: Raging Bolt|ability: Protosynthesis\n|-start|p2b: Raging Bolt|protosynthesisspa\n|move|p2b: Raging Bolt|Thunderbolt|p1a: \u773c\u795e\u5446\u6ede\ud83e\udd2a\n|-supereffective|p1a: \u773c\u795e\u5446\u6ede\ud83e\udd2a\n|-damage|p1a: \u773c\u795e\u5446\u6ede\ud83e\udd2a|41/100 par\n|move|p1a: \u773c\u795e\u5446\u6ede\ud83e\udd2a|Earthquake|p2b: Raging Bolt|[spread] p2a,p2b\n|-miss|p1a: \u773c\u795e\u5446\u6ede\ud83e\udd2a|p1b: \u68d5\u8272\u5c0f\u6590\u6d4e\u5317\ud83d\ude0b\n|-supereffective|p2b: Raging Bolt\n|-damage|p2a: Groudon|79/100\n|-damage|p2b: Raging Bolt|50/100\n|\n|-weather|SunnyDay|[upkeep]\n|-heal|p1a: \u773c\u795e\u5446\u6ede\ud83e\udd2a|48/100 par|[from] item: Leftovers\n|upkeep\n|turn|6\n|\n|t:|1773614628\n|cant|p1a: \u773c\u795e\u5446\u6ede\ud83e\udd2a|par\n|move|p2a: Groudon|Precipice Blades|p1b: \u68d5\u8272\u5c0f\u6590\u6d4e\u5317\ud83d\ude0b|[spread] p1a\n|-miss|p2a: Groudon|p1b: \u68d5\u8272\u5c0f\u6590\u6d4e\u5317\ud83d\ude0b\n|-damage|p1a: \u773c\u795e\u5446\u6ede\ud83e\udd2a|29/100 par\n|move|p2b: Raging Bolt|Thunderbolt|p1a: \u773c\u795e\u5446\u6ede\ud83e\udd2a\n|-supereffective|p1a: \u773c\u795e\u5446\u6ede\ud83e\udd2a\n|-damage|p1a: \u773c\u795e\u5446\u6ede\ud83e\udd2a|0 fnt\n|faint|p1a: \u773c\u795e\u5446\u6ede\ud83e\udd2a\n|\n|-weather|SunnyDay|[upkeep]\n|upkeep\n|\n|t:|1773614630\n|switch|p1a: \u8bf6\u4f60\u600e\u4e48\u6b7b\u4e86?\u267f\u267f\u267f|Calyrex-Shadow, L50, tera:Ghost|66/100 par\n|-ability|p1a: \u8bf6\u4f60\u600e\u4e48\u6b7b\u4e86?\u267f\u267f\u267f|As One\n|-ability|p1a: \u8bf6\u4f60\u600e\u4e48\u6b7b\u4e86?\u267f\u267f\u267f|Unnerve\n|turn|7\n|\n|t:|1773614642\n|move|p2b: Raging Bolt|Protect|p2b: Raging Bolt\n|-singleturn|p2b: Raging Bolt|Protect\n|move|p1b: \u68d5\u8272\u5c0f\u6590\u6d4e\u5317\ud83d\ude0b|Dragon Pulse|p2b: Raging Bolt\n|-activate|p2b: Raging Bolt|move: Protect\n|move|p2a: Groudon|Precipice Blades|p1b: \u68d5\u8272\u5c0f\u6590\u6d4e\u5317\ud83d\ude0b|[spread] p1a\n|-miss|p2a: Groudon|p1b: \u68d5\u8272\u5c0f\u6590\u6d4e\u5317\ud83d\ude0b\n|-damage|p1a: \u8bf6\u4f60\u600e\u4e48\u6b7b\u4e86?\u267f\u267f\u267f|0 fnt\n|faint|p1a: \u8bf6\u4f60\u600e\u4e48\u6b7b\u4e86?\u267f\u267f\u267f\n|\n|-weather|SunnyDay|[upkeep]\n|upkeep\n|turn|8\n|-message|BanKingambit69247 forfeited.\n|\n|win|bigsoppyclown\n|raw|BanKingambit69247's rating: 1410 &rarr; <strong>1383</strong><br />(-27 for losing)\n|raw|bigsoppyclown's rating: 1276 &rarr; <strong>1310</strong><br />(+34 for winning)\n|l|\u2606BanKingambit69247\n|player|p1|\n|l|\u2606bigsoppyclown\n|player|p2|\n","uploadtime":1773614834,"views":10,"formatid":"gen9vgc2026regi","rating":1310,"private":0,"password":null}