{"id":"gen9vgc2026regi-2543757457","format":"[Gen 9] VGC 2026 Reg I","players":["marcxhenry","Voltivist_992"],"log":"|j|\u2606marcxhenry\n|j|\u2606Voltivist_992\n|t:|1771613123\n|gametype|doubles\n|player|p1|marcxhenry|hilbert-wonderlauncher|1421\n|player|p2|Voltivist_992|grimsley|1349\n|gen|9\n|tier|[Gen 9] VGC 2026 Reg I\n|rated|\n|rule|Species Clause: Limit one of each Pok\u00e9mon\n|rule|Item Clause: Limit 1 of each item\n|clearpoke\n|poke|p1|Calyrex-Shadow, L50|\n|poke|p1|Urshifu-*, L50, M|\n|poke|p1|Roaring Moon, L50|\n|poke|p1|Kyogre, L50|\n|poke|p1|Tsareena, L50, F|\n|poke|p1|Kingambit, L50, M|\n|poke|p2|Calyrex-Ice, L50|\n|poke|p2|Indeedee-F, L50, F|\n|poke|p2|Torkoal, L50, M|\n|poke|p2|Amoonguss, L50, F|\n|poke|p2|Ursaluna, L50, F|\n|poke|p2|Lunala, L50|\n|teampreview|4\n|\n|t:|1771613147\n|teamsize|p1|4\n|teamsize|p2|4\n|start\n|switch|p1a: Tripitz|Kyogre, L50, shiny|100/100\n|switch|p1b: Hitmonshe|Tsareena, L50, F, shiny|100/100\n|switch|p2a: King of Scottland|Calyrex-Ice, L50|100/100\n|switch|p2b: Royal Maid|Indeedee-F, L50, F|100/100\n|-ability|p2a: King of Scottland|As One\n|-ability|p2a: King of Scottland|Unnerve\n|-weather|RainDance|[from] ability: Drizzle|[of] p1a: Tripitz\n|-fieldstart|move: Psychic Terrain|[from] ability: Psychic Surge|[of] p2b: Royal Maid\n|-enditem|p2b: Royal Maid|Psychic Seed\n|-boost|p2b: Royal Maid|spd|1|[from] item: Psychic Seed\n|turn|1\n|\n|t:|1771613177\n|-terastallize|p1b: Hitmonshe|Water\n|move|p2a: King of Scottland|Protect|p2a: King of Scottland\n|-singleturn|p2a: King of Scottland|Protect\n|move|p1a: Tripitz|Water Spout|p2b: Royal Maid|[spread] p2b\n|-activate|p2a: King of Scottland|move: Protect\n|-damage|p2b: Royal Maid|24/100\n|move|p1b: Hitmonshe|Taunt|p2b: Royal Maid\n|-start|p2b: Royal Maid|move: Taunt\n|cant|p2b: Royal Maid|move: Taunt|Trick Room\n|\n|-weather|RainDance|[upkeep]\n|upkeep\n|turn|2\n|\n|t:|1771613195\n|switch|p2a: High Chancellor|Lunala, L50, shiny|100/100\n|move|p1a: Tripitz|Water Spout|p2b: Royal Maid|[spread] p2a,p2b\n|-damage|p2a: High Chancellor|57/100\n|-damage|p2b: Royal Maid|0 fnt\n|faint|p2b: Royal Maid\n|move|p1b: Hitmonshe|Taunt|p2a: High Chancellor\n|-start|p2a: High Chancellor|move: Taunt\n|\n|-weather|RainDance|[upkeep]\n|upkeep\n|\n|t:|1771613206\n|switch|p2b: Beloved Turtle|Torkoal, L50, M|100/100\n|-weather|SunnyDay|[from] ability: Drought|[of] p2b: Beloved Turtle\n|turn|3\n|\n|t:|1771613225\n|switch|p2b: King of Scottland|Calyrex-Ice, L50|100/100\n|-ability|p2b: King of Scottland|As One\n|-ability|p2b: King of Scottland|Unnerve\n|move|p1a: Tripitz|Water Spout|p2a: High Chancellor|[spread] p2a,p2b\n|-damage|p2a: High Chancellor|30/100\n|-damage|p2b: King of Scottland|73/100\n|move|p1b: Hitmonshe|Power Whip|p2a: High Chancellor\n|-damage|p2a: High Chancellor|0 fnt\n|faint|p2a: High Chancellor\n|\n|-weather|SunnyDay|[upkeep]\n|upkeep\n|\n|t:|1771613239\n|switch|p2a: Beloved Turtle|Torkoal, L50, M|100/100\n|turn|4\n|\n|t:|1771613260\n|move|p1a: Tripitz|Water Spout|p2b: King of Scottland|[spread] p2a,p2b\n|-supereffective|p2a: Beloved Turtle\n|-damage|p2a: Beloved Turtle|0 fnt\n|-damage|p2b: King of Scottland|43/100\n|faint|p2a: Beloved Turtle\n|move|p1b: Hitmonshe|Taunt|p2b: King of Scottland\n|-start|p2b: King of Scottland|move: Taunt\n|move|p2b: King of Scottland|High Horsepower|p1a: Tripitz\n|-damage|p1a: Tripitz|49/100\n|\n|-weather|SunnyDay|[upkeep]\n|upkeep\n|turn|5\n|\n|t:|1771613275\n|move|p1a: Tripitz|Origin Pulse|p2b: King of Scottland\n|-damage|p2b: King of Scottland|14/100\n|move|p1b: Hitmonshe|Power Whip|p2b: King of Scottland\n|-damage|p2b: King of Scottland|0 fnt\n|faint|p2b: King of Scottland\n|\n|win|marcxhenry\n|raw|marcxhenry's rating: 1421 &rarr; <strong>1437</strong><br />(+16 for winning)\n|raw|Voltivist_992's rating: 1349 &rarr; <strong>1333</strong><br />(-16 for losing)\n","uploadtime":1771613314,"views":23,"formatid":"gen9vgc2026regi","rating":1333,"private":0,"password":null}