{"id":"gen9vgc2026regi-2549984968","format":"[Gen 9] VGC 2026 Reg I","players":["I\u2764\ufe0f\u5a1c\u7984forever","t1penny"],"log":"|j|\u2606I\u2764\ufe0f\u5a1c\u7984forever\n|j|\u2606t1penny\n|t:|1772436656\n|gametype|doubles\n|player|p1|I\u2764\ufe0f\u5a1c\u7984forever|youngcouple-gen4dp|1499\n|player|p2|t1penny|hilda|1415\n|gen|9\n|tier|[Gen 9] VGC 2026 Reg I\n|rated|\n|rule|Species Clause: Limit one of each Pok\u00e9mon\n|rule|Item Clause: Limit 1 of each item\n|clearpoke\n|poke|p1|Groudon, L50|\n|poke|p1|Kyurem-White, L50|\n|poke|p1|Heatran, L50, F|\n|poke|p1|Whimsicott, L50, M|\n|poke|p1|Roaring Moon, L50|\n|poke|p1|Ditto, L50|\n|poke|p2|Terapagos, L50, M|\n|poke|p2|Calyrex-Shadow, L50|\n|poke|p2|Incineroar, L50, F|\n|poke|p2|Tornadus, L50, M|\n|poke|p2|Smeargle, L50, F|\n|poke|p2|Farigiraf, L50, M|\n|teampreview|4\n|inactive|Battle timer is ON: inactive players will automatically lose when time's up. (requested by t1penny)\n|\n|t:|1772436691\n|teamsize|p1|4\n|teamsize|p2|4\n|start\n|switch|p1a: Roaring Moon|Roaring Moon, L50|100/100\n|switch|p1b: Kyurem|Kyurem-White, L50|100/100\n|switch|p2a: Rat|Smeargle, L50, F|100/100\n|switch|p2b: Tonkers|Terapagos, L50, M|100/100\n|-activate|p2b: Tonkers|ability: Tera Shift\n|detailschange|p2b: Tonkers|Terapagos-Terastal, L50, M\n|-heal|p2b: Tonkers|100/100|[silent]\n|-ability|p1b: Kyurem|Turboblaze\n|turn|1\n|inactive|t1penny has 30 seconds left.\n|inactive|t1penny has 20 seconds left.\n|\n|t:|1772436727\n|-terastallize|p2b: Tonkers|Stellar\n|detailschange|p2b: Tonkers|Terapagos-Stellar, L50, M, tera:Stellar\n|-heal|p2b: Tonkers|100/100|[silent]\n|move|p1a: Roaring Moon|Rock Slide|p2a: Rat|[spread] p2a,p2b\n|-damage|p2a: Rat|52/100\n|-damage|p2b: Tonkers|86/100\n|move|p2a: Rat|Decorate|p2b: Tonkers\n|-boost|p2b: Tonkers|atk|2\n|-boost|p2b: Tonkers|spa|2\n|move|p2b: Tonkers|Tera Starstorm|p1a: Roaring Moon|[spread] p1a,p1b\n|-damage|p1a: Roaring Moon|3/100\n|-damage|p1b: Kyurem|4/100\n|move|p1b: Kyurem|Blizzard|p2a: Rat|[spread] p2b\n|-miss|p1b: Kyurem|p2a: Rat\n|-enditem|p1b: Kyurem|Blunder Policy\n|-boost|p1b: Kyurem|spe|2\n|-damage|p2b: Tonkers|44/100\n|\n|-ability|p2a: Rat|Moody|boost\n|-boost|p2a: Rat|spa|2\n|-unboost|p2a: Rat|spe|1\n|upkeep\n|turn|2\n|inactive|I\u2764\ufe0f\u5a1c\u7984forever has 30 seconds left.\n|inactive|t1penny has 30 seconds left.\n|inactive|I\u2764\ufe0f\u5a1c\u7984forever has 20 seconds left.\n|inactive|I\u2764\ufe0f\u5a1c\u7984forever has 15 seconds left.\n|\n|t:|1772436767\n|switch|p2a: Hattie|Farigiraf, L50, M|100/100\n|move|p1b: Kyurem|Fusion Flare|p2b: Tonkers\n|-damage|p2b: Tonkers|10/100\n|move|p1a: Roaring Moon|Rock Slide|p2a: Hattie|[spread] p2b\n|-miss|p1a: Roaring Moon|p2a: Hattie\n|-damage|p2b: Tonkers|0 fnt\n|faint|p2b: Tonkers\n|detailschange|p2: Tonkers|Terapagos, L50, M|[silent]\n|\n|upkeep\n|\n|t:|1772436783\n|switch|p2b: Cali|Calyrex-Shadow, L50|100/100\n|-ability|p2b: Cali|As One\n|-ability|p2b: Cali|Unnerve\n|turn|3\n|\n|t:|1772436804\n|move|p1b: Kyurem|Shadow Ball|p2b: Cali\n|-supereffective|p2b: Cali\n|-damage|p2b: Cali|0 fnt\n|faint|p2b: Cali\n|move|p1a: Roaring Moon|Rock Slide|p2a: Hattie\n|-damage|p2a: Hattie|74/100\n|move|p2a: Hattie|Foul Play|p1a: Roaring Moon\n|-resisted|p1a: Roaring Moon\n|-damage|p1a: Roaring Moon|0 fnt\n|faint|p1a: Roaring Moon\n|-end|p1a: Roaring Moon|Protosynthesis|[silent]\n|\n|upkeep\n|\n|t:|1772436815\n|switch|p2b: Rat|Smeargle, L50, F|52/100\n|switch|p1a: Heatran|Heatran, L50, F|100/100\n|turn|4\n|\n|t:|1772436840\n|move|p2b: Rat|Fake Out|p1a: Heatran\n|-resisted|p1a: Heatran\n|-damage|p1a: Heatran|98/100\n|move|p1b: Kyurem|Blizzard|p2a: Hattie|[spread] p2b\n|-miss|p1b: Kyurem|p2a: Hattie\n|-damage|p2b: Rat|0 fnt\n|faint|p2b: Rat\n|cant|p1a: Heatran|flinch\n|move|p2a: Hattie|Psychic|p1b: Kyurem\n|-crit|p1b: Kyurem\n|-damage|p1b: Kyurem|0 fnt\n|faint|p1b: Kyurem\n|\n|-heal|p1a: Heatran|100/100|[from] item: Leftovers\n|upkeep\n|\n|t:|1772436851\n|switch|p1b: Groudon|Groudon, L50|100/100\n|-weather|SunnyDay|[from] ability: Drought|[of] p1b: Groudon\n|turn|5\n|-message|t1penny forfeited.\n|\n|win|I\u2764\ufe0f\u5a1c\u7984forever\n|raw|I\u2764\ufe0f\u5a1c\u7984forever's rating: 1499 &rarr; <strong>1514</strong><br />(+15 for winning)\n|raw|t1penny's rating: 1415 &rarr; <strong>1400</strong><br />(-15 for losing)\n|l|\u2606t1penny\n|player|p2|\n|l|\u2606I\u2764\ufe0f\u5a1c\u7984forever\n|player|p1|\n","uploadtime":1772437081,"views":14,"formatid":"gen9vgc2026regi","rating":1400,"private":0,"password":null}