{"id":"gen9vgc2026regi-2560940618","format":"[Gen 9] VGC 2026 Reg I","players":["slimeslatt252","tryashy"],"log":"|j|\u2606slimeslatt252\n|j|\u2606tryashy\n|t:|1773749953\n|gametype|doubles\n|player|p1|slimeslatt252|102|1368\n|player|p2|tryashy|dawn|1531\n|gen|9\n|tier|[Gen 9] VGC 2026 Reg I\n|rated|\n|rule|Species Clause: Limit one of each Pok\u00e9mon\n|rule|Item Clause: Limit 1 of each item\n|clearpoke\n|poke|p1|Calyrex-Shadow, L50|\n|poke|p1|Koraidon, L50|\n|poke|p1|Raging Bolt, L50|\n|poke|p1|Incineroar, L50, M|\n|poke|p1|Landorus, L50, M|\n|poke|p1|Brute Bonnet, L50|\n|poke|p2|Calyrex-Ice, L50|\n|poke|p2|Kyogre, L50|\n|poke|p2|Landorus, L50, M|\n|poke|p2|Smeargle, L50, F|\n|poke|p2|Urshifu-*, L50, F|\n|poke|p2|Bruxish, L50, F|\n|teampreview|4\n|inactive|Battle timer is ON: inactive players will automatically lose when time's up. (requested by slimeslatt252)\n|\n|t:|1773749972\n|teamsize|p1|4\n|teamsize|p2|4\n|start\n|switch|p1a: raging dingus|Raging Bolt, L50|100/100\n|switch|p1b: Calyrex|Calyrex-Shadow, L50|100/100\n|switch|p2a: Calyrex|Calyrex-Ice, L50|100/100\n|switch|p2b: Smeargle|Smeargle, L50, F|100/100\n|-ability|p1b: Calyrex|As One\n|-ability|p1b: Calyrex|Unnerve\n|-ability|p2a: Calyrex|As One\n|-ability|p2a: Calyrex|Unnerve\n|turn|1\n|inactive|slimeslatt252 has 30 seconds left.\n|\n|t:|1773750007\n|-terastallize|p1a: raging dingus|Electric\n|move|p2b: Smeargle|Wide Guard|p2b: Smeargle\n|-singleturn|p2b: Smeargle|Wide Guard\n|move|p1b: Calyrex|Psychic|p2b: Smeargle\n|-enditem|p2b: Smeargle|Focus Sash\n|-damage|p2b: Smeargle|1/100\n|move|p1a: raging dingus|Thunderbolt|p2b: Smeargle\n|-damage|p2b: Smeargle|0 fnt\n|faint|p2b: Smeargle\n|move|p2a: Calyrex|Trick Room|p2a: Calyrex\n|-fieldstart|move: Trick Room|[of] p2a: Calyrex\n|\n|upkeep\n|\n|t:|1773750017\n|switch|p2b: Kyogre|Kyogre, L50|100/100\n|-weather|RainDance|[from] ability: Drizzle|[of] p2b: Kyogre\n|turn|2\n|inactive|slimeslatt252 has 30 seconds left.\n|\n|t:|1773750047\n|switch|p2a: Bruxish|Bruxish, L50, F|100/100\n|-terastallize|p2b: Kyogre|Water\n|move|p1b: Calyrex|Protect|p1b: Calyrex\n|-singleturn|p1b: Calyrex|Protect\n|move|p1a: raging dingus|Thunderclap||[still]\n|cant|p2a: Bruxish|ability: Dazzling|Thunderclap|[of] p1a: raging dingus\n|move|p2b: Kyogre|Water Spout|p1b: Calyrex|[spread] p1a\n|-activate|p1b: Calyrex|move: Protect\n|-damage|p1a: raging dingus|22/100\n|\n|-weather|RainDance|[upkeep]\n|upkeep\n|turn|3\n|\n|t:|1773750061\n|-end|p1a: raging dingus|Protosynthesis|[silent]\n|switch|p1a: Koraidon|Koraidon, L50|100/100\n|-weather|SunnyDay|[from] ability: Orichalcum Pulse|[of] p1a: Koraidon\n|-activate|p1a: Koraidon|Orichalcum Pulse|[source]\n|move|p2b: Kyogre|Water Spout|p1b: Calyrex|[spread] p1a,p1b\n|-resisted|p1a: Koraidon\n|-damage|p1a: Koraidon|81/100\n|-damage|p1b: Calyrex|55/100\n|move|p2a: Bruxish|Psychic Fangs|p1b: Calyrex\n|-resisted|p1b: Calyrex\n|-damage|p1b: Calyrex|31/100\n|move|p1b: Calyrex|Astral Barrage|p2a: Bruxish|[spread] p2a,p2b\n|-supereffective|p2a: Bruxish\n|-damage|p2a: Bruxish|0 fnt\n|-damage|p2b: Kyogre|67/100\n|faint|p2a: Bruxish\n|-ability|p1b: Calyrex|Grim Neigh|boost\n|-boost|p1b: Calyrex|spa|1\n|\n|-weather|SunnyDay|[upkeep]\n|upkeep\n|\n|t:|1773750072\n|switch|p2a: Calyrex|Calyrex-Ice, L50|100/100\n|-ability|p2a: Calyrex|As One\n|-ability|p2a: Calyrex|Unnerve\n|turn|4\n|inactive|slimeslatt252 has 30 seconds left.\n|\n|t:|1773750105\n|switch|p1a: Brute Bonnet|Brute Bonnet, L50|100/100\n|-activate|p1a: Brute Bonnet|ability: Protosynthesis\n|-start|p1a: Brute Bonnet|protosynthesisdef\n|move|p1b: Calyrex|Protect|p1b: Calyrex\n|-singleturn|p1b: Calyrex|Protect\n|move|p2b: Kyogre|Water Spout|p1b: Calyrex|[spread] p1a\n|-activate|p1b: Calyrex|move: Protect\n|-resisted|p1a: Brute Bonnet\n|-damage|p1a: Brute Bonnet|87/100\n|move|p2a: Calyrex|Glacial Lance|p1a: Brute Bonnet|[spread] p1a\n|-activate|p1b: Calyrex|move: Protect\n|-supereffective|p1a: Brute Bonnet\n|-damage|p1a: Brute Bonnet|24/100\n|\n|-weather|SunnyDay|[upkeep]\n|upkeep\n|turn|5\n|\n|t:|1773750124\n|move|p1a: Brute Bonnet|Sucker Punch|p2a: Calyrex\n|-supereffective|p2a: Calyrex\n|-damage|p2a: Calyrex|66/100\n|move|p2b: Kyogre|Water Spout|p1b: Calyrex|[spread] p1a,p1b\n|-resisted|p1a: Brute Bonnet\n|-damage|p1a: Brute Bonnet|11/100\n|-damage|p1b: Calyrex|2/100\n|move|p2a: Calyrex|Glacial Lance|p1b: Calyrex|[spread] p1a,p1b\n|-supereffective|p1a: Brute Bonnet\n|-damage|p1a: Brute Bonnet|0 fnt\n|-damage|p1b: Calyrex|0 fnt\n|faint|p1a: Brute Bonnet\n|-end|p1a: Brute Bonnet|Protosynthesis|[silent]\n|faint|p1b: Calyrex\n|-ability|p2a: Calyrex|Chilling Neigh|boost\n|-boost|p2a: Calyrex|atk|2\n|\n|-weather|SunnyDay|[upkeep]\n|-fieldend|move: Trick Room\n|upkeep\n|\n|t:|1773750133\n|switch|p1b: Koraidon|Koraidon, L50|81/100\n|switch|p1a: raging dingus|Raging Bolt, L50, tera:Electric|22/100\n|-activate|p1b: Koraidon|ability: Orichalcum Pulse\n|-activate|p1a: raging dingus|ability: Protosynthesis\n|-start|p1a: raging dingus|protosynthesisspa\n|turn|6\n|-message|tryashy forfeited.\n|\n|win|slimeslatt252\n|raw|slimeslatt252's rating: 1368 &rarr; <strong>1397</strong><br />(+29 for winning)\n|raw|tryashy's rating: 1531 &rarr; <strong>1502</strong><br />(-29 for losing)\n|l|\u2606tryashy\n|player|p2|\n","uploadtime":1773750325,"views":10,"formatid":"gen9vgc2026regi","rating":1397,"private":0,"password":null}