{"id":"gen9vgc2026regi-2564045719","format":"[Gen 9] VGC 2026 Reg I","players":["1VLTSQ Joker","vita mage"],"log":"|raw|<div class=\"broadcast-blue\"><strong>This battle is required to be public due to a player having a name starting with '1vltsq'.</div>\n|j|\u26061VLTSQ Joker\n|j|\u203dvita mage\n|t:|1774103891\n|gametype|doubles\n|player|p1|1VLTSQ Joker|blue|1596\n|player|p2|vita mage|liza|1588\n|gen|9\n|tier|[Gen 9] VGC 2026 Reg I\n|rated|\n|rule|Species Clause: Limit one of each Pok\u00e9mon\n|rule|Item Clause: Limit 1 of each item\n|clearpoke\n|poke|p1|Calyrex-Ice, L50|\n|poke|p1|Smeargle, L50, M|\n|poke|p1|Kyogre, L50|\n|poke|p1|Maushold, L50|\n|poke|p1|Volcarona, L50, F|\n|poke|p1|Chesnaught, L50, F|\n|poke|p2|Calyrex-Shadow, L50|\n|poke|p2|Zamazenta-*, L50|\n|poke|p2|Murkrow, L50, M|\n|poke|p2|Urshifu-*, L50, F|\n|poke|p2|Grimmsnarl, L50, M|\n|poke|p2|Ogerpon-Cornerstone, L50, F|\n|teampreview|4\n|inactive|Battle timer is ON: inactive players will automatically lose when time's up. (requested by vita mage)\n|j| b3testing\n|inactive|1VLTSQ Joker has 60 seconds left.\n|inactive|vita mage has 60 seconds left.\n|\n|t:|1774103943\n|teamsize|p1|4\n|teamsize|p2|4\n|start\n|switch|p1a: Calyrex|Calyrex-Ice, L50|100/100\n|switch|p1b: Smeargle|Smeargle, L50, M|100/100\n|switch|p2a: Grimmsnarl|Grimmsnarl, L50, M|100/100\n|switch|p2b: Urshifu|Urshifu-Rapid-Strike, L50, F|100/100\n|-ability|p1a: Calyrex|As One\n|-ability|p1a: Calyrex|Unnerve\n|turn|1\n|\n|t:|1774103957\n|-terastallize|p1a: Calyrex|Grass\n|move|p1b: Smeargle|Fake Out|p2b: Urshifu\n|-damage|p2b: Urshifu|95/100\n|move|p2b: Urshifu|Surging Strikes|p1b: Smeargle\n|-crit|p1b: Smeargle\n|-damage|p1b: Smeargle|50/100\n|-crit|p1b: Smeargle\n|-damage|p1b: Smeargle|0 fnt\n|faint|p1b: Smeargle\n|-hitcount|p1: Smeargle|2\n|move|p1a: Calyrex|Glacial Lance|p2b: Urshifu|[spread] p2a,p2b\n|-resisted|p2b: Urshifu\n|-damage|p2a: Grimmsnarl|54/100\n|-damage|p2b: Urshifu|68/100\n|move|p2a: Grimmsnarl|Foul Play|p1a: Calyrex\n|-damage|p1a: Calyrex|61/100\n|\n|upkeep\n|\n|t:|1774103972\n|switch|p1b: Volcarona|Volcarona, L50, F|100/100\n|turn|2\n|j| 1vLTsq AK\n|\n|t:|1774103982\n|move|p2b: Urshifu|Detect|p2b: Urshifu\n|-singleturn|p2b: Urshifu|Protect\n|move|p1b: Volcarona|Rage Powder|p1b: Volcarona\n|-singleturn|p1b: Volcarona|move: Rage Powder\n|move|p2a: Grimmsnarl|Light Screen|p2a: Grimmsnarl\n|-sidestart|p2: vita mage|move: Light Screen\n|move|p1a: Calyrex|Glacial Lance|p2a: Grimmsnarl|[spread] p2a\n|-activate|p2b: Urshifu|move: Protect\n|-damage|p2a: Grimmsnarl|9/100\n|\n|upkeep\n|turn|3\n|\n|t:|1774103996\n|move|p2a: Grimmsnarl|Misty Terrain|p2a: Grimmsnarl\n|-fieldstart|move: Misty Terrain\n|move|p2b: Urshifu|Surging Strikes|p1b: Volcarona\n|-supereffective|p1b: Volcarona\n|-crit|p1b: Volcarona\n|-damage|p1b: Volcarona|63/100\n|-damage|p2b: Urshifu|52/100|[from] item: Rocky Helmet|[of] p1b: Volcarona\n|-supereffective|p1b: Volcarona\n|-crit|p1b: Volcarona\n|-damage|p1b: Volcarona|25/100\n|-damage|p2b: Urshifu|35/100|[from] item: Rocky Helmet|[of] p1b: Volcarona\n|-supereffective|p1b: Volcarona\n|-crit|p1b: Volcarona\n|-damage|p1b: Volcarona|0 fnt\n|-damage|p2b: Urshifu|19/100|[from] item: Rocky Helmet|[of] p1b: Volcarona\n|faint|p1b: Volcarona\n|-hitcount|p1: Volcarona|3\n|move|p1a: Calyrex|Glacial Lance|p2b: Urshifu|[spread] p2a,p2b\n|-resisted|p2b: Urshifu\n|-damage|p2a: Grimmsnarl|0 fnt\n|-damage|p2b: Urshifu|0 fnt\n|faint|p2a: Grimmsnarl\n|faint|p2b: Urshifu\n|-ability|p1a: Calyrex|Chilling Neigh|boost\n|-boost|p1a: Calyrex|atk|2\n|\n|upkeep\n|\n|t:|1774104010\n|switch|p2b: Calyrex|Calyrex-Shadow, L50|100/100\n|switch|p1b: Kyogre|Kyogre, L50|100/100\n|switch|p2a: Zamazenta|Zamazenta-Crowned, L50|100/100\n|-ability|p2b: Calyrex|As One\n|-ability|p2b: Calyrex|Unnerve\n|-weather|RainDance|[from] ability: Drizzle|[of] p1b: Kyogre\n|-ability|p2a: Zamazenta|Dauntless Shield|boost\n|-boost|p2a: Zamazenta|def|1\n|turn|4\n|\n|t:|1774104025\n|move|p2b: Calyrex|Astral Barrage|p1a: Calyrex|[spread] p1a,p1b\n|-damage|p1a: Calyrex|32/100\n|-damage|p1b: Kyogre|58/100\n|move|p1b: Kyogre|Hydro Pump|p2b: Calyrex\n|-damage|p2b: Calyrex|45/100\n|move|p2a: Zamazenta|Body Press|p1b: Kyogre\n|-damage|p1b: Kyogre|0 fnt\n|faint|p1b: Kyogre\n|move|p1a: Calyrex|Crunch|p2b: Calyrex\n|-supereffective|p2b: Calyrex\n|-damage|p2b: Calyrex|0 fnt\n|faint|p2b: Calyrex\n|-ability|p1a: Calyrex|Chilling Neigh|boost\n|-boost|p1a: Calyrex|atk|1\n|\n|-weather|RainDance|[upkeep]\n|upkeep\n|turn|5\n|\n|t:|1774104037\n|-terastallize|p2a: Zamazenta|Grass\n|move|p2a: Zamazenta|Body Press|p1a: Calyrex\n|-damage|p1a: Calyrex|0 fnt\n|faint|p1a: Calyrex\n|\n|win|vita mage\n|raw|1VLTSQ Joker's rating: 1596 &rarr; <strong>1576</strong><br />(-20 for losing)\n|raw|vita mage's rating: 1588 &rarr; <strong>1608</strong><br />(+20 for winning)\n|l|\u26061VLTSQ Joker\n|player|p1|\n|l| b3testing\n|l|\u203dvita mage\n|player|p2|\n|l| 1vLTsq AK\n","uploadtime":1774104258,"views":29,"formatid":"gen9vgc2026regi","rating":1576,"private":0,"password":null}