{"id":"gen9vgc2026regi-2590110248","format":"[Gen 9] VGC 2026 Reg I","players":["igrisgoogoodolls","Sunny_zong1"],"log":"|j|\u2606igrisgoogoodolls\n|j|\u2606Sunny_zong1\n|t:|1776787566\n|gametype|doubles\n|player|p1|igrisgoogoodolls|2|1419\n|player|p2|Sunny_zong1|bugsy|1489\n|gen|9\n|tier|[Gen 9] VGC 2026 Reg I\n|rated|\n|rule|Species Clause: Limit one of each Pok\u00e9mon\n|rule|Item Clause: Limit 1 of each item\n|clearpoke\n|poke|p1|Koraidon, L50|\n|poke|p1|Calyrex-Shadow, L50|\n|poke|p1|Murkrow, L50, F|\n|poke|p1|Raichu, L50, F|\n|poke|p1|Torkoal, L50, F|\n|poke|p1|Typhlosion-Hisui, L50, M|\n|poke|p2|Annihilape, L50, F|\n|poke|p2|Miraidon, L50|\n|poke|p2|Calyrex-Shadow, L50|\n|poke|p2|Wo-Chien, L50|\n|poke|p2|Grimmsnarl, L50, M|\n|poke|p2|Indeedee, L50, M|\n|teampreview|4\n|inactive|Battle timer is ON: inactive players will automatically lose when time's up. (requested by Sunny_zong1)\n|\n|t:|1776787591\n|teamsize|p1|4\n|teamsize|p2|4\n|start\n|switch|p1a: Murkrow|Murkrow, L50, F|100/100\n|switch|p1b: Raichu|Raichu, L50, F|100/100\n|switch|p2a: Grimmsnarl|Grimmsnarl, L50, M|100/100\n|switch|p2b: Indeedee|Indeedee, L50, M|100/100\n|-fieldstart|move: Psychic Terrain|[from] ability: Psychic Surge|[of] p2b: Indeedee\n|-enditem|p2b: Indeedee|Psychic Seed\n|-boost|p2b: Indeedee|spd|1|[from] item: Psychic Seed\n|turn|1\n|\n|t:|1776787613\n|move|p2a: Grimmsnarl|Light Screen|p2a: Grimmsnarl\n|-sidestart|p2: Sunny_zong1|move: Light Screen\n|move|p1b: Raichu|Knock Off|p2b: Indeedee\n|-supereffective|p2b: Indeedee\n|-damage|p2b: Indeedee|49/100\n|move|p2b: Indeedee|Dazzling Gleam|p1a: Murkrow|[spread] p1a,p1b\n|-supereffective|p1a: Murkrow\n|-damage|p1a: Murkrow|55/100\n|-damage|p1b: Raichu|78/100\n|move|p1a: Murkrow|Mud-Slap|p2b: Indeedee\n|-damage|p2b: Indeedee|47/100\n|-unboost|p2b: Indeedee|accuracy|1\n|\n|upkeep\n|turn|2\n|\n|t:|1776787630\n|move|p2a: Grimmsnarl|Reflect|p2a: Grimmsnarl\n|-sidestart|p2: Sunny_zong1|Reflect\n|move|p1b: Raichu|Knock Off|p2b: Indeedee\n|-supereffective|p2b: Indeedee\n|-damage|p2b: Indeedee|14/100\n|move|p2b: Indeedee|Hyper Voice|p1b: Raichu|[spread] p1a,p1b\n|-damage|p1a: Murkrow|14/100\n|-damage|p1b: Raichu|38/100\n|move|p1a: Murkrow|Mud-Slap|p2b: Indeedee\n|-damage|p2b: Indeedee|11/100\n|-unboost|p2b: Indeedee|accuracy|1\n|\n|upkeep\n|turn|3\n|\n|t:|1776787646\n|move|p1b: Raichu|Endeavor|p2a: Grimmsnarl\n|-damage|p2a: Grimmsnarl|28/100\n|move|p2b: Indeedee|Hyper Voice|p1a: Murkrow|[spread] p1a\n|-miss|p2b: Indeedee|p1b: Raichu\n|-damage|p1a: Murkrow|0 fnt\n|faint|p1a: Murkrow\n|move|p2a: Grimmsnarl|Foul Play|p1b: Raichu\n|-crit|p1b: Raichu\n|-damage|p1b: Raichu|0 fnt\n|faint|p1b: Raichu\n|\n|upkeep\n|\n|t:|1776787656\n|switch|p1b: Koraidon|Koraidon, L50|100/100\n|switch|p1a: Calyrex|Calyrex-Shadow, L50|100/100\n|-ability|p1a: Calyrex|As One\n|-ability|p1a: Calyrex|Unnerve\n|-weather|SunnyDay|[from] ability: Orichalcum Pulse|[of] p1b: Koraidon\n|-activate|p1b: Koraidon|Orichalcum Pulse|[source]\n|turn|4\n|\n|t:|1776787667\n|switch|p2b: Miraidon|Miraidon, L50|100/100\n|-fieldstart|move: Electric Terrain|[from] ability: Hadron Engine|[of] p2b: Miraidon\n|move|p2a: Grimmsnarl|Thunder Wave|p1a: Calyrex\n|-status|p1a: Calyrex|par\n|move|p1b: Koraidon|Close Combat|p2b: Miraidon\n|-damage|p2b: Miraidon|24/100\n|-unboost|p1b: Koraidon|def|1\n|-unboost|p1b: Koraidon|spd|1\n|-damage|p1b: Koraidon|91/100|[from] item: Life Orb\n|move|p1a: Calyrex|Astral Barrage|p2a: Grimmsnarl|[spread] p2a,p2b\n|-resisted|p2a: Grimmsnarl\n|-damage|p2a: Grimmsnarl|12/100\n|-damage|p2b: Miraidon|0 fnt\n|faint|p2b: Miraidon\n|-ability|p1a: Calyrex|Grim Neigh|boost\n|-boost|p1a: Calyrex|spa|1\n|\n|-weather|SunnyDay|[upkeep]\n|upkeep\n|\n|t:|1776787676\n|switch|p2b: Indeedee|Indeedee, L50, M|11/100\n|-fieldstart|move: Psychic Terrain|[from] ability: Psychic Surge|[of] p2b: Indeedee\n|turn|5\n|\n|t:|1776787695\n|move|p1b: Koraidon|Close Combat|p2b: Indeedee\n|-crit|p2b: Indeedee\n|-damage|p2b: Indeedee|0 fnt\n|-unboost|p1b: Koraidon|def|1\n|-unboost|p1b: Koraidon|spd|1\n|faint|p2b: Indeedee\n|-damage|p1b: Koraidon|81/100|[from] item: Life Orb\n|move|p1a: Calyrex|Astral Barrage|p2a: Grimmsnarl\n|-resisted|p2a: Grimmsnarl\n|-damage|p2a: Grimmsnarl|0 fnt\n|faint|p2a: Grimmsnarl\n|-ability|p1a: Calyrex|Grim Neigh|boost\n|-boost|p1a: Calyrex|spa|1\n|\n|-weather|SunnyDay|[upkeep]\n|upkeep\n|\n|t:|1776787700\n|switch|p2a: Calyrex|Calyrex-Shadow, L50|100/100\n|-ability|p2a: Calyrex|As One\n|-ability|p2a: Calyrex|Unnerve\n|turn|6\n|\n|t:|1776787716\n|-terastallize|p2a: Calyrex|Ghost\n|-terastallize|p1a: Calyrex|Normal\n|move|p2a: Calyrex|Astral Barrage|p1b: Koraidon|[spread] p1b\n|-immune|p1a: Calyrex\n|-damage|p1b: Koraidon|0 fnt\n|faint|p1b: Koraidon\n|-ability|p2a: Calyrex|Grim Neigh|boost\n|-boost|p2a: Calyrex|spa|1\n|move|p1a: Calyrex|Astral Barrage|p2a: Calyrex\n|-supereffective|p2a: Calyrex\n|-damage|p2a: Calyrex|0 fnt\n|faint|p2a: Calyrex\n|\n|win|igrisgoogoodolls\n|raw|igrisgoogoodolls's rating: 1419 &rarr; <strong>1443</strong><br />(+24 for winning)\n|raw|Sunny_zong1's rating: 1489 &rarr; <strong>1465</strong><br />(-24 for losing)\n|l|\u2606Sunny_zong1\n|player|p2|\n|l|\u2606igrisgoogoodolls\n|player|p1|\n","uploadtime":1776787905,"views":7,"formatid":"gen9vgc2026regi","rating":1443,"private":0,"password":null}