{"id":"gen9vgc2026regi-2573693625","format":"[Gen 9] VGC 2026 Reg I","players":["LechonkBro","EllenJoe2026"],"log":"|j|\u2606LechonkBro\n|j|\u2606EllenJoe2026\n|t:|1775157122\n|gametype|doubles\n|player|p1|LechonkBro|2|1561\n|player|p2|EllenJoe2026|elesa|1549\n|gen|9\n|tier|[Gen 9] VGC 2026 Reg I\n|rated|\n|rule|Species Clause: Limit one of each Pok\u00e9mon\n|rule|Item Clause: Limit 1 of each item\n|clearpoke\n|poke|p1|Chien-Pao, L50|\n|poke|p1|Calyrex-Shadow, L50|\n|poke|p1|Dondozo, L50, M|\n|poke|p1|Zamazenta-*, L50|\n|poke|p1|Dragonite, L50, F|\n|poke|p1|Tatsugiri, L50, F|\n|poke|p2|Calyrex-Ice, L50|\n|poke|p2|Miraidon, L50|\n|poke|p2|Tornadus, L50, M|\n|poke|p2|Urshifu-*, L50, F|\n|poke|p2|Volcarona, L50, F|\n|poke|p2|Indeedee-F, L50, F|\n|teampreview|4\n|inactive|Battle timer is ON: inactive players will automatically lose when time's up. (requested by EllenJoe2026)\n|inactive|LechonkBro also wants the timer to be on.\n|j| Keltr1ck\n|j| kyn603\n|inactive|LechonkBro has 60 seconds left.\n|\n|t:|1775157159\n|teamsize|p1|4\n|teamsize|p2|4\n|start\n|switch|p1a: Calyrex|Calyrex-Shadow, L50|100/100\n|switch|p1b: Dragonite|Dragonite, L50, F|100/100\n|switch|p2a: Urshifu|Urshifu-Rapid-Strike, L50, F|100/100\n|switch|p2b: Miraidon|Miraidon, L50, shiny|100/100\n|-ability|p1a: Calyrex|As One\n|-ability|p1a: Calyrex|Unnerve\n|-fieldstart|move: Electric Terrain|[from] ability: Hadron Engine|[of] p2b: Miraidon\n|turn|1\n|j| mako9988\n|\n|t:|1775157176\n|switch|p2b: Indeedee|Indeedee-F, L50, F, shiny|100/100\n|-fieldstart|move: Psychic Terrain|[from] ability: Psychic Surge|[of] p2b: Indeedee\n|-terastallize|p1b: Dragonite|Normal\n|move|p1b: Dragonite|Extreme Speed|p2b: Indeedee\n|-activate|p2b: Indeedee|move: Psychic Terrain\n|move|p1a: Calyrex|Astral Barrage|p2b: Indeedee|[spread] p2a\n|-immune|p2b: Indeedee\n|-damage|p2a: Urshifu|15/100\n|move|p2a: Urshifu|Surging Strikes|p1a: Calyrex\n|-crit|p1a: Calyrex\n|-damage|p1a: Calyrex|71/100\n|-crit|p1a: Calyrex\n|-damage|p1a: Calyrex|46/100\n|-crit|p1a: Calyrex\n|-damage|p1a: Calyrex|16/100\n|-hitcount|p1a: Calyrex|3\n|\n|upkeep\n|turn|2\n|inactive|EllenJoe2026 has 30 seconds left.\n|inactive|EllenJoe2026 has 20 seconds left.\n|inactive|EllenJoe2026 has 15 seconds left.\n|inactive|EllenJoe2026 has 10 seconds left.\n|\n|t:|1775157225\n|switch|p1b: Zamazenta|Zamazenta-Crowned, L50|100/100\n|-ability|p1b: Zamazenta|Dauntless Shield|boost\n|-boost|p1b: Zamazenta|def|1\n|move|p1a: Calyrex|Astral Barrage|p2a: Urshifu|[spread] p2a\n|-immune|p2b: Indeedee\n|-damage|p2a: Urshifu|0 fnt\n|faint|p2a: Urshifu\n|-ability|p1a: Calyrex|Grim Neigh|boost\n|-boost|p1a: Calyrex|spa|1\n|move|p2b: Indeedee|Shadow Ball|p1a: Calyrex\n|-supereffective|p1a: Calyrex\n|-damage|p1a: Calyrex|0 fnt\n|faint|p1a: Calyrex\n|\n|upkeep\n|\n|t:|1775157246\n|switch|p1a: Dragonite|Dragonite, L50, F, tera:Normal|100/100\n|switch|p2a: Volcarona|Volcarona, L50, F, shiny|100/100\n|turn|3\n|\n|t:|1775157258\n|move|p1b: Zamazenta|Body Press|p2b: Indeedee\n|-damage|p2b: Indeedee|29/100\n|-enditem|p2b: Indeedee|Eject Button\n|\n|t:|1775157261\n|switch|p2b: Miraidon|Miraidon, L50, shiny|100/100\n|-fieldstart|move: Electric Terrain|[from] ability: Hadron Engine|[of] p2b: Miraidon\n|-enditem|p2a: Volcarona|Electric Seed\n|-boost|p2a: Volcarona|def|1|[from] item: Electric Seed\n|move|p2a: Volcarona|Quiver Dance|p2a: Volcarona\n|-boost|p2a: Volcarona|spa|1\n|-boost|p2a: Volcarona|spd|1\n|-boost|p2a: Volcarona|spe|1\n|move|p1a: Dragonite|Outrage|p2a: Volcarona\n|-damage|p2a: Volcarona|30/100\n|-status|p1a: Dragonite|brn|[from] ability: Flame Body|[of] p2a: Volcarona\n|\n|-damage|p1a: Dragonite|94/100 brn|[from] brn\n|upkeep\n|turn|4\n|\n|t:|1775157285\n|move|p1b: Zamazenta|Protect|p1b: Zamazenta\n|-singleturn|p1b: Zamazenta|Protect\n|move|p2b: Miraidon|Electro Drift|p1a: Dragonite\n|-damage|p1a: Dragonite|0 fnt\n|faint|p1a: Dragonite\n|move|p2a: Volcarona|Fiery Dance|p1b: Zamazenta\n|-activate|p1b: Zamazenta|move: Protect\n|\n|upkeep\n|\n|t:|1775157294\n|switch|p1a: Chien-Pao|Chien-Pao, L50|100/100\n|-ability|p1a: Chien-Pao|Sword of Ruin\n|turn|5\n|\n|t:|1775157314\n|switch|p2b: Indeedee|Indeedee-F, L50, F, shiny|29/100\n|-fieldstart|move: Psychic Terrain|[from] ability: Psychic Surge|[of] p2b: Indeedee\n|move|p1a: Chien-Pao|Ice Spinner|p2b: Indeedee\n|-damage|p2b: Indeedee|0 fnt\n|-fieldend|move: Psychic Terrain\n|faint|p2b: Indeedee\n|move|p2a: Volcarona|Giga Drain|p1a: Chien-Pao\n|-damage|p1a: Chien-Pao|42/100\n|-heal|p2a: Volcarona|54/100|[from] drain|[of] p1a: Chien-Pao\n|move|p1b: Zamazenta|Body Press|p2a: Volcarona\n|-resisted|p2a: Volcarona\n|-damage|p2a: Volcarona|27/100\n|\n|upkeep\n|\n|t:|1775157328\n|switch|p2b: Miraidon|Miraidon, L50, shiny|100/100\n|-fieldstart|move: Electric Terrain|[from] ability: Hadron Engine|[of] p2b: Miraidon\n|turn|6\n|\n|t:|1775157347\n|move|p2a: Volcarona|Rage Powder|p2a: Volcarona\n|-singleturn|p2a: Volcarona|move: Rage Powder\n|move|p1a: Chien-Pao|Ice Spinner|p2a: Volcarona\n|-resisted|p2a: Volcarona\n|-damage|p2a: Volcarona|11/100\n|-status|p1a: Chien-Pao|brn|[from] ability: Flame Body|[of] p2a: Volcarona\n|-fieldend|move: Electric Terrain\n|move|p2b: Miraidon|Electro Drift|p1a: Chien-Pao\n|-damage|p1a: Chien-Pao|0 fnt\n|faint|p1a: Chien-Pao\n|move|p1b: Zamazenta|Body Press|p2a: Volcarona\n|-resisted|p2a: Volcarona\n|-damage|p2a: Volcarona|0 fnt\n|faint|p2a: Volcarona\n|\n|upkeep\n|turn|7\n|\n|t:|1775157364\n|-terastallize|p2b: Miraidon|Ghost\n|move|p2b: Miraidon|Electro Drift|p1b: Zamazenta\n|-damage|p1b: Zamazenta|42/100\n|move|p1b: Zamazenta|Body Press|p2b: Miraidon\n|-immune|p2b: Miraidon\n|\n|upkeep\n|turn|8\n|-message|LechonkBro forfeited.\n|\n|win|EllenJoe2026\n|raw|LechonkBro's rating: 1561 &rarr; <strong>1540</strong><br />(-21 for losing)\n|raw|EllenJoe2026's rating: 1549 &rarr; <strong>1570</strong><br />(+21 for winning)\n|l|\u2606LechonkBro\n|player|p1|\n|l|\u2606EllenJoe2026\n|player|p2|\n|l| kyn603\n","uploadtime":1775157611,"views":17,"formatid":"gen9vgc2026regi","rating":1540,"private":0,"password":null}