{"id":"gen9vgc2026regi-2558395604","format":"[Gen 9] VGC 2026 Reg I","players":["IgnaMMC","Simon0123"],"log":"|j|\u2606IgnaMMC\n|j|\u2606Simon0123\n|t:|1773430416\n|gametype|doubles\n|player|p1|IgnaMMC|hilbert|1293\n|player|p2|Simon0123|benga|1338\n|gen|9\n|tier|[Gen 9] VGC 2026 Reg I\n|rated|\n|rule|Species Clause: Limit one of each Pok\u00e9mon\n|rule|Item Clause: Limit 1 of each item\n|clearpoke\n|poke|p1|Luvdisc, L50, F|\n|poke|p1|Kyogre, L50|\n|poke|p1|Zamazenta-*, L50|\n|poke|p1|Rillaboom, L50, M|\n|poke|p1|Raichu, L50, M|\n|poke|p1|Venonat, L50, M|\n|poke|p2|Miraidon, L50|\n|poke|p2|Calyrex-Shadow, L50|\n|poke|p2|Iron Hands, L50|\n|poke|p2|Tornadus, L50, M|\n|poke|p2|Urshifu-*, L50, F|\n|poke|p2|Amoonguss, L50, M|\n|teampreview|4\n|inactive|Battle timer is ON: inactive players will automatically lose when time's up. (requested by Simon0123)\nSimon0123 has agreed to open team sheets.\n|inactive|IgnaMMC has 60 seconds left.\n|inactive|Simon0123 has 60 seconds left.\n|inactive|IgnaMMC has 30 seconds left.\n|\n|t:|1773430486\n|teamsize|p1|4\n|teamsize|p2|4\n|start\n|switch|p1a: Rillaboom|Rillaboom, L50, M, shiny|100/100\n|switch|p1b: Venonat|Venonat, L50, M, shiny|100/100\n|switch|p2a: Tornadus|Tornadus, L50, M, shiny|100/100\n|switch|p2b: Calyrex|Calyrex-Shadow, L50|100/100\n|-ability|p2b: Calyrex|As One\n|-ability|p2b: Calyrex|Unnerve\n|-fieldstart|move: Grassy Terrain|[from] ability: Grassy Surge|[of] p1a: Rillaboom\n|turn|1\n|c|\u2606Simon0123|How did u do the open team sheets?\n|inactive|IgnaMMC has 30 seconds left.\n|inactive|Simon0123 has 30 seconds left.\n|inactive|IgnaMMC has 20 seconds left.\n|c|\u2606IgnaMMC|u can,t here.\n|inactive|IgnaMMC has 15 seconds left.\n|\n|t:|1773430528\n|switch|p1b: Raichu|Raichu, L50, M, shiny|100/100\n|move|p2b: Calyrex|Psychic|p1b: Raichu\n|-damage|p1b: Raichu|44/100\n|-unboost|p1b: Raichu|spd|1\n|move|p2a: Tornadus|Bleakwind Storm|p1a: Rillaboom|[spread] p1a,p1b\n|-supereffective|p1a: Rillaboom\n|-resisted|p1b: Raichu\n|-damage|p1a: Rillaboom|22/100\n|-damage|p1b: Raichu|23/100\n|move|p1a: Rillaboom|U-turn|p2b: Calyrex\n|-damage|p2b: Calyrex|52/100\n|\n|t:|1773430542\n|switch|p1a: Venonat|Venonat, L50, M, shiny|100/100|[from] U-turn\n|\n|-heal|p2b: Calyrex|58/100|[from] Grassy Terrain\n|-heal|p1b: Raichu|29/100|[from] Grassy Terrain\n|upkeep\n|turn|2\n|c|\u2606Simon0123|I would like tbh\n|\n|t:|1773430564\n|move|p1a: Venonat|Protect|p1a: Venonat\n|-singleturn|p1a: Venonat|Protect\n|move|p1b: Raichu|Fake Out|p2a: Tornadus\n|-damage|p2a: Tornadus|91/100\n|move|p2a: Tornadus|Tailwind|p2a: Tornadus\n|-sidestart|p2: Simon0123|move: Tailwind\n|move|p2b: Calyrex|Astral Barrage|p1b: Raichu|[spread] p1b\n|-activate|p1a: Venonat|move: Protect\n|-damage|p1b: Raichu|0 fnt\n|faint|p1b: Raichu\n|-ability|p2b: Calyrex|Grim Neigh|boost\n|-boost|p2b: Calyrex|spa|1\n|\n|-heal|p2b: Calyrex|64/100|[from] Grassy Terrain\n|upkeep\n|\n|t:|1773430578\n|switch|p1b: Rillaboom|Rillaboom, L50, M, shiny|22/100\n|turn|3\n|\n|t:|1773430591\n|move|p2b: Calyrex|Protect|p2b: Calyrex\n|-singleturn|p2b: Calyrex|Protect\n|move|p1b: Rillaboom|Grassy Glide|p2b: Calyrex\n|-activate|p2b: Calyrex|move: Protect\n|move|p2a: Tornadus|Bleakwind Storm|p1b: Rillaboom|[spread] p1b\n|-miss|p2a: Tornadus|p1a: Venonat\n|-supereffective|p1b: Rillaboom\n|-damage|p1b: Rillaboom|0 fnt\n|faint|p1b: Rillaboom\n|move|p1a: Venonat|Sleep Powder|p2a: Tornadus\n|-status|p2a: Tornadus|slp|[from] move: Sleep Powder\n|\n|-heal|p2b: Calyrex|70/100|[from] Grassy Terrain\n|upkeep\n|\n|t:|1773430594\n|switch|p1b: Kyogre|Kyogre, L50, shiny|100/100\n|-weather|RainDance|[from] ability: Drizzle|[of] p1b: Kyogre\n|turn|4\n|inactive|IgnaMMC has 30 seconds left.\n|inactive|IgnaMMC has 20 seconds left.\n|\n|t:|1773430639\n|switch|p2a: Miraidon|Miraidon, L50, shiny|100/100\n|-fieldstart|move: Electric Terrain|[from] ability: Hadron Engine|[of] p2a: Miraidon\n|-terastallize|p1b: Kyogre|Water\n|move|p2b: Calyrex|Astral Barrage|p1b: Kyogre|[spread] p1a,p1b\n|-damage|p1a: Venonat|20/100\n|-damage|p1b: Kyogre|41/100\n|move|p1b: Kyogre|Tera Blast|p2b: Calyrex|[anim] Tera Blast Water\n|-crit|p2b: Calyrex\n|-damage|p2b: Calyrex|0 fnt\n|faint|p2b: Calyrex\n|move|p1a: Venonat|Bug Bite|p2a: Miraidon\n|-damage|p2a: Miraidon|88/100\n|\n|-weather|RainDance|[upkeep]\n|upkeep\n|inactive|Simon0123 has 30 seconds left.\n|c|\u2606Simon0123|Why venonat?\n|c|\u2606Simon0123|I dont understand\n|inactive|Simon0123 has 20 seconds left.\n|\n|t:|1773430678\n|switch|p2b: Urshifu|Urshifu-Rapid-Strike, L50, F|100/100\n|turn|5\n|c|\u2606Simon0123|Ggs\n|\n|t:|1773430692\n|move|p1a: Venonat|Rage Powder|p1a: Venonat\n|-singleturn|p1a: Venonat|move: Rage Powder\n|move|p2b: Urshifu|Aqua Jet|p1a: Venonat\n|-damage|p1a: Venonat|0 fnt\n|faint|p1a: Venonat\n|move|p2a: Miraidon|Electro Drift|p1b: Kyogre\n|-supereffective|p1b: Kyogre\n|-damage|p1b: Kyogre|0 fnt\n|faint|p1b: Kyogre\n|\n|win|Simon0123\n|raw|IgnaMMC's rating: 1293 &rarr; <strong>1271</strong><br />(-22 for losing)\n|raw|Simon0123's rating: 1338 &rarr; <strong>1355</strong><br />(+17 for winning)\n|l|\u2606IgnaMMC\n|player|p1|\n|l|\u2606Simon0123\n|player|p2|\n","uploadtime":1773430893,"views":14,"formatid":"gen9vgc2026regi","rating":1271,"private":0,"password":null}