{"id":"gen9vgc2026regi-2558669539","format":"[Gen 9] VGC 2026 Reg I","players":["jj11j1","tavinn_n"],"log":"|j|\u2606jj11j1\n|j|\u2606tavinn_n\n|t:|1773461098\n|gametype|doubles\n|player|p1|jj11j1|1|1282\n|player|p2|tavinn_n|ghetsis|1246\n|gen|9\n|tier|[Gen 9] VGC 2026 Reg I\n|rated|\n|rule|Species Clause: Limit one of each Pok\u00e9mon\n|rule|Item Clause: Limit 1 of each item\n|clearpoke\n|poke|p1|Kyogre, L50|\n|poke|p1|Flutter Mane, L50|\n|poke|p1|Urshifu-*, L50, M|\n|poke|p1|Landorus, L50, M|\n|poke|p1|Smeargle, L50, M|\n|poke|p1|Calyrex-Ice, L50|\n|poke|p2|Calyrex-Shadow, L50|\n|poke|p2|Zamazenta-*, L50|\n|poke|p2|Chi-Yu, L50|\n|poke|p2|Rillaboom, L50, M|\n|poke|p2|Tornadus, L50, M|\n|poke|p2|Smeargle, L50, F|\n|teampreview|4\n|inactive|Battle timer is ON: inactive players will automatically lose when time's up. (requested by tavinn_n)\n|\n|t:|1773461127\n|teamsize|p1|4\n|teamsize|p2|4\n|start\n|switch|p1a: Calyrex|Calyrex-Ice, L50|100/100\n|switch|p1b: Smeargle|Smeargle, L50, M|100/100\n|switch|p2a: Calyrex|Calyrex-Shadow, L50|100/100\n|switch|p2b: Smeargle|Smeargle, L50, F, shiny|100/100\n|-ability|p2a: Calyrex|As One\n|-ability|p2a: Calyrex|Unnerve\n|-ability|p1a: Calyrex|As One\n|-ability|p1a: Calyrex|Unnerve\n|turn|1\n|\n|t:|1773461146\n|switch|p2b: Zamazenta|Zamazenta-Crowned, L50|100/100\n|-ability|p2b: Zamazenta|Dauntless Shield|boost\n|-boost|p2b: Zamazenta|def|1\n|-terastallize|p1a: Calyrex|Grass\n|move|p1b: Smeargle|Fake Out|p2b: Zamazenta\n|-resisted|p2b: Zamazenta\n|-damage|p2b: Zamazenta|99/100\n|move|p2a: Calyrex|Astral Barrage|p1a: Calyrex|[spread] p1a\n|-immune|p1b: Smeargle\n|-damage|p1a: Calyrex|54/100\n|-damage|p2a: Calyrex|91/100|[from] item: Life Orb\n|move|p1a: Calyrex|Trick Room|p1a: Calyrex\n|-fieldstart|move: Trick Room|[of] p1a: Calyrex\n|\n|-heal|p1a: Calyrex|59/100|[from] item: Leftovers\n|-ability|p1b: Smeargle|Moody|boost\n|-boost|p1b: Smeargle|spd|2\n|-unboost|p1b: Smeargle|atk|1\n|-enditem|p1b: Smeargle|Eject Pack\n|upkeep\n|\n|t:|1773461165\n|switch|p1b: Kyogre|Kyogre, L50|100/100\n|-weather|RainDance|[from] ability: Drizzle|[of] p1b: Kyogre\n|turn|2\n|\n|t:|1773461181\n|move|p2b: Zamazenta|Wide Guard|p2b: Zamazenta\n|-singleturn|p2b: Zamazenta|Wide Guard\n|move|p1a: Calyrex|Leech Seed|p2a: Calyrex\n|-start|p2a: Calyrex|move: Leech Seed\n|move|p1b: Kyogre|Thunder|p2a: Calyrex\n|-damage|p2a: Calyrex|49/100\n|move|p2a: Calyrex|Astral Barrage|p1b: Kyogre|[spread] p1a,p1b\n|-damage|p1a: Calyrex|14/100\n|-damage|p1b: Kyogre|47/100\n|-damage|p2a: Calyrex|39/100|[from] item: Life Orb\n|\n|-weather|RainDance|[upkeep]\n|-heal|p1a: Calyrex|20/100|[from] item: Leftovers\n|-damage|p2a: Calyrex|27/100|[from] Leech Seed|[of] p1a: Calyrex\n|-heal|p1a: Calyrex|31/100|[silent]\n|upkeep\n|turn|3\n|inactive|jj11j1 has 30 seconds left.\n|\n|t:|1773461214\n|switch|p2a: Smeargle|Smeargle, L50, F, shiny|100/100\n|-terastallize|p2b: Zamazenta|Grass\n|move|p1a: Calyrex|Protect|p1a: Calyrex\n|-singleturn|p1a: Calyrex|Protect\n|move|p1b: Kyogre|Thunder|p2b: Zamazenta\n|-resisted|p2b: Zamazenta\n|-damage|p2b: Zamazenta|87/100\n|-status|p2b: Zamazenta|par\n|move|p2b: Zamazenta|Body Press|p1b: Kyogre\n|-damage|p1b: Kyogre|0 fnt\n|faint|p1b: Kyogre\n|\n|-weather|RainDance|[upkeep]\n|-heal|p1a: Calyrex|37/100|[from] item: Leftovers\n|-ability|p2a: Smeargle|Moody|boost\n|-boost|p2a: Smeargle|spa|2\n|-unboost|p2a: Smeargle|spd|1\n|upkeep\n|\n|t:|1773461233\n|switch|p1b: Landorus|Landorus, L50, M|100/100\n|turn|4\n|\n|t:|1773461246\n|move|p1a: Calyrex|Leech Seed|p2a: Smeargle\n|-start|p2a: Smeargle|move: Leech Seed\n|move|p2b: Zamazenta|Body Press|p1a: Calyrex\n|-damage|p1a: Calyrex|1/100\n|move|p2a: Smeargle|Spore|p1b: Landorus\n|-status|p1b: Landorus|slp|[from] move: Spore\n|cant|p1b: Landorus|slp\n|\n|-weather|RainDance|[upkeep]\n|-heal|p1a: Calyrex|7/100|[from] item: Leftovers\n|-damage|p2a: Smeargle|88/100|[from] Leech Seed|[of] p1a: Calyrex\n|-heal|p1a: Calyrex|15/100|[silent]\n|-ability|p2a: Smeargle|Moody|boost\n|-boost|p2a: Smeargle|spa|2\n|-unboost|p2a: Smeargle|atk|1\n|upkeep\n|turn|5\n|inactive|jj11j1 has 30 seconds left.\n|\n|t:|1773461277\n|switch|p2a: Tornadus|Tornadus, L50, M|100/100\n|move|p1a: Calyrex|Protect|p1a: Calyrex\n|-singleturn|p1a: Calyrex|Protect\n|move|p2b: Zamazenta|Body Press|p1b: Landorus\n|-resisted|p1b: Landorus\n|-damage|p1b: Landorus|61/100 slp\n|-curestatus|p1b: Landorus|slp|[msg]\n|move|p1b: Landorus|Sludge Bomb|p2b: Zamazenta\n|-supereffective|p2b: Zamazenta\n|-damage|p2b: Zamazenta|31/100 par\n|-damage|p1b: Landorus|51/100|[from] item: Life Orb\n|\n|-weather|RainDance|[upkeep]\n|-heal|p1a: Calyrex|20/100|[from] item: Leftovers\n|-fieldend|move: Trick Room\n|upkeep\n|turn|6\n|\n|t:|1773461300\n|switch|p1a: Smeargle|Smeargle, L50, M|100/100\n|cant|p2b: Zamazenta|par\n|move|p1b: Landorus|Sludge Bomb|p2b: Zamazenta\n|-supereffective|p2b: Zamazenta\n|-damage|p2b: Zamazenta|0 fnt\n|faint|p2b: Zamazenta\n|-damage|p1b: Landorus|41/100|[from] item: Life Orb\n|move|p2a: Tornadus|Bleakwind Storm|p1a: Smeargle|[spread] p1a,p1b\n|-damage|p1a: Smeargle|38/100\n|-damage|p1b: Landorus|0 fnt\n|faint|p1b: Landorus\n|\n|-weather|none\n|-ability|p1a: Smeargle|Moody|boost\n|-boost|p1a: Smeargle|atk|2\n|-unboost|p1a: Smeargle|spd|1\n|upkeep\n|\n|t:|1773461317\n|switch|p2b: Calyrex|Calyrex-Shadow, L50|27/100\n|switch|p1b: Calyrex|Calyrex-Ice, L50, tera:Grass|20/100\n|-ability|p2b: Calyrex|As One\n|-ability|p2b: Calyrex|Unnerve\n|-ability|p1b: Calyrex|As One\n|-ability|p1b: Calyrex|Unnerve\n|turn|7\n|\n|t:|1773461329\n|move|p1a: Smeargle|Wide Guard|p1a: Smeargle\n|-singleturn|p1a: Smeargle|Wide Guard\n|move|p2b: Calyrex|Expanding Force|p1a: Smeargle\n|-damage|p1a: Smeargle|0 fnt\n|faint|p1a: Smeargle\n|-ability|p2b: Calyrex|Grim Neigh|boost\n|-boost|p2b: Calyrex|spa|1\n|-damage|p2b: Calyrex|17/100|[from] item: Life Orb\n|move|p2a: Tornadus|Bleakwind Storm|p1b: Calyrex\n|-activate|p1b: Calyrex|move: Wide Guard\n|move|p1b: Calyrex|Glacial Lance|p2b: Calyrex|[spread] p2a,p2b\n|-supereffective|p2a: Tornadus\n|-damage|p2a: Tornadus|0 fnt\n|-damage|p2b: Calyrex|0 fnt\n|faint|p2a: Tornadus\n|faint|p2b: Calyrex\n|-ability|p1b: Calyrex|Chilling Neigh|boost\n|-boost|p1b: Calyrex|atk|2\n|\n|-heal|p1b: Calyrex|26/100|[from] item: Leftovers\n|upkeep\n|\n|t:|1773461341\n|switch|p2b: Smeargle|Smeargle, L50, F, shiny|88/100\n|turn|8\n|\n|t:|1773461349\n|move|p1b: Calyrex|Protect|p1b: Calyrex\n|-singleturn|p1b: Calyrex|Protect\n|move|p2b: Smeargle|Fake Out|p1b: Calyrex\n|-activate|p1b: Calyrex|move: Protect\n|\n|-heal|p1b: Calyrex|32/100|[from] item: Leftovers\n|-ability|p2b: Smeargle|Moody|boost\n|-boost|p2b: Smeargle|spe|2\n|-unboost|p2b: Smeargle|spd|1\n|upkeep\n|turn|9\n|-message|tavinn_n forfeited.\n|\n|win|jj11j1\n|raw|jj11j1's rating: 1282 &rarr; <strong>1304</strong><br />(+22 for winning)\n|raw|tavinn_n's rating: 1246 &rarr; <strong>1224</strong><br />(-22 for losing)\n|l|\u2606tavinn_n\n|player|p2|\n|l|\u2606jj11j1\n|player|p1|\n","uploadtime":1773461496,"views":13,"formatid":"gen9vgc2026regi","rating":1224,"private":0,"password":null}