{"id":"gen9vgc2026regi-2567047504","format":"[Gen 9] VGC 2026 Reg I","players":["ProfesionalPwner","conniecut"],"log":"|j|\u2606ProfesionalPwner\n|j|\u2606conniecut\n|t:|1774444686\n|gametype|doubles\n|player|p1|ProfesionalPwner|blackbelt-gen4dp|1224\n|player|p2|conniecut|lady|1298\n|gen|9\n|tier|[Gen 9] VGC 2026 Reg I\n|rated|\n|rule|Species Clause: Limit one of each Pok\u00e9mon\n|rule|Item Clause: Limit 1 of each item\n|clearpoke\n|poke|p1|Kyogre, L50|\n|poke|p1|Whimsicott, L50, M|\n|poke|p1|Zamazenta-*, L50|\n|poke|p1|Barraskewda, L50, M|\n|poke|p1|Basculegion, L50, M|\n|poke|p1|Urshifu-*, L50, M|\n|poke|p2|Miraidon, L50|\n|poke|p2|Groudon, L50|\n|poke|p2|Raging Bolt, L50|\n|poke|p2|Whimsicott, L50, M|\n|poke|p2|Incineroar, L50, F|\n|poke|p2|Farigiraf, L50, F|\n|teampreview|4\n|inactive|Battle timer is ON: inactive players will automatically lose when time's up. (requested by ProfesionalPwner)\n|\n|t:|1774444712\n|teamsize|p1|4\n|teamsize|p2|4\n|start\n|switch|p1a: Whimsicott|Whimsicott, L50, M|100/100\n|switch|p1b: Urshifu|Urshifu-Rapid-Strike, L50, M|100/100\n|switch|p2a: Groudon|Groudon, L50|100/100\n|switch|p2b: Raging Bolt|Raging Bolt, L50|100/100\n|-weather|SunnyDay|[from] ability: Drought|[of] p2a: Groudon\n|-activate|p2b: Raging Bolt|ability: Protosynthesis\n|-start|p2b: Raging Bolt|protosynthesisspa\n|turn|1\n|\n|t:|1774444729\n|switch|p1a: Kyogre|Kyogre, L50, shiny|100/100\n|-weather|RainDance|[from] ability: Drizzle|[of] p1a: Kyogre\n|-end|p2b: Raging Bolt|Protosynthesis\n|move|p2b: Raging Bolt|Thunderclap|p1b: Urshifu\n|-supereffective|p1b: Urshifu\n|-enditem|p1b: Urshifu|Focus Sash\n|-damage|p1b: Urshifu|1/100\n|-damage|p2b: Raging Bolt|91/100|[from] item: Life Orb\n|move|p1b: Urshifu|Surging Strikes|p2a: Groudon\n|-supereffective|p2a: Groudon\n|-crit|p2a: Groudon\n|-damage|p2a: Groudon|58/100\n|-supereffective|p2a: Groudon\n|-crit|p2a: Groudon\n|-damage|p2a: Groudon|12/100\n|-supereffective|p2a: Groudon\n|-crit|p2a: Groudon\n|-damage|p2a: Groudon|0 fnt\n|faint|p2a: Groudon\n|-hitcount|p2: Groudon|3\n|\n|-weather|RainDance|[upkeep]\n|upkeep\n|\n|t:|1774444737\n|switch|p2a: Whimsicott|Whimsicott, L50, M|100/100\n|turn|2\n|inactive|conniecut has 30 seconds left.\n|\n|t:|1774444767\n|-terastallize|p1a: Kyogre|Ground\n|move|p2a: Whimsicott|Tailwind|p2a: Whimsicott\n|-sidestart|p2: conniecut|move: Tailwind\n|move|p1b: Urshifu|Aqua Jet|p2a: Whimsicott\n|-resisted|p2a: Whimsicott\n|-damage|p2a: Whimsicott|71/100\n|move|p2b: Raging Bolt|Draco Meteor|p1a: Kyogre\n|-damage|p1a: Kyogre|24/100\n|-unboost|p2b: Raging Bolt|spa|2\n|-damage|p2b: Raging Bolt|81/100|[from] item: Life Orb\n|move|p1a: Kyogre|Water Spout|p2a: Whimsicott|[spread] p2a,p2b\n|-resisted|p2a: Whimsicott\n|-resisted|p2b: Raging Bolt\n|-damage|p2a: Whimsicott|36/100\n|-damage|p2b: Raging Bolt|66/100\n|\n|-weather|RainDance|[upkeep]\n|upkeep\n|turn|3\n|inactive|ProfesionalPwner has 30 seconds left.\n|\n|t:|1774444796\n|move|p2b: Raging Bolt|Thunderclap|p1b: Urshifu\n|-supereffective|p1b: Urshifu\n|-damage|p1b: Urshifu|0 fnt\n|faint|p1b: Urshifu\n|-damage|p2b: Raging Bolt|57/100|[from] item: Life Orb\n|move|p2a: Whimsicott|Moonblast|p1a: Kyogre\n|-damage|p1a: Kyogre|0 fnt\n|faint|p1a: Kyogre\n|\n|-weather|RainDance|[upkeep]\n|upkeep\n|\n|t:|1774444805\n|switch|p1b: Barraskewda|Barraskewda, L50, M, shiny|100/100\n|switch|p1a: Whimsicott|Whimsicott, L50, M|100/100\n|turn|4\n|inactive|conniecut has 30 seconds left.\n|inactive|conniecut has 20 seconds left.\n|\n|t:|1774444843\n|move|p2b: Raging Bolt|Thunderclap|p1b: Barraskewda\n|-supereffective|p1b: Barraskewda\n|-damage|p1b: Barraskewda|0 fnt\n|faint|p1b: Barraskewda\n|-damage|p2b: Raging Bolt|47/100|[from] item: Life Orb\n|move|p1a: Whimsicott|Tailwind|p1a: Whimsicott\n|-sidestart|p1: ProfesionalPwner|move: Tailwind\n|move|p2a: Whimsicott|Moonblast|p1a: Whimsicott\n|-damage|p1a: Whimsicott|40/100\n|\n|-weather|RainDance|[upkeep]\n|upkeep\n|turn|5\n|-message|ProfesionalPwner forfeited.\n|\n|win|conniecut\n|raw|ProfesionalPwner's rating: 1224 &rarr; <strong>1204</strong><br />(-20 for losing)\n|raw|conniecut's rating: 1298 &rarr; <strong>1318</strong><br />(+20 for winning)\n|l|\u2606ProfesionalPwner\n|player|p1|\n|l|\u2606conniecut\n|player|p2|\n","uploadtime":1774445054,"views":10,"formatid":"gen9vgc2026regi","rating":1204,"private":0,"password":null}