{"id":"gen9vgc2026regi-2576795035","format":"[Gen 9] VGC 2026 Reg I","players":["N jordan","sdfpiuou"],"log":"|j|\u2606N jordan\n|j|\u2606sdfpiuou\n|t:|1775506302\n|gametype|doubles\n|player|p1|N jordan|n|1363\n|player|p2|sdfpiuou|101|1389\n|gen|9\n|tier|[Gen 9] VGC 2026 Reg I\n|rated|\n|rule|Species Clause: Limit one of each Pok\u00e9mon\n|rule|Item Clause: Limit 1 of each item\n|clearpoke\n|poke|p1|Calyrex-Ice, L50|\n|poke|p1|Grimmsnarl, L50, M|\n|poke|p1|Incineroar, L50, F|\n|poke|p1|Pelipper, L50, F|\n|poke|p1|Kyurem-Black, L50|\n|poke|p1|Rillaboom, L50, M|\n|poke|p2|Kyogre, L50|\n|poke|p2|Zacian-*, L50|\n|poke|p2|Incineroar, L50, M|\n|poke|p2|Raging Bolt, L50|\n|poke|p2|Whimsicott, L50, M|\n|poke|p2|Urshifu-*, L50, M|\n|teampreview|4\n|inactive|Battle timer is ON: inactive players will automatically lose when time's up. (requested by sdfpiuou)\n|inactive|sdfpiuou has 60 seconds left.\n|inactive|sdfpiuou has 30 seconds left.\n|\n|t:|1775506370\n|teamsize|p1|4\n|teamsize|p2|4\n|start\n|switch|p1a: Grimmsnarl|Grimmsnarl, L50, M|100/100\n|switch|p1b: Kyurem|Kyurem-Black, L50|100/100\n|switch|p2a: Zacian|Zacian-Crowned, L50|100/100\n|switch|p2b: Raging Bolt|Raging Bolt, L50|100/100\n|-ability|p2a: Zacian|Intrepid Sword|boost\n|-boost|p2a: Zacian|atk|1\n|-ability|p1b: Kyurem|Teravolt\n|turn|1\n|inactive|sdfpiuou has 30 seconds left.\n|\n|t:|1775506401\n|switch|p1b: Rillaboom|Rillaboom, L50, M|100/100\n|-fieldstart|move: Grassy Terrain|[from] ability: Grassy Surge|[of] p1b: Rillaboom\n|-terastallize|p2b: Raging Bolt|Electric\n|move|p1a: Grimmsnarl|Reflect|p1a: Grimmsnarl\n|-sidestart|p1: N jordan|Reflect\n|move|p2a: Zacian|Behemoth Blade|p1a: Grimmsnarl\n|-supereffective|p1a: Grimmsnarl\n|-damage|p1a: Grimmsnarl|0 fnt\n|faint|p1a: Grimmsnarl\n|move|p2b: Raging Bolt|Calm Mind|p2b: Raging Bolt\n|-boost|p2b: Raging Bolt|spa|1\n|-boost|p2b: Raging Bolt|spd|1\n|\n|upkeep\n|\n|t:|1775506424\n|switch|p1a: Kyurem|Kyurem-Black, L50|100/100\n|-ability|p1a: Kyurem|Teravolt\n|turn|2\n|inactive|N jordan has 30 seconds left.\n|\n|t:|1775506450\n|-terastallize|p1a: Kyurem|Ghost\n|move|p2a: Zacian|Protect|p2a: Zacian\n|-singleturn|p2a: Zacian|Protect\n|move|p2b: Raging Bolt|Protect|p2b: Raging Bolt\n|-singleturn|p2b: Raging Bolt|Protect\n|move|p1a: Kyurem|Icicle Spear|p2b: Raging Bolt\n|-activate|p2b: Raging Bolt|move: Protect\n|move|p1b: Rillaboom|Bulk Up|p1b: Rillaboom\n|-boost|p1b: Rillaboom|atk|1\n|-boost|p1b: Rillaboom|def|1\n|\n|upkeep\n|turn|3\n|\n|t:|1775506467\n|move|p2a: Zacian|Behemoth Blade|p1b: Rillaboom\n|-damage|p1b: Rillaboom|62/100\n|move|p1a: Kyurem|Icicle Spear|p2b: Raging Bolt\n|-crit|p2b: Raging Bolt\n|-damage|p2b: Raging Bolt|69/100\n|-damage|p2b: Raging Bolt|49/100\n|-damage|p2b: Raging Bolt|28/100\n|-hitcount|p2b: Raging Bolt|3\n|move|p1b: Rillaboom|Bulk Up|p1b: Rillaboom\n|-boost|p1b: Rillaboom|atk|1\n|-boost|p1b: Rillaboom|def|1\n|move|p2b: Raging Bolt|Draco Meteor|p1b: Rillaboom|[miss]\n|-miss|p2b: Raging Bolt|p1b: Rillaboom\n|\n|-heal|p1b: Rillaboom|68/100|[from] Grassy Terrain\n|-heal|p2b: Raging Bolt|33/100|[from] Grassy Terrain\n|-heal|p2b: Raging Bolt|39/100|[from] item: Leftovers\n|upkeep\n|turn|4\n|inactive|N jordan has 30 seconds left.\n|inactive|sdfpiuou has 30 seconds left.\n|\n|t:|1775506500\n|-end|p2b: Raging Bolt|Protosynthesis|[silent]\n|switch|p2b: Incineroar|Incineroar, L50, M|100/100\n|-ability|p2b: Incineroar|Intimidate|boost\n|-unboost|p1a: Kyurem|atk|1\n|-unboost|p1b: Rillaboom|atk|1\n|move|p2a: Zacian|Sacred Sword|p1b: Rillaboom\n|-damage|p1b: Rillaboom|36/100\n|-enditem|p1b: Rillaboom|Sitrus Berry|[eat]\n|-heal|p1b: Rillaboom|60/100|[from] item: Sitrus Berry\n|move|p1a: Kyurem|Icicle Spear|p2b: Incineroar\n|-resisted|p2b: Incineroar\n|-damage|p2b: Incineroar|94/100\n|-resisted|p2b: Incineroar\n|-damage|p2b: Incineroar|87/100\n|-resisted|p2b: Incineroar\n|-damage|p2b: Incineroar|80/100\n|-hitcount|p2b: Incineroar|3\n|move|p1b: Rillaboom|Drain Punch|p2a: Zacian\n|-damage|p2a: Zacian|72/100\n|-heal|p1b: Rillaboom|73/100|[from] drain|[of] p2a: Zacian\n|\n|-heal|p2a: Zacian|78/100|[from] Grassy Terrain\n|-heal|p1b: Rillaboom|79/100|[from] Grassy Terrain\n|-heal|p2b: Incineroar|86/100|[from] Grassy Terrain\n|upkeep\n|turn|5\n|inactive|sdfpiuou has 30 seconds left.\n|\n|t:|1775506534\n|switch|p1a: Calyrex|Calyrex-Ice, L50|100/100\n|-ability|p1a: Calyrex|As One\n|-ability|p1a: Calyrex|Unnerve\n|move|p2b: Incineroar|Fake Out|p1b: Rillaboom\n|-damage|p1b: Rillaboom|75/100\n|move|p2a: Zacian|Behemoth Blade|p1a: Calyrex\n|-supereffective|p1a: Calyrex\n|-damage|p1a: Calyrex|31/100\n|cant|p1b: Rillaboom|flinch\n|\n|-heal|p2a: Zacian|84/100|[from] Grassy Terrain\n|-heal|p1b: Rillaboom|81/100|[from] Grassy Terrain\n|-heal|p2b: Incineroar|92/100|[from] Grassy Terrain\n|-heal|p1a: Calyrex|37/100|[from] Grassy Terrain\n|-fieldend|move: Grassy Terrain\n|upkeep\n|turn|6\n|inactive|N jordan has 30 seconds left.\n|\n|t:|1775506565\n|move|p2a: Zacian|Behemoth Blade|p1a: Calyrex\n|-supereffective|p1a: Calyrex\n|-damage|p1a: Calyrex|0 fnt\n|faint|p1a: Calyrex\n|move|p1b: Rillaboom|Bulk Up|p1b: Rillaboom\n|-boost|p1b: Rillaboom|atk|1\n|-boost|p1b: Rillaboom|def|1\n|move|p2b: Incineroar|Will-O-Wisp|p1b: Rillaboom\n|-status|p1b: Rillaboom|brn\n|\n|-damage|p1b: Rillaboom|75/100 brn|[from] brn\n|upkeep\n|\n|t:|1775506574\n|switch|p1a: Kyurem|Kyurem-Black, L50, tera:Ghost|100/100\n|-ability|p1a: Kyurem|Teravolt\n|turn|7\n|\n|t:|1775506585\n|move|p2a: Zacian|Protect|p2a: Zacian\n|-singleturn|p2a: Zacian|Protect\n|move|p1a: Kyurem|Outrage|p2a: Zacian\n|-activate|p2a: Zacian|move: Protect\n|move|p1b: Rillaboom|Bulk Up|p1b: Rillaboom\n|-boost|p1b: Rillaboom|atk|1\n|-boost|p1b: Rillaboom|def|1\n|move|p2b: Incineroar|Knock Off|p1a: Kyurem\n|-supereffective|p1a: Kyurem\n|-damage|p1a: Kyurem|59/100\n|-enditem|p1a: Kyurem|Choice Band|[from] move: Knock Off|[of] p2b: Incineroar\n|\n|-damage|p1b: Rillaboom|70/100 brn|[from] brn\n|upkeep\n|turn|8\n|\n|t:|1775506609\n|move|p2a: Zacian|Behemoth Blade|p1a: Kyurem\n|-damage|p1a: Kyurem|17/100\n|move|p1a: Kyurem|Outrage|p2a: Zacian\n|-immune|p2a: Zacian\n|move|p1b: Rillaboom|Bulk Up|p1b: Rillaboom\n|-boost|p1b: Rillaboom|atk|1\n|-boost|p1b: Rillaboom|def|1\n|move|p2b: Incineroar|Parting Shot|p1b: Rillaboom\n|-unboost|p1b: Rillaboom|atk|1\n|-unboost|p1b: Rillaboom|spa|1\n|\n|t:|1775506624\n|switch|p2b: Raging Bolt|Raging Bolt, L50, tera:Electric|39/100|[from] Parting Shot\n|\n|-heal|p2b: Raging Bolt|45/100|[from] item: Leftovers\n|-damage|p1b: Rillaboom|64/100 brn|[from] brn\n|-sideend|p1: N jordan|Reflect\n|upkeep\n|turn|9\n|\n|t:|1775506641\n|move|p2a: Zacian|Behemoth Blade|p1a: Kyurem\n|-damage|p1a: Kyurem|0 fnt\n|faint|p1a: Kyurem\n|move|p1b: Rillaboom|Wood Hammer|p2b: Raging Bolt\n|-damage|p2b: Raging Bolt|3/100\n|-damage|p1b: Rillaboom|49/100 brn|[from] Recoil\n|move|p2b: Raging Bolt|Draco Meteor|p1b: Rillaboom\n|-damage|p1b: Rillaboom|0 fnt\n|-unboost|p2b: Raging Bolt|spa|2\n|faint|p1b: Rillaboom\n|\n|win|sdfpiuou\n|raw|N jordan's rating: 1363 &rarr; <strong>1344</strong><br />(-19 for losing)\n|raw|sdfpiuou's rating: 1389 &rarr; <strong>1408</strong><br />(+19 for winning)\n|l|\u2606N jordan\n|player|p1|\n|l|\u2606sdfpiuou\n|player|p2|\n|j|\u2606sdfpiuou\n|player|p2|sdfpiuou|101|\n","uploadtime":1775506856,"views":3,"formatid":"gen9vgc2026regi","rating":1344,"private":0,"password":null}