{"id":"gen9vgc2026regi-2579733717","format":"[Gen 9] VGC 2026 Reg I","players":["sunny_zong4","CnardzLits"],"log":"|j|\u2606sunny_zong4\n|j|\u2606CnardzLits\n|t:|1775822601\n|gametype|doubles\n|player|p1|sunny_zong4|2|1338\n|player|p2|CnardzLits|101|1262\n|gen|9\n|tier|[Gen 9] VGC 2026 Reg I\n|rated|\n|rule|Species Clause: Limit one of each Pok\u00e9mon\n|rule|Item Clause: Limit 1 of each item\n|clearpoke\n|poke|p1|Typhlosion-Hisui, L50, F|\n|poke|p1|Miraidon, L50|\n|poke|p1|Calyrex-Shadow, L50|\n|poke|p1|Scizor, L50, F|\n|poke|p1|Rillaboom, L50, F|\n|poke|p1|Urshifu-*, L50, M|\n|poke|p2|Calyrex-Ice, L50|\n|poke|p2|Lunala, L50|\n|poke|p2|Torkoal, L50, F|\n|poke|p2|Amoonguss, L50, M|\n|poke|p2|Ting-Lu, L50|\n|poke|p2|Incineroar, L50, M|\n|teampreview|4\n|inactive|Battle timer is ON: inactive players will automatically lose when time's up. (requested by sunny_zong4)\n|inactive|sunny_zong4 has 60 seconds left.\n|\n|t:|1775822633\n|teamsize|p1|4\n|teamsize|p2|4\n|start\n|switch|p1a: Calyrex|Calyrex-Shadow, L50|100/100\n|switch|p1b: Typhlosion|Typhlosion-Hisui, L50, F|100/100\n|switch|p2a: Lunala|Lunala, L50|100/100\n|switch|p2b: Ting-Lu|Ting-Lu, L50|100/100\n|-ability|p1a: Calyrex|As One\n|-ability|p1a: Calyrex|Unnerve\n|-ability|p2b: Ting-Lu|Vessel of Ruin\n|turn|1\n|\n|t:|1775822654\n|-terastallize|p2a: Lunala|Fairy\n|move|p2a: Lunala|Wide Guard|p2a: Lunala\n|-singleturn|p2a: Lunala|Wide Guard\n|move|p1a: Calyrex|Taunt|p2a: Lunala\n|-start|p2a: Lunala|move: Taunt\n|move|p1b: Typhlosion|Eruption|p2a: Lunala|[spread] \n|-activate|p2a: Lunala|move: Wide Guard\n|-activate|p2b: Ting-Lu|move: Wide Guard\n|move|p2b: Ting-Lu|Snarl|p1b: Typhlosion|[spread] p1a\n|-miss|p2b: Ting-Lu|p1b: Typhlosion\n|-supereffective|p1a: Calyrex\n|-damage|p1a: Calyrex|66/100\n|-unboost|p1a: Calyrex|spa|1\n|\n|upkeep\n|turn|2\n|\n|t:|1775822676\n|move|p2b: Ting-Lu|Protect|p2b: Ting-Lu\n|-singleturn|p2b: Ting-Lu|Protect\n|move|p1a: Calyrex|Encore|p2a: Lunala\n|-start|p2a: Lunala|Encore\n|move|p1b: Typhlosion|Eruption|p2a: Lunala|[spread] p2a\n|-activate|p2b: Ting-Lu|move: Protect\n|-damage|p2a: Lunala|85/100\n|cant|p2a: Lunala|move: Taunt|Wide Guard\n|\n|upkeep\n|turn|3\n|\n|t:|1775822693\n|switch|p2a: Amoonguss|Amoonguss, L50, M|100/100\n|move|p1a: Calyrex|Encore|p2b: Ting-Lu\n|-start|p2b: Ting-Lu|Encore\n|move|p1b: Typhlosion|Eruption|p2a: Amoonguss|[spread] p2a,p2b\n|-supereffective|p2a: Amoonguss\n|-damage|p2a: Amoonguss|43/100\n|-damage|p2b: Ting-Lu|66/100\n|move|p2b: Ting-Lu|Protect||[still]\n|-fail|p2b: Ting-Lu\n|\n|-heal|p2b: Ting-Lu|72/100|[from] item: Leftovers\n|-heal|p2a: Amoonguss|49/100|[from] item: Black Sludge\n|upkeep\n|turn|4\n|\n|t:|1775822712\n|switch|p2a: Lunala|Lunala, L50, tera:Fairy|85/100\n|move|p2b: Ting-Lu|Protect|p2b: Ting-Lu\n|-singleturn|p2b: Ting-Lu|Protect\n|move|p1a: Calyrex|Astral Barrage|p2a: Lunala|[spread] p2a\n|-activate|p2b: Ting-Lu|move: Protect\n|-damage|p2a: Lunala|56/100\n|-damage|p1a: Calyrex|56/100|[from] item: Life Orb\n|move|p1b: Typhlosion|Eruption|p2b: Ting-Lu|[spread] p2a\n|-activate|p2b: Ting-Lu|move: Protect\n|-damage|p2a: Lunala|25/100\n|\n|-heal|p2b: Ting-Lu|78/100|[from] item: Leftovers\n|upkeep\n|turn|5\n|\n|t:|1775822737\n|switch|p2b: Calyrex|Calyrex-Ice, L50|100/100\n|-ability|p2b: Calyrex|As One\n|-ability|p2b: Calyrex|Unnerve\n|move|p2a: Lunala|Wide Guard|p2a: Lunala\n|-singleturn|p2a: Lunala|Wide Guard\n|move|p1a: Calyrex|Astral Barrage|p2a: Lunala|[spread] \n|-activate|p2a: Lunala|move: Wide Guard\n|-activate|p2b: Calyrex|move: Wide Guard\n|move|p1b: Typhlosion|Shadow Ball|p2a: Lunala\n|-damage|p2a: Lunala|0 fnt\n|faint|p2a: Lunala\n|\n|upkeep\n|\n|t:|1775822753\n|switch|p2a: Ting-Lu|Ting-Lu, L50|78/100\n|-ability|p2a: Ting-Lu|Vessel of Ruin\n|turn|6\n|\n|t:|1775822772\n|move|p1a: Calyrex|Taunt|p2b: Calyrex\n|-start|p2b: Calyrex|move: Taunt\n|move|p1b: Typhlosion|Curse|p2b: Calyrex\n|-start|p2b: Calyrex|Curse|[of] p1b: Typhlosion\n|-damage|p1b: Typhlosion|51/100\n|move|p2b: Calyrex|Glacial Lance|p1a: Calyrex|[spread] p1a,p1b\n|-resisted|p1b: Typhlosion\n|-damage|p1a: Calyrex|0 fnt\n|-damage|p1b: Typhlosion|0 fnt\n|faint|p1a: Calyrex\n|faint|p1b: Typhlosion\n|-ability|p2b: Calyrex|Chilling Neigh|boost\n|-boost|p2b: Calyrex|atk|2\n|move|p2a: Ting-Lu|Snarl|p1: Calyrex|[notarget]\n|-fail|p2a: Ting-Lu\n|\n|-heal|p2a: Ting-Lu|84/100|[from] item: Leftovers\n|-damage|p2b: Calyrex|76/100|[from] Curse\n|upkeep\n|\n|t:|1775822776\n|switch|p1a: Urshifu|Urshifu-Rapid-Strike, L50, M|100/100\n|switch|p1b: Miraidon|Miraidon, L50|100/100\n|-fieldstart|move: Electric Terrain|[from] ability: Hadron Engine|[of] p1b: Miraidon\n|turn|7\n|inactive|sunny_zong4 has 30 seconds left.\n|inactive|CnardzLits has 30 seconds left.\n|\n|t:|1775822802\n|switch|p2b: Amoonguss|Amoonguss, L50, M|49/100\n|move|p1b: Miraidon|Electro Drift|p2b: Amoonguss\n|-resisted|p2b: Amoonguss\n|-damage|p2b: Amoonguss|11/100\n|move|p1a: Urshifu|Surging Strikes|p2a: Ting-Lu\n|-supereffective|p2a: Ting-Lu\n|-crit|p2a: Ting-Lu\n|-damage|p2a: Ting-Lu|55/100\n|-supereffective|p2a: Ting-Lu\n|-crit|p2a: Ting-Lu\n|-damage|p2a: Ting-Lu|24/100\n|-supereffective|p2a: Ting-Lu\n|-crit|p2a: Ting-Lu\n|-damage|p2a: Ting-Lu|0 fnt\n|faint|p2a: Ting-Lu\n|-hitcount|p2: Ting-Lu|3\n|\n|-heal|p2b: Amoonguss|17/100|[from] item: Black Sludge\n|upkeep\n|\n|t:|1775822817\n|switch|p2a: Calyrex|Calyrex-Ice, L50|76/100\n|-ability|p2a: Calyrex|As One\n|-ability|p2a: Calyrex|Unnerve\n|turn|8\n|\n|t:|1775822824\n|move|p2b: Amoonguss|Rage Powder|p2b: Amoonguss\n|-singleturn|p2b: Amoonguss|move: Rage Powder\n|move|p1b: Miraidon|Electro Drift|p2b: Amoonguss\n|-resisted|p2b: Amoonguss\n|-crit|p2b: Amoonguss\n|-damage|p2b: Amoonguss|0 fnt\n|faint|p2b: Amoonguss\n|move|p1a: Urshifu|Surging Strikes|p2a: Calyrex\n|-crit|p2a: Calyrex\n|-damage|p2a: Calyrex|53/100\n|-crit|p2a: Calyrex\n|-damage|p2a: Calyrex|32/100\n|-crit|p2a: Calyrex\n|-damage|p2a: Calyrex|13/100\n|-hitcount|p2a: Calyrex|3\n|move|p2a: Calyrex|Trick Room|p2a: Calyrex\n|-fieldstart|move: Trick Room|[of] p2a: Calyrex\n|\n|upkeep\n|turn|9\n|\n|t:|1775822843\n|-terastallize|p1b: Miraidon|Fairy\n|move|p2a: Calyrex|Glacial Lance|p1b: Miraidon|[spread] p1a,p1b\n|-resisted|p1a: Urshifu\n|-damage|p1a: Urshifu|75/100\n|-damage|p1b: Miraidon|45/100\n|move|p1a: Urshifu|Surging Strikes|p2a: Calyrex\n|-crit|p2a: Calyrex\n|-damage|p2a: Calyrex|0 fnt\n|faint|p2a: Calyrex\n|-hitcount|p2: Calyrex|1\n|\n|win|sunny_zong4\n|raw|sunny_zong4's rating: 1338 &rarr; <strong>1354</strong><br />(+16 for winning)\n|raw|CnardzLits's rating: 1262 &rarr; <strong>1242</strong><br />(-20 for losing)\n|l|\u2606sunny_zong4\n|player|p1|\n|l|\u2606CnardzLits\n|player|p2|\n","uploadtime":1775823095,"views":8,"formatid":"gen9vgc2026regi","rating":1242,"private":0,"password":null}