{"id":"gen9vgc2026regi-2588521484","format":"[Gen 9] VGC 2026 Reg I","players":["mobile2433","jj11j1"],"log":"|j|\u2606mobile2433\n|j|\u2606jj11j1\n|t:|1776641237\n|gametype|doubles\n|player|p1|mobile2433|hoopster|1513\n|player|p2|jj11j1|169|1591\n|gen|9\n|tier|[Gen 9] VGC 2026 Reg I\n|rated|\n|rule|Species Clause: Limit one of each Pok\u00e9mon\n|rule|Item Clause: Limit 1 of each item\n|clearpoke\n|poke|p1|Amoonguss, L50, F|\n|poke|p1|Calyrex-Shadow, L50|\n|poke|p1|Zamazenta-*, L50|\n|poke|p1|Ogerpon-Cornerstone, L50, F|\n|poke|p1|Dragonite, L50, F|\n|poke|p1|Chien-Pao, L50|\n|poke|p2|Ho-Oh, L50|\n|poke|p2|Calyrex-Ice, L50|\n|poke|p2|Overqwil, L50, M|\n|poke|p2|Ting-Lu, L50|\n|poke|p2|Rillaboom, L50, M|\n|poke|p2|Ogerpon-Wellspring, L50, F|\n|teampreview|4\n|inactive|Battle timer is ON: inactive players will automatically lose when time's up. (requested by mobile2433)\n|\n|t:|1776641268\n|teamsize|p1|4\n|teamsize|p2|4\n|start\n|switch|p1a: Dragonite|Dragonite, L50, F|100/100\n|switch|p1b: Chien-Pao|Chien-Pao, L50|100/100\n|switch|p2a: Overqwil|Overqwil, L50, M|100/100\n|switch|p2b: Ho-Oh|Ho-Oh, L50|100/100\n|-ability|p1b: Chien-Pao|Sword of Ruin\n|-ability|p2a: Overqwil|Intimidate|boost\n|-fail|p1a: Dragonite|unboost|Attack|[from] ability: Inner Focus|[of] p1a: Dragonite\n|-unboost|p1b: Chien-Pao|atk|1\n|turn|1\n|inactive|jj11j1 has 30 seconds left.\n|\n|t:|1776641298\n|move|p1b: Chien-Pao|Ruination|p2a: Overqwil\n|-damage|p2a: Overqwil|50/100\n|move|p2b: Ho-Oh|Sacred Fire|p1b: Chien-Pao\n|-supereffective|p1b: Chien-Pao\n|-damage|p1b: Chien-Pao|0 fnt\n|faint|p1b: Chien-Pao\n|move|p1a: Dragonite|Outrage|p2b: Ho-Oh\n|-damage|p2b: Ho-Oh|26/100\n|-damage|p1a: Dragonite|84/100|[from] item: Rocky Helmet|[of] p2b: Ho-Oh\n|move|p2a: Overqwil|Barb Barrage|p1a: Dragonite\n|-damage|p1a: Dragonite|62/100\n|\n|-heal|p2a: Overqwil|57/100|[from] item: Black Sludge\n|upkeep\n|inactive|mobile2433 has 30 seconds left.\n|\n|t:|1776641326\n|switch|p1b: Calyrex|Calyrex-Shadow, L50|100/100\n|-ability|p1b: Calyrex|As One\n|-ability|p1b: Calyrex|Unnerve\n|turn|2\n|\n|t:|1776641351\n|switch|p2b: Ting-Lu|Ting-Lu, L50|100/100\n|-ability|p2b: Ting-Lu|Vessel of Ruin\n|-terastallize|p1b: Calyrex|Ghost\n|move|p2a: Overqwil|Protect|p2a: Overqwil\n|-singleturn|p2a: Overqwil|Protect\n|move|p1b: Calyrex|Astral Barrage|p2a: Overqwil|[spread] p2b\n|-activate|p2a: Overqwil|move: Protect\n|-resisted|p2b: Ting-Lu\n|-damage|p2b: Ting-Lu|78/100\n|move|p1a: Dragonite|Outrage|p2b: Ting-Lu|[from] lockedmove\n|-damage|p2b: Ting-Lu|21/100\n|\n|-heal|p2a: Overqwil|63/100|[from] item: Black Sludge\n|upkeep\n|turn|3\n|inactive|mobile2433 has 30 seconds left.\n|inactive|jj11j1 has 30 seconds left.\n|\n|t:|1776641382\n|move|p1b: Calyrex|Astral Barrage|p2a: Overqwil|[spread] p2a,p2b\n|-resisted|p2a: Overqwil\n|-resisted|p2b: Ting-Lu\n|-damage|p2a: Overqwil|36/100\n|-damage|p2b: Ting-Lu|0 fnt\n|faint|p2b: Ting-Lu\n|-ability|p1b: Calyrex|Grim Neigh|boost\n|-boost|p1b: Calyrex|spa|1\n|move|p1a: Dragonite|Outrage|p2a: Overqwil|[from] lockedmove\n|-damage|p2a: Overqwil|0 fnt\n|faint|p2a: Overqwil\n|-start|p1a: Dragonite|confusion|[fatigue]\n|\n|upkeep\n|\n|t:|1776641398\n|switch|p2a: Ho-Oh|Ho-Oh, L50|59/100\n|switch|p2b: Calyrex|Calyrex-Ice, L50|100/100\n|-ability|p2b: Calyrex|As One\n|-ability|p2b: Calyrex|Unnerve\n|turn|4\n|\n|t:|1776641410\n|switch|p1a: Zamazenta|Zamazenta-Crowned, L50|100/100\n|-ability|p1a: Zamazenta|Dauntless Shield|boost\n|-boost|p1a: Zamazenta|def|1\n|-terastallize|p2b: Calyrex|Water\n|move|p2a: Ho-Oh|Protect|p2a: Ho-Oh\n|-singleturn|p2a: Ho-Oh|Protect\n|move|p1b: Calyrex|Astral Barrage|p2b: Calyrex|[spread] p2b\n|-activate|p2a: Ho-Oh|move: Protect\n|-damage|p2b: Calyrex|32/100\n|move|p2b: Calyrex|Trick Room|p2b: Calyrex\n|-fieldstart|move: Trick Room|[of] p2b: Calyrex\n|\n|-heal|p2b: Calyrex|38/100|[from] item: Leftovers\n|upkeep\n|turn|5\n|inactive|jj11j1 has 30 seconds left.\n|\n|t:|1776641440\n|move|p1b: Calyrex|Protect|p1b: Calyrex\n|-singleturn|p1b: Calyrex|Protect\n|move|p2b: Calyrex|Glacial Lance|p1b: Calyrex|[spread] p1a\n|-activate|p1b: Calyrex|move: Protect\n|-resisted|p1a: Zamazenta\n|-damage|p1a: Zamazenta|90/100\n|move|p2a: Ho-Oh|Sacred Fire|p1b: Calyrex\n|-activate|p1b: Calyrex|move: Protect\n|move|p1a: Zamazenta|Body Press|p2b: Calyrex\n|-damage|p2b: Calyrex|3/100\n|\n|-heal|p2b: Calyrex|9/100|[from] item: Leftovers\n|upkeep\n|turn|6\n|\n|t:|1776641461\n|move|p2b: Calyrex|Protect|p2b: Calyrex\n|-singleturn|p2b: Calyrex|Protect\n|move|p1a: Zamazenta|Wide Guard|p1a: Zamazenta\n|-singleturn|p1a: Zamazenta|Wide Guard\n|move|p2a: Ho-Oh|Life Dew|p2a: Ho-Oh|[spread] p2a,p2b\n|-heal|p2a: Ho-Oh|84/100\n|-heal|p2b: Calyrex|34/100\n|move|p1b: Calyrex|Astral Barrage|p2b: Calyrex|[spread] p2a\n|-activate|p2b: Calyrex|move: Protect\n|-damage|p2a: Ho-Oh|16/100\n|\n|-heal|p2b: Calyrex|40/100|[from] item: Leftovers\n|upkeep\n|turn|7\n|inactive|mobile2433 has 30 seconds left.\n|\n|t:|1776641491\n|move|p1a: Zamazenta|Wide Guard|p1a: Zamazenta\n|-singleturn|p1a: Zamazenta|Wide Guard\n|move|p2b: Calyrex|Leech Seed|p1a: Zamazenta\n|-start|p1a: Zamazenta|move: Leech Seed\n|move|p2a: Ho-Oh|Life Dew|p2a: Ho-Oh|[spread] p2a,p2b\n|-heal|p2a: Ho-Oh|40/100\n|-heal|p2b: Calyrex|65/100\n|move|p1b: Calyrex|Encore|p2a: Ho-Oh\n|-start|p2a: Ho-Oh|Encore\n|\n|-heal|p2b: Calyrex|71/100|[from] item: Leftovers\n|-damage|p1a: Zamazenta|78/100|[from] Leech Seed|[of] p2b: Calyrex\n|-heal|p2b: Calyrex|81/100|[silent]\n|upkeep\n|turn|8\n|\n|t:|1776641514\n|move|p1b: Calyrex|Protect|p1b: Calyrex\n|-singleturn|p1b: Calyrex|Protect\n|move|p1a: Zamazenta|Wide Guard|p1a: Zamazenta\n|-singleturn|p1a: Zamazenta|Wide Guard\n|move|p2b: Calyrex|Leech Seed|p1b: Calyrex\n|-activate|p1b: Calyrex|move: Protect\n|move|p2a: Ho-Oh|Life Dew|p2a: Ho-Oh|[spread] p2a,p2b\n|-heal|p2a: Ho-Oh|65/100\n|-heal|p2b: Calyrex|100/100\n|\n|-damage|p1a: Zamazenta|66/100|[from] Leech Seed|[of] p2b: Calyrex\n|-fieldend|move: Trick Room\n|upkeep\n|turn|9\n|c|\u2606mobile2433|gg\n|inactive|mobile2433 has 30 seconds left.\n|\n|t:|1776641540\n|switch|p1a: Dragonite|Dragonite, L50, F|62/100\n|move|p1b: Calyrex|Encore|p2b: Calyrex\n|-start|p2b: Calyrex|Encore\n|move|p2a: Ho-Oh|Life Dew||[still]|[spread] p2a,p2b\n|-heal|p2a: Ho-Oh|90/100\n|-fail|p2b: Calyrex|heal\n|move|p2b: Calyrex|Leech Seed|p1a: Dragonite\n|-start|p1a: Dragonite|move: Leech Seed\n|\n|-damage|p1a: Dragonite|50/100|[from] Leech Seed|[of] p2b: Calyrex\n|upkeep\n|turn|10\n|inactive|mobile2433 has 30 seconds left.\n|inactive|mobile2433 has 20 seconds left.\n|inactive|mobile2433 has 15 seconds left.\n|\n|t:|1776641583\n|move|p1b: Calyrex|Astral Barrage|p2a: Ho-Oh|[spread] p2a,p2b\n|-damage|p2a: Ho-Oh|22/100\n|-damage|p2b: Calyrex|30/100\n|move|p2a: Ho-Oh|Life Dew|p2a: Ho-Oh|[spread] p2a,p2b\n|-heal|p2a: Ho-Oh|47/100\n|-heal|p2b: Calyrex|55/100\n|move|p1a: Dragonite|Outrage|p2a: Ho-Oh\n|-damage|p2a: Ho-Oh|0 fnt\n|-damage|p1a: Dragonite|33/100|[from] item: Rocky Helmet|[of] p2a: Ho-Oh\n|faint|p2a: Ho-Oh\n|move|p2b: Calyrex|Leech Seed|p1b: Calyrex\n|-start|p1b: Calyrex|move: Leech Seed\n|\n|-heal|p2b: Calyrex|61/100|[from] item: Leftovers\n|-damage|p1b: Calyrex|88/100|[from] Leech Seed|[of] p2b: Calyrex\n|-heal|p2b: Calyrex|72/100|[silent]\n|-damage|p1a: Dragonite|21/100|[from] Leech Seed|[of] p2b: Calyrex\n|-heal|p2b: Calyrex|83/100|[silent]\n|upkeep\n|turn|11\n|\n|t:|1776641604\n|move|p1b: Calyrex|Astral Barrage|p2b: Calyrex\n|-damage|p2b: Calyrex|0 fnt\n|faint|p2b: Calyrex\n|\n|win|mobile2433\n|raw|mobile2433's rating: 1513 &rarr; <strong>1537</strong><br />(+24 for winning)\n|raw|jj11j1's rating: 1591 &rarr; <strong>1567</strong><br />(-24 for losing)\n|l|\u2606jj11j1\n|player|p2|\n|l|\u2606mobile2433\n|player|p1|\n","uploadtime":1776641782,"views":9,"formatid":"gen9vgc2026regi","rating":1537,"private":0,"password":null}