{"id":"gen9vgc2026regi-2590200167","format":"[Gen 9] VGC 2026 Reg I","players":["rizzinggyatsinohio","Schimmli"],"log":"|j|\u2606rizzinggyatsinohio\n|j|\u2606Schimmli\n|t:|1776793217\n|gametype|doubles\n|player|p1|rizzinggyatsinohio|101|1385\n|player|p2|Schimmli|170|1563\n|gen|9\n|tier|[Gen 9] VGC 2026 Reg I\n|rated|\n|rule|Species Clause: Limit one of each Pok\u00e9mon\n|rule|Item Clause: Limit 1 of each item\n|clearpoke\n|poke|p1|Incineroar, L50, M|\n|poke|p1|Whimsicott, L50, M|\n|poke|p1|Miraidon, L50|\n|poke|p1|Lunala, L50|\n|poke|p1|Iron Valiant, L50|\n|poke|p1|Ditto, L50|\n|poke|p2|Rayquaza, L50|\n|poke|p2|Calyrex-Shadow, L50|\n|poke|p2|Incineroar, L50, F|\n|poke|p2|Chien-Pao, L50|\n|poke|p2|Urshifu-*, L50, F|\n|poke|p2|Weezing-Galar, L50, F|\n|teampreview|4\n|inactive|Battle timer is ON: inactive players will automatically lose when time's up. (requested by rizzinggyatsinohio)\n|\n|t:|1776793265\n|teamsize|p1|4\n|teamsize|p2|4\n|start\n|switch|p1a: Ditto|Ditto, L50, shiny|100/100\n|switch|p1b: Iron Valiant|Iron Valiant, L50|100/100\n|switch|p2a: Incineroar|Incineroar, L50, F, shiny|100/100\n|switch|p2b: Calyrex|Calyrex-Shadow, L50|100/100\n|-ability|p2b: Calyrex|As One\n|-ability|p2b: Calyrex|Unnerve\n|-ability|p2a: Incineroar|Intimidate|boost\n|-unboost|p1a: Ditto|atk|1\n|-unboost|p1b: Iron Valiant|atk|1\n|-transform|p1a: Ditto|p2b: Calyrex|[from] ability: Imposter\n|-ability|p1a: Ditto|As One\n|-ability|p1a: Ditto|Unnerve\n|turn|1\n|inactive|rizzinggyatsinohio has 30 seconds left.\n|\n|t:|1776793299\n|-terastallize|p1a: Ditto|Normal\n|move|p2a: Incineroar|Fake Out|p1b: Iron Valiant\n|-damage|p1b: Iron Valiant|86/100\n|move|p1a: Ditto|Astral Barrage|p2b: Calyrex|[spread] p2a,p2b\n|-resisted|p2a: Incineroar\n|-supereffective|p2b: Calyrex\n|-damage|p2a: Incineroar|77/100\n|-enditem|p2b: Calyrex|Focus Sash\n|-damage|p2b: Calyrex|1/100\n|move|p2b: Calyrex|Astral Barrage|p1b: Iron Valiant|[spread] p1b\n|-immune|p1a: Ditto\n|-damage|p1b: Iron Valiant|0 fnt\n|faint|p1b: Iron Valiant\n|-end|p1b: Iron Valiant|Quark Drive|[silent]\n|-ability|p2b: Calyrex|Grim Neigh|boost\n|-boost|p2b: Calyrex|spa|1\n|\n|upkeep\n|\n|t:|1776793317\n|switch|p1b: Lunala|Lunala, L50|100/100\n|turn|2\n|\n|t:|1776793337\n|move|p2b: Calyrex|Protect|p2b: Calyrex\n|-singleturn|p2b: Calyrex|Protect\n|move|p1a: Ditto|Astral Barrage|p2b: Calyrex|[spread] p2a\n|-activate|p2b: Calyrex|move: Protect\n|-resisted|p2a: Incineroar\n|-damage|p2a: Incineroar|54/100\n|move|p1b: Lunala|Moonblast|p2b: Calyrex\n|-activate|p2b: Calyrex|move: Protect\n|move|p2a: Incineroar|Knock Off|p1a: Ditto\n|-damage|p1a: Ditto|44/100\n|-enditem|p1a: Ditto|Focus Sash|[from] move: Knock Off|[of] p2a: Incineroar\n|\n|upkeep\n|turn|3\n|\n|t:|1776793359\n|move|p2b: Calyrex|Psychic|p1a: Ditto\n|-damage|p1a: Ditto|0 fnt\n|faint|p1a: Ditto\n|-ability|p2b: Calyrex|Grim Neigh|boost\n|-boost|p2b: Calyrex|spa|1\n|move|p1b: Lunala|Moonblast|p2b: Calyrex\n|-damage|p2b: Calyrex|0 fnt\n|faint|p2b: Calyrex\n|move|p2a: Incineroar|Knock Off|p1b: Lunala\n|-supereffective|p1b: Lunala\n|-damage|p1b: Lunala|40/100\n|-enditem|p1b: Lunala|Electric Seed|[from] move: Knock Off|[of] p2a: Incineroar\n|\n|upkeep\n|\n|t:|1776793375\n|switch|p2b: Rayquaza|Rayquaza, L50|100/100\n|switch|p1a: Miraidon|Miraidon, L50|100/100\n|-fieldstart|move: Electric Terrain|[from] ability: Hadron Engine|[of] p1a: Miraidon\n|-ability|p2b: Rayquaza|Air Lock\n|turn|4\n|\n|t:|1776793390\n|-terastallize|p2b: Rayquaza|Normal\n|move|p2b: Rayquaza|Extreme Speed|p1a: Miraidon\n|-damage|p1a: Miraidon|24/100\n|move|p1a: Miraidon|Dazzling Gleam|p2a: Incineroar|[spread] p2a,p2b\n|-damage|p2a: Incineroar|14/100\n|-damage|p2b: Rayquaza|54/100\n|move|p1b: Lunala|Moonblast|p2b: Rayquaza\n|-damage|p2b: Rayquaza|21/100\n|move|p2a: Incineroar|Knock Off|p1b: Lunala\n|-supereffective|p1b: Lunala\n|-damage|p1b: Lunala|0 fnt\n|faint|p1b: Lunala\n|\n|upkeep\n|turn|5\n|-message|rizzinggyatsinohio forfeited.\n|\n|win|Schimmli\n|raw|rizzinggyatsinohio's rating: 1385 &rarr; <strong>1374</strong><br />(-11 for losing)\n|raw|Schimmli's rating: 1563 &rarr; <strong>1574</strong><br />(+11 for winning)\n|l|\u2606rizzinggyatsinohio\n|player|p1|\n|l|\u2606Schimmli\n|player|p2|\n","uploadtime":1776793680,"views":8,"formatid":"gen9vgc2026regi","rating":1374,"private":0,"password":null}