{"id":"gen9vgc2026regi-2553696934","format":"[Gen 9] VGC 2026 Reg I","players":["cpinalli5","I\u2764\ufe0f\u5a1c\u7984forever"],"log":"|j|\u2606cpinalli5\n|j|\u2606I\u2764\ufe0f\u5a1c\u7984forever\n|t:|1772863055\n|gametype|doubles\n|player|p1|cpinalli5|elesa|1323\n|player|p2|I\u2764\ufe0f\u5a1c\u7984forever|youngcouple-gen4dp|1352\n|gen|9\n|tier|[Gen 9] VGC 2026 Reg I\n|rated|\n|rule|Species Clause: Limit one of each Pok\u00e9mon\n|rule|Item Clause: Limit 1 of each item\n|clearpoke\n|poke|p1|Kyogre, L50|\n|poke|p1|Flutter Mane, L50|\n|poke|p1|Urshifu-*, L50, F|\n|poke|p1|Landorus, L50, M|\n|poke|p1|Smeargle, L50, F|\n|poke|p1|Calyrex-Ice, L50|\n|poke|p2|Groudon, L50|\n|poke|p2|Kyurem-White, L50|\n|poke|p2|Heatran, L50, M|\n|poke|p2|Whimsicott, L50, F|\n|poke|p2|Roaring Moon, L50|\n|poke|p2|Ditto, L50|\n|teampreview|4\n|\n|t:|1772863091\n|teamsize|p1|4\n|teamsize|p2|4\n|start\n|switch|p1a: Smeargle|Smeargle, L50, F|100/100\n|switch|p1b: Calyrex|Calyrex-Ice, L50|100/100\n|switch|p2a: Kyurem|Kyurem-White, L50|100/100\n|switch|p2b: Roaring Moon|Roaring Moon, L50|100/100\n|-ability|p1b: Calyrex|As One\n|-ability|p1b: Calyrex|Unnerve\n|-ability|p2a: Kyurem|Turboblaze\n|turn|1\n|\n|t:|1772863102\n|-terastallize|p1b: Calyrex|Grass\n|move|p1a: Smeargle|Fake Out|p2a: Kyurem\n|-damage|p2a: Kyurem|96/100\n|move|p2b: Roaring Moon|Knock Off|p1b: Calyrex\n|-damage|p1b: Calyrex|58/100\n|-enditem|p1b: Calyrex|Clear Amulet|[from] move: Knock Off|[of] p2b: Roaring Moon\n|cant|p2a: Kyurem|flinch\n|move|p1b: Calyrex|Trick Room|p1b: Calyrex\n|-fieldstart|move: Trick Room|[of] p1b: Calyrex\n|\n|-ability|p1a: Smeargle|Moody|boost\n|-boost|p1a: Smeargle|def|2\n|-unboost|p1a: Smeargle|atk|1\n|-enditem|p1a: Smeargle|Eject Pack\n|upkeep\n|\n|t:|1772863111\n|switch|p1a: alex|Kyogre, L50|100/100\n|-weather|RainDance|[from] ability: Drizzle|[of] p1a: alex\n|turn|2\n|\n|t:|1772863121\n|move|p1a: alex|Water Spout|p2b: Roaring Moon|[spread] p2a,p2b\n|-resisted|p2a: Kyurem\n|-resisted|p2b: Roaring Moon\n|-damage|p2a: Kyurem|56/100\n|-damage|p2b: Roaring Moon|59/100\n|move|p1b: Calyrex|Glacial Lance|p2b: Roaring Moon|[spread] p2a,p2b\n|-supereffective|p2b: Roaring Moon\n|-damage|p2a: Kyurem|7/100\n|-damage|p2b: Roaring Moon|0 fnt\n|faint|p2b: Roaring Moon\n|-end|p2b: Roaring Moon|Protosynthesis|[silent]\n|-ability|p1b: Calyrex|Chilling Neigh|boost\n|-boost|p1b: Calyrex|atk|1\n|move|p2a: Kyurem|Blizzard|p1b: Calyrex|[spread] p1a,p1b\n|-resisted|p1a: alex\n|-supereffective|p1b: Calyrex\n|-damage|p1a: alex|83/100\n|-damage|p1b: Calyrex|0 fnt\n|faint|p1b: Calyrex\n|\n|-weather|RainDance|[upkeep]\n|upkeep\n|\n|t:|1772863139\n|switch|p1b: Landorus|Landorus, L50, M|100/100\n|switch|p2b: Ditto|Ditto, L50|100/100\n|-transform|p2b: Ditto|p1a: alex|[from] ability: Imposter\n|turn|3\n|\n|t:|1772863155\n|move|p2b: Ditto|Protect|p2b: Ditto\n|-singleturn|p2b: Ditto|Protect\n|move|p1a: alex|Water Spout|p2a: Kyurem|[spread] p2a\n|-activate|p2b: Ditto|move: Protect\n|-resisted|p2a: Kyurem\n|-damage|p2a: Kyurem|0 fnt\n|faint|p2a: Kyurem\n|move|p1b: Landorus|Sandsear Storm|p2b: Ditto\n|-activate|p2b: Ditto|move: Protect\n|\n|-weather|RainDance|[upkeep]\n|upkeep\n|\n|t:|1772863164\n|switch|p2a: Groudon|Groudon, L50|100/100\n|-weather|SunnyDay|[from] ability: Drought|[of] p2a: Groudon\n|turn|4\n|\n|t:|1772863180\n|move|p1a: alex|Origin Pulse|p2a: Groudon|[spread] p2a,p2b\n|-supereffective|p2a: Groudon\n|-resisted|p2b: Ditto\n|-damage|p2a: Groudon|73/100\n|-damage|p2b: Ditto|89/100\n|move|p2b: Ditto|Ice Beam|p1b: Landorus\n|-supereffective|p1b: Landorus\n|-damage|p1b: Landorus|0 fnt\n|faint|p1b: Landorus\n|move|p2a: Groudon|Precipice Blades|p1a: alex\n|-damage|p1a: alex|21/100\n|\n|-weather|SunnyDay|[upkeep]\n|upkeep\n|\n|t:|1772863190\n|switch|p1b: Smeargle|Smeargle, L50, F|100/100\n|turn|5\n|\n|t:|1772863203\n|-terastallize|p2a: Groudon|Water\n|move|p1a: alex|Protect|p1a: alex\n|-singleturn|p1a: alex|Protect\n|move|p1b: Smeargle|Wide Guard|p1b: Smeargle\n|-singleturn|p1b: Smeargle|Wide Guard\n|move|p2b: Ditto|Ice Beam|p1b: Smeargle\n|-damage|p1b: Smeargle|38/100\n|move|p2a: Groudon|Crunch|p1a: alex\n|-activate|p1a: alex|move: Protect\n|\n|-weather|SunnyDay|[upkeep]\n|-fieldend|move: Trick Room\n|-ability|p1b: Smeargle|Moody|boost\n|-boost|p1b: Smeargle|spe|2\n|-unboost|p1b: Smeargle|spa|1\n|upkeep\n|turn|6\n|\n|t:|1772863227\n|move|p1b: Smeargle|Spore|p2a: Groudon\n|-status|p2a: Groudon|slp|[from] move: Spore\n|cant|p2a: Groudon|slp\n|move|p2b: Ditto|Ice Beam|p1b: Smeargle\n|-damage|p1b: Smeargle|0 fnt\n|faint|p1b: Smeargle\n|move|p1a: alex|Origin Pulse|p2a: Groudon|[spread] p2a,p2b\n|-resisted|p2a: Groudon\n|-crit|p2a: Groudon\n|-resisted|p2b: Ditto\n|-damage|p2a: Groudon|63/100 slp\n|-damage|p2b: Ditto|77/100\n|\n|-weather|SunnyDay|[upkeep]\n|upkeep\n|turn|7\n|\n|t:|1772863240\n|-curestatus|p2a: Groudon|slp|[msg]\n|move|p2a: Groudon|Precipice Blades|p1a: alex\n|-damage|p1a: alex|0 fnt\n|faint|p1a: alex\n|\n|win|I\u2764\ufe0f\u5a1c\u7984forever\n|raw|cpinalli5's rating: 1323 &rarr; <strong>1305</strong><br />(-18 for losing)\n|raw|I\u2764\ufe0f\u5a1c\u7984forever's rating: 1352 &rarr; <strong>1370</strong><br />(+18 for winning)\n|l|\u2606I\u2764\ufe0f\u5a1c\u7984forever\n|player|p2|\n|l|\u2606cpinalli5\n|player|p1|\n","uploadtime":1772863396,"views":12,"formatid":"gen9vgc2026regi","rating":1305,"private":0,"password":null}