{"id":"gen9vgc2026regi-2535843103","format":"[Gen 9] VGC 2026 Reg I","players":["pineapple87","501JFW"],"log":"|j|\u2606pineapple87\n|j|\u2606501JFW\n|t:|1770618695\n|gametype|doubles\n|player|p1|pineapple87|101|1237\n|player|p2|501JFW|101|1488\n|gen|9\n|tier|[Gen 9] VGC 2026 Reg I\n|rated|\n|rule|Species Clause: Limit one of each Pok\u00e9mon\n|rule|Item Clause: Limit 1 of each item\n|clearpoke\n|poke|p1|Slither Wing, L50|\n|poke|p1|Groudon, L50|\n|poke|p1|Flutter Mane, L50|\n|poke|p1|Raging Bolt, L50|\n|poke|p1|Wo-Chien, L50|\n|poke|p1|Kyogre, L50|\n|poke|p2|Kyogre, L50|\n|poke|p2|Calyrex-Ice, L50|\n|poke|p2|Amoonguss, L50, F|\n|poke|p2|Iron Jugulis, L50|\n|poke|p2|Urshifu-*, L50, M|\n|poke|p2|Indeedee-F, L50, F|\n|teampreview|4\n|inactive|Battle timer is ON: inactive players will automatically lose when time's up. (requested by 501JFW)\n|inactive|501JFW has 60 seconds left.\n|\n|t:|1770618731\n|teamsize|p1|4\n|teamsize|p2|4\n|start\n|switch|p1a: Slither Wing|Slither Wing, L50|100/100\n|switch|p1b: Groudon|Groudon, L50|100/100\n|switch|p2a: Calyrex|Calyrex-Ice, L50|100/100\n|switch|p2b: Indeedee|Indeedee-F, L50, F, shiny|100/100\n|-ability|p2a: Calyrex|As One\n|-ability|p2a: Calyrex|Unnerve\n|-weather|SunnyDay|[from] ability: Drought|[of] p1b: Groudon\n|-activate|p1a: Slither Wing|ability: Protosynthesis\n|-start|p1a: Slither Wing|protosynthesisatk\n|-fieldstart|move: Psychic Terrain|[from] ability: Psychic Surge|[of] p2b: Indeedee\n|-enditem|p2b: Indeedee|Psychic Seed\n|-boost|p2b: Indeedee|spd|1|[from] item: Psychic Seed\n|turn|1\n|\n|t:|1770618752\n|move|p2b: Indeedee|Follow Me|p2b: Indeedee\n|-singleturn|p2b: Indeedee|move: Follow Me\n|move|p1b: Groudon|Precipice Blades|p2b: Indeedee|[spread] p2a,p2b\n|-damage|p2a: Calyrex|76/100\n|-damage|p2b: Indeedee|59/100\n|move|p1a: Slither Wing|U-turn|p2b: Indeedee\n|-supereffective|p2b: Indeedee\n|-damage|p2b: Indeedee|0 fnt\n|faint|p2b: Indeedee\n|-damage|p1a: Slither Wing|91/100|[from] item: Life Orb\n|\n|t:|1770618767\n|-end|p1a: Slither Wing|Protosynthesis|[silent]\n|switch|p1a: Kyogre|Kyogre, L50|100/100|[from] U-turn\n|-weather|RainDance|[from] ability: Drizzle|[of] p1a: Kyogre\n|move|p2a: Calyrex|Trick Room|p2a: Calyrex\n|-fieldstart|move: Trick Room|[of] p2a: Calyrex\n|\n|-weather|RainDance|[upkeep]\n|upkeep\n|\n|t:|1770618780\n|switch|p2b: Amoonguss|Amoonguss, L50, F, shiny|100/100\n|turn|2\n|\n|t:|1770618798\n|switch|p1b: Wo-Chien|Wo-Chien, L50|100/100\n|-ability|p1b: Wo-Chien|Tablets of Ruin\n|move|p2b: Amoonguss|Spore|p1a: Kyogre\n|-status|p1a: Kyogre|slp|[from] move: Spore\n|move|p2a: Calyrex|Glacial Lance|p1b: Wo-Chien|[spread] p1a,p1b\n|-resisted|p1a: Kyogre\n|-supereffective|p1b: Wo-Chien\n|-damage|p1a: Kyogre|82/100 slp\n|-damage|p1b: Wo-Chien|16/100\n|cant|p1a: Kyogre|slp\n|\n|-weather|RainDance|[upkeep]\n|-heal|p1b: Wo-Chien|22/100|[from] item: Leftovers\n|upkeep\n|turn|3\n|inactive|501JFW has 30 seconds left.\n|inactive|501JFW has 20 seconds left.\n|\n|t:|1770618834\n|move|p1b: Wo-Chien|Protect|p1b: Wo-Chien\n|-singleturn|p1b: Wo-Chien|Protect\n|move|p2b: Amoonguss|Pollen Puff|p2a: Calyrex\n|-heal|p2a: Calyrex|100/100\n|move|p2a: Calyrex|Glacial Lance|p1a: Kyogre|[spread] p1a\n|-activate|p1b: Wo-Chien|move: Protect\n|-resisted|p1a: Kyogre\n|-damage|p1a: Kyogre|62/100 slp\n|cant|p1a: Kyogre|slp\n|\n|-weather|RainDance|[upkeep]\n|-heal|p1b: Wo-Chien|29/100|[from] item: Leftovers\n|upkeep\n|turn|4\n|inactive|pineapple87 has 30 seconds left.\n|\n|t:|1770618862\n|move|p2b: Amoonguss|Pollen Puff|p1b: Wo-Chien\n|-supereffective|p1b: Wo-Chien\n|-damage|p1b: Wo-Chien|0 fnt\n|faint|p1b: Wo-Chien\n|move|p2a: Calyrex|Glacial Lance|p1a: Kyogre\n|-resisted|p1a: Kyogre\n|-damage|p1a: Kyogre|29/100 slp\n|cant|p1a: Kyogre|slp\n|\n|-weather|RainDance|[upkeep]\n|upkeep\n|\n|t:|1770618873\n|switch|p1b: Groudon|Groudon, L50|100/100\n|-weather|SunnyDay|[from] ability: Drought|[of] p1b: Groudon\n|turn|5\n|-message|pineapple87 forfeited.\n|\n|win|501JFW\n|raw|pineapple87's rating: 1237 &rarr; <strong>1227</strong><br />(-10 for losing)\n|raw|501JFW's rating: 1488 &rarr; <strong>1496</strong><br />(+8 for winning)\n|l|\u2606pineapple87\n|player|p1|\n|l|\u2606501JFW\n|player|p2|\n","uploadtime":1770619117,"views":17,"formatid":"gen9vgc2026regi","rating":1227,"private":0,"password":null}