{"id":"gen9vgc2026regi-2564677542","format":"[Gen 9] VGC 2026 Reg I","players":["blackred123","iifwm"],"log":"|j|\u2606blackred123\n|j|\u2606iifwm\n|t:|1774185061\n|gametype|doubles\n|player|p1|blackred123|iono-masters|1392\n|player|p2|iifwm|102|1412\n|gen|9\n|tier|[Gen 9] VGC 2026 Reg I\n|rated|\n|rule|Species Clause: Limit one of each Pok\u00e9mon\n|rule|Item Clause: Limit 1 of each item\n|clearpoke\n|poke|p1|Zacian-*, L50|\n|poke|p1|Kyogre, L50|\n|poke|p1|Amoonguss, L50, M|\n|poke|p1|Incineroar, L50, M|\n|poke|p1|Urshifu-*, L50, M|\n|poke|p1|Iron Jugulis, L50|\n|poke|p2|Miraidon, L50|\n|poke|p2|Lunala, L50|\n|poke|p2|Whimsicott, L50, F|\n|poke|p2|Urshifu-*, L50, M|\n|poke|p2|Incineroar, L50, M|\n|poke|p2|Ursaluna, L50, M|\n|teampreview|4\n|inactive|Battle timer is ON: inactive players will automatically lose when time's up. (requested by blackred123)\n|\n|t:|1774185093\n|teamsize|p1|4\n|teamsize|p2|4\n|start\n|switch|p1a: \u9a6c\u5243\u5929\u7231\u661f|Kyogre, L50, shiny|100/100\n|switch|p1b: \u6211\u559c\u6b22\u4f60|Amoonguss, L50, M|100/100\n|switch|p2a: Miraidon|Miraidon, L50|100/100\n|switch|p2b: Whimsicott|Whimsicott, L50, F|100/100\n|-fieldstart|move: Electric Terrain|[from] ability: Hadron Engine|[of] p2a: Miraidon\n|-weather|RainDance|[from] ability: Drizzle|[of] p1a: \u9a6c\u5243\u5929\u7231\u661f\n|turn|1\n|\n|t:|1774185102\n|move|p1b: \u6211\u559c\u6b22\u4f60|Rage Powder|p1b: \u6211\u559c\u6b22\u4f60\n|-singleturn|p1b: \u6211\u559c\u6b22\u4f60|move: Rage Powder\n|move|p2b: Whimsicott|Light Screen|p2b: Whimsicott\n|-sidestart|p2: iifwm|move: Light Screen\n|move|p2a: Miraidon|Draco Meteor|p1b: \u6211\u559c\u6b22\u4f60\n|-damage|p1b: \u6211\u559c\u6b22\u4f60|1/100\n|-unboost|p2a: Miraidon|spa|2\n|-damage|p2a: Miraidon|91/100|[from] item: Life Orb\n|move|p1a: \u9a6c\u5243\u5929\u7231\u661f|Water Spout|p2a: Miraidon|[spread] p2a,p2b\n|-resisted|p2a: Miraidon\n|-resisted|p2b: Whimsicott\n|-damage|p2a: Miraidon|65/100\n|-damage|p2b: Whimsicott|68/100\n|\n|-weather|RainDance|[upkeep]\n|upkeep\n|turn|2\n|inactive|blackred123 has 30 seconds left.\n|\n|t:|1774185127\n|switch|p1b: \u963f\u5c14\u6258\u8389\u96c5|Zacian-Crowned, L50, shiny|100/100\n|-ability|p1b: \u963f\u5c14\u6258\u8389\u96c5|Intrepid Sword|boost\n|-boost|p1b: \u963f\u5c14\u6258\u8389\u96c5|atk|1\n|-terastallize|p1a: \u9a6c\u5243\u5929\u7231\u661f|Electric\n|move|p2a: Miraidon|Protect|p2a: Miraidon\n|-singleturn|p2a: Miraidon|Protect\n|move|p2b: Whimsicott|Moonblast|p1a: \u9a6c\u5243\u5929\u7231\u661f\n|-damage|p1a: \u9a6c\u5243\u5929\u7231\u661f|86/100\n|move|p1a: \u9a6c\u5243\u5929\u7231\u661f|Water Spout|p2a: Miraidon|[spread] p2b\n|-activate|p2a: Miraidon|move: Protect\n|-resisted|p2b: Whimsicott\n|-damage|p2b: Whimsicott|42/100\n|\n|-weather|RainDance|[upkeep]\n|upkeep\n|turn|3\n|\n|t:|1774185151\n|move|p2b: Whimsicott|Tailwind|p2b: Whimsicott\n|-sidestart|p2: iifwm|move: Tailwind\n|move|p2a: Miraidon|Volt Switch|p1b: \u963f\u5c14\u6258\u8389\u96c5\n|-damage|p1b: \u963f\u5c14\u6258\u8389\u96c5|58/100\n|-damage|p2a: Miraidon|56/100|[from] item: Life Orb\n|\n|t:|1774185158\n|switch|p2a: Lunala|Lunala, L50|100/100|[from] Volt Switch\n|-enditem|p2a: Lunala|Electric Seed\n|-boost|p2a: Lunala|def|1|[from] item: Electric Seed\n|move|p1b: \u963f\u5c14\u6258\u8389\u96c5|Play Rough|p2a: Lunala\n|-damage|p2a: Lunala|82/100\n|move|p1a: \u9a6c\u5243\u5929\u7231\u661f|Water Spout|p2b: Whimsicott|[spread] p2a,p2b\n|-resisted|p2b: Whimsicott\n|-damage|p2a: Lunala|45/100\n|-damage|p2b: Whimsicott|17/100\n|\n|-weather|RainDance|[upkeep]\n|upkeep\n|turn|4\n|inactive|blackred123 has 30 seconds left.\n|\n|t:|1774185184\n|move|p1b: \u963f\u5c14\u6258\u8389\u96c5|Protect|p1b: \u963f\u5c14\u6258\u8389\u96c5\n|-singleturn|p1b: \u963f\u5c14\u6258\u8389\u96c5|Protect\n|move|p2b: Whimsicott|Moonblast|p1a: \u9a6c\u5243\u5929\u7231\u661f\n|-damage|p1a: \u9a6c\u5243\u5929\u7231\u661f|73/100\n|-unboost|p1a: \u9a6c\u5243\u5929\u7231\u661f|spa|1\n|move|p2a: Lunala|Moongeist Beam|p1b: \u963f\u5c14\u6258\u8389\u96c5\n|-activate|p1b: \u963f\u5c14\u6258\u8389\u96c5|move: Protect\n|move|p1a: \u9a6c\u5243\u5929\u7231\u661f|Water Spout|p2b: Whimsicott|[spread] p2a,p2b\n|-resisted|p2b: Whimsicott\n|-damage|p2a: Lunala|23/100\n|-damage|p2b: Whimsicott|2/100\n|\n|-weather|RainDance|[upkeep]\n|upkeep\n|turn|5\n|inactive|blackred123 has 30 seconds left.\n|\n|t:|1774185211\n|switch|p1b: \u4e3b\u4eba\ud83d\ude2d\ud83e\udd75|Incineroar, L50, M|100/100\n|-ability|p1b: \u4e3b\u4eba\ud83d\ude2d\ud83e\udd75|Intimidate|boost\n|-unboost|p2a: Lunala|atk|1\n|-unboost|p2b: Whimsicott|atk|1\n|switch|p1a: \u6211\u559c\u6b22\u4f60|Amoonguss, L50, M|35/100\n|move|p2b: Whimsicott|Encore|p1b: \u4e3b\u4eba\ud83d\ude2d\ud83e\udd75\n|-hint|Since gen 7, Dark is immune to Prankster moves.\n|-immune|p1b: \u4e3b\u4eba\ud83d\ude2d\ud83e\udd75\n|move|p2a: Lunala|Moongeist Beam|p1a: \u6211\u559c\u6b22\u4f60\n|-damage|p1a: \u6211\u559c\u6b22\u4f60|0 fnt\n|faint|p1a: \u6211\u559c\u6b22\u4f60\n|\n|-weather|none\n|-sideend|p2: iifwm|move: Light Screen\n|-fieldend|move: Electric Terrain\n|upkeep\n|\n|t:|1774185222\n|switch|p1a: \u9a6c\u5243\u5929\u7231\u661f|Kyogre, L50, shiny, tera:Electric|73/100\n|-weather|RainDance|[from] ability: Drizzle|[of] p1a: \u9a6c\u5243\u5929\u7231\u661f\n|turn|6\n|\n|t:|1774185246\n|switch|p2b: Miraidon|Miraidon, L50|56/100\n|-fieldstart|move: Electric Terrain|[from] ability: Hadron Engine|[of] p2b: Miraidon\n|move|p2a: Lunala|Wide Guard|p2a: Lunala\n|-singleturn|p2a: Lunala|Wide Guard\n|move|p1a: \u9a6c\u5243\u5929\u7231\u661f|Origin Pulse|p2a: Lunala|[spread] \n|-activate|p2a: Lunala|move: Wide Guard\n|-activate|p2b: Miraidon|move: Wide Guard\n|move|p1b: \u4e3b\u4eba\ud83d\ude2d\ud83e\udd75|Knock Off|p2a: Lunala\n|-supereffective|p2a: Lunala\n|-damage|p2a: Lunala|0 fnt\n|faint|p2a: Lunala\n|\n|-weather|RainDance|[upkeep]\n|-sideend|p2: iifwm|move: Tailwind\n|upkeep\n|\n|t:|1774185263\n|switch|p2a: Whimsicott|Whimsicott, L50, F|2/100\n|turn|7\n|\n|t:|1774185282\n|move|p2a: Whimsicott|Light Screen|p2a: Whimsicott\n|-sidestart|p2: iifwm|move: Light Screen\n|move|p2b: Miraidon|Draco Meteor|p1a: \u9a6c\u5243\u5929\u7231\u661f|[miss]\n|-miss|p2b: Miraidon|p1a: \u9a6c\u5243\u5929\u7231\u661f\n|move|p1a: \u9a6c\u5243\u5929\u7231\u661f|Ice Beam|p2b: Miraidon\n|-supereffective|p2b: Miraidon\n|-damage|p2b: Miraidon|13/100\n|-status|p2b: Miraidon|frz\n|move|p1b: \u4e3b\u4eba\ud83d\ude2d\ud83e\udd75|Knock Off|p2a: Whimsicott\n|-resisted|p2a: Whimsicott\n|-damage|p2a: Whimsicott|0 fnt\n|-enditem|p2a: Whimsicott|Covert Cloak|[from] move: Knock Off|[of] p1b: \u4e3b\u4eba\ud83d\ude2d\ud83e\udd75\n|faint|p2a: Whimsicott\n|\n|-weather|RainDance|[upkeep]\n|upkeep\n|-message|iifwm forfeited.\n|\n|win|blackred123\n|raw|blackred123's rating: 1392 &rarr; <strong>1413</strong><br />(+21 for winning)\n|raw|iifwm's rating: 1412 &rarr; <strong>1391</strong><br />(-21 for losing)\n|l|\u2606iifwm\n|player|p2|\n","uploadtime":1774185294,"views":11,"formatid":"gen9vgc2026regi","rating":1391,"private":0,"password":null}