{"id":"gen9vgc2026regi-2564566980","format":"[Gen 9] VGC 2026 Reg I","players":["I\u2764\ufe0f\u5a1c\u7984Forever","to me and me alone"],"log":"|j|\u2606I\u2764\ufe0f\u5a1c\u7984Forever\n|j|\u2606to me and me alone\n|t:|1774165420\n|gametype|doubles\n|player|p1|I\u2764\ufe0f\u5a1c\u7984Forever|youngcouple-gen4dp|\n|player|p2|to me and me alone|may-masters|\n|gen|9\n|tier|[Gen 9] VGC 2026 Reg I\n|rated|Tournament battle\n|rule|Species Clause: Limit one of each Pok\u00e9mon\n|rule|Item Clause: Limit 1 of each item\n|clearpoke\n|poke|p1|Groudon, L50|\n|poke|p1|Kyurem-White, L50|\n|poke|p1|Heatran, L50, M|\n|poke|p1|Whimsicott, L50, M|\n|poke|p1|Ditto, L50|\n|poke|p1|Flutter Mane, L50|\n|poke|p2|Calyrex-Shadow, L50|\n|poke|p2|Zamazenta-*, L50|\n|poke|p2|Tornadus, L50, M|\n|poke|p2|Ogerpon-Cornerstone, L50, F|\n|poke|p2|Raging Bolt, L50|\n|poke|p2|Incineroar, L50, F|\n|teampreview|4\n|j| Ankur Chen_5\n|j| aurora ltd\n|\n|t:|1774165446\n|teamsize|p1|4\n|teamsize|p2|4\n|start\n|switch|p1a: Whimsicott|Whimsicott, L50, M|100/100\n|switch|p1b: Kyurem|Kyurem-White, L50|100/100\n|switch|p2a: Zamazenta|Zamazenta-Crowned, L50|100/100\n|switch|p2b: Tornadus|Tornadus, L50, M|100/100\n|-ability|p2a: Zamazenta|Dauntless Shield|boost\n|-boost|p2a: Zamazenta|def|1\n|-ability|p1b: Kyurem|Turboblaze\n|turn|1\n|\n|t:|1774165474\n|-terastallize|p1b: Kyurem|Ghost\n|move|p2a: Zamazenta|Wide Guard|p2a: Zamazenta\n|-singleturn|p2a: Zamazenta|Wide Guard\n|move|p2b: Tornadus|Taunt|p1a: Whimsicott\n|-start|p1a: Whimsicott|move: Taunt\n|move|p1b: Kyurem|Blizzard|p2b: Tornadus|[spread] \n|-activate|p2a: Zamazenta|move: Wide Guard\n|-activate|p2b: Tornadus|move: Wide Guard\n|cant|p1a: Whimsicott|move: Taunt|Trick Room\n|\n|upkeep\n|turn|2\n|\n|t:|1774165487\n|switch|p1a: Groudon|Groudon, L50|100/100\n|-weather|SunnyDay|[from] ability: Drought|[of] p1a: Groudon\n|move|p2b: Tornadus|Tailwind|p2b: Tornadus\n|-sidestart|p2: to me and me alone|move: Tailwind\n|move|p2a: Zamazenta|Heavy Slam|p1a: Groudon\n|-damage|p1a: Groudon|89/100\n|move|p1b: Kyurem|Fusion Flare|p2a: Zamazenta\n|-supereffective|p2a: Zamazenta\n|-damage|p2a: Zamazenta|0 fnt\n|faint|p2a: Zamazenta\n|\n|-weather|SunnyDay|[upkeep]\n|upkeep\n|\n|t:|1774165490\n|switch|p2a: Calyrex|Calyrex-Shadow, L50|100/100\n|-ability|p2a: Calyrex|As One\n|-ability|p2a: Calyrex|Unnerve\n|turn|3\n|\n|t:|1774165512\n|move|p2a: Calyrex|Astral Barrage|p1a: Groudon|[spread] p1a,p1b\n|-supereffective|p1b: Kyurem\n|-damage|p1a: Groudon|47/100\n|-damage|p1b: Kyurem|0 fnt\n|faint|p1b: Kyurem\n|-ability|p2a: Calyrex|Grim Neigh|boost\n|-boost|p2a: Calyrex|spa|1\n|-damage|p2a: Calyrex|91/100|[from] item: Life Orb\n|move|p2b: Tornadus|Bleakwind Storm|p1a: Groudon\n|-damage|p1a: Groudon|19/100\n|move|p1a: Groudon|Crunch|p2a: Calyrex\n|-supereffective|p2a: Calyrex\n|-damage|p2a: Calyrex|0 fnt\n|faint|p2a: Calyrex\n|\n|-weather|SunnyDay|[upkeep]\n|upkeep\n|\n|t:|1774165527\n|switch|p2a: Ogerpon|Ogerpon-Cornerstone, L50, F|100/100\n|switch|p1b: Whimsicott|Whimsicott, L50, M|100/100\n|turn|4\n|\n|t:|1774165548\n|move|p1b: Whimsicott|Tailwind|p1b: Whimsicott\n|-sidestart|p1: I\u2764\ufe0f\u5a1c\u7984Forever|move: Tailwind\n|move|p2a: Ogerpon|Ivy Cudgel|p1b: Whimsicott|[anim] Ivy Cudgel Rock\n|-damage|p1b: Whimsicott|3/100\n|move|p2b: Tornadus|Bleakwind Storm|p1b: Whimsicott|[spread] p1a,p1b\n|-supereffective|p1b: Whimsicott\n|-damage|p1a: Groudon|0 fnt\n|-damage|p1b: Whimsicott|0 fnt\n|faint|p1a: Groudon\n|faint|p1b: Whimsicott\n|\n|-weather|SunnyDay|[upkeep]\n|upkeep\n|j| TimeforCHILLI\n|j| Wumu&Ida312\n|\n|t:|1774165562\n|switch|p1b: Ditto|Ditto, L50|100/100\n|-transform|p1b: Ditto|p2a: Ogerpon|[from] ability: Imposter\n|turn|5\n|\n|t:|1774165569\n|move|p2b: Tornadus|Protect|p2b: Tornadus\n|-singleturn|p2b: Tornadus|Protect\n|move|p1b: Ditto|Spiky Shield|p1b: Ditto\n|-singleturn|p1b: Ditto|move: Protect\n|move|p2a: Ogerpon|Spiky Shield||[still]\n|-fail|p2a: Ogerpon\n|\n|-weather|SunnyDay|[upkeep]\n|-sideend|p2: to me and me alone|move: Tailwind\n|upkeep\n|turn|6\n|l| Wumu&Ida312\n|\n|t:|1774165580\n|move|p2b: Tornadus|Tailwind|p2b: Tornadus\n|-sidestart|p2: to me and me alone|move: Tailwind\n|move|p2a: Ogerpon|Ivy Cudgel|p1b: Ditto|[anim] Ivy Cudgel Rock\n|-damage|p1b: Ditto|25/100\n|move|p1b: Ditto|Ivy Cudgel|p2b: Tornadus|[anim] Ivy Cudgel Rock\n|-supereffective|p2b: Tornadus\n|-damage|p2b: Tornadus|0 fnt\n|faint|p2b: Tornadus\n|\n|-weather|none\n|upkeep\n|turn|7\n|\n|t:|1774165590\n|move|p1b: Ditto|Spiky Shield|p1b: Ditto\n|-singleturn|p1b: Ditto|move: Protect\n|move|p2a: Ogerpon|Ivy Cudgel|p1b: Ditto|[anim] Ivy Cudgel Rock\n|-activate|p1b: Ditto|move: Protect\n|\n|-sideend|p1: I\u2764\ufe0f\u5a1c\u7984Forever|move: Tailwind\n|upkeep\n|turn|8\n|\n|t:|1774165610\n|move|p2a: Ogerpon|Ivy Cudgel|p1b: Ditto|[anim] Ivy Cudgel Rock|[miss]\n|-miss|p2a: Ogerpon|p1b: Ditto\n|move|p1b: Ditto|Ivy Cudgel|p2a: Ogerpon|[anim] Ivy Cudgel Rock\n|-damage|p2a: Ogerpon|37/100\n|\n|upkeep\n|turn|9\n|\n|t:|1774165617\n|move|p1b: Ditto|Spiky Shield|p1b: Ditto\n|-singleturn|p1b: Ditto|move: Protect\n|move|p2a: Ogerpon|Ivy Cudgel|p1b: Ditto|[anim] Ivy Cudgel Rock\n|-activate|p1b: Ditto|move: Protect\n|\n|-sideend|p2: to me and me alone|move: Tailwind\n|upkeep\n|turn|10\n|c|\u2606to me and me alone|._.\n|c|\u2606to me and me alone|Please may I not lose to bright powder ditto\n|c|\u2606to me and me alone|I beg\n|c|\u2606I\u2764\ufe0f\u5a1c\u7984Forever|ggwp\n|c| TimeforCHILLI|LIGHT POWDRE\n|\n|t:|1774165643\n|-terastallize|p2a: Ogerpon|Rock\n|detailschange|p2a: Ogerpon|Ogerpon-Cornerstone-Tera, L50, F, tera:Rock\n|-ability|p2a: Ogerpon|Embody Aspect (Cornerstone)|boost\n|-boost|p2a: Ogerpon|def|1\n|move|p2a: Ogerpon|Ivy Cudgel|p1b: Ditto|[anim] Ivy Cudgel Rock\n|-damage|p1b: Ditto|0 fnt\n|faint|p1b: Ditto\n|\n|win|to me and me alone\n|n|\u2606I\u2764\ufe0f\u5a1c\u7984Forever|iforever\n|n|\u2606to me and me alone|tomeandmealone\n|n| Ankur Chen_5|ankurchen5\n|n| aurora ltd|auroraltd\n|n| TimeforCHILLI|timeforchilli\n|c|\u2606to me and me alone|gg\n|c| TimeforCHILLI|Bright\n|c|\u2606I\u2764\ufe0f\u5a1c\u7984Forever|lol gg\n|l| Ankur Chen_5\n","uploadtime":1774165662,"views":14,"formatid":"gen9vgc2026regi","rating":null,"private":0,"password":null}