{"id":"gen9vgc2026regi-2558868176","format":"[Gen 9] VGC 2026 Reg I","players":["Kaf7","fogdocker"],"log":"|j|\u2606Kaf7\n|j|\u2606fogdocker\n|t:|1773495610\n|gametype|doubles\n|player|p1|Kaf7|265|1392\n|player|p2|fogdocker|2|1420\n|gen|9\n|tier|[Gen 9] VGC 2026 Reg I\n|rated|\n|rule|Species Clause: Limit one of each Pok\u00e9mon\n|rule|Item Clause: Limit 1 of each item\n|clearpoke\n|poke|p1|Calyrex-Ice, L50|\n|poke|p1|Eternatus, L50|\n|poke|p1|Grimmsnarl, L50, M|\n|poke|p1|Incineroar, L50, M|\n|poke|p1|Ogerpon-Wellspring, L50, F|\n|poke|p1|Rillaboom, L50, F|\n|poke|p2|Calyrex-Ice, L50|\n|poke|p2|Koraidon, L50|\n|poke|p2|Flutter Mane, L50|\n|poke|p2|Incineroar, L50, M|\n|poke|p2|Rillaboom, L50, F|\n|poke|p2|Annihilape, L50, F|\n|teampreview|4\n|\n|t:|1773495686\n|teamsize|p1|4\n|teamsize|p2|4\n|start\n|switch|p1a: Eternatus|Eternatus, L50, shiny|100/100\n|switch|p1b: Grimmsnarl|Grimmsnarl, L50, M, shiny|100/100\n|switch|p2a: Calyrex|Calyrex-Ice, L50|100/100\n|switch|p2b: Koraidon|Koraidon, L50|100/100\n|-ability|p2a: Calyrex|As One\n|-ability|p2a: Calyrex|Unnerve\n|-weather|SunnyDay|[from] ability: Orichalcum Pulse|[of] p2b: Koraidon\n|-activate|p2b: Koraidon|Orichalcum Pulse|[source]\n|-ability|p1a: Eternatus|Pressure\n|turn|1\n|\n|t:|1773495707\n|switch|p2b: Incineroar|Incineroar, L50, M|100/100\n|-ability|p2b: Incineroar|Intimidate|boost\n|-unboost|p1a: Eternatus|atk|1\n|-unboost|p1b: Grimmsnarl|atk|1\n|-terastallize|p1a: Eternatus|Fire\n|move|p1b: Grimmsnarl|Reflect|p1b: Grimmsnarl\n|-sidestart|p1: Kaf7|Reflect\n|move|p1a: Eternatus|Flamethrower|p2a: Calyrex\n|-supereffective|p2a: Calyrex\n|-damage|p2a: Calyrex|0 fnt\n|faint|p2a: Calyrex\n|-damage|p1a: Eternatus|91/100|[from] item: Life Orb\n|\n|-weather|SunnyDay|[upkeep]\n|upkeep\n|inactive|Battle timer is ON: inactive players will automatically lose when time's up. (requested by Kaf7)\n|\n|t:|1773495764\n|switch|p2a: Annihilape|Annihilape, L50, F|100/100\n|turn|2\n|inactive|Kaf7 has 30 seconds left.\n|inactive|Kaf7 has 20 seconds left.\n|\n|t:|1773495800\n|move|p1a: Eternatus|Protect|p1a: Eternatus\n|-singleturn|p1a: Eternatus|Protect\n|move|p1b: Grimmsnarl|Thunder Wave|p2a: Annihilape\n|-status|p2a: Annihilape|par\n|move|p2a: Annihilape|Final Gambit|p1a: Eternatus\n|-activate|p1a: Eternatus|move: Protect\n|move|p2b: Incineroar|Flare Blitz|p1b: Grimmsnarl\n|-damage|p1b: Grimmsnarl|52/100\n|-damage|p2b: Incineroar|85/100|[from] Recoil\n|\n|-weather|SunnyDay|[upkeep]\n|upkeep\n|turn|3\n|inactive|fogdocker has 30 seconds left.\n|inactive|fogdocker has 20 seconds left.\n|inactive|fogdocker has 15 seconds left.\n|\n|t:|1773495840\n|move|p1a: Eternatus|Dynamax Cannon|p2a: Annihilape\n|-damage|p2a: Annihilape|33/100 par\n|-damage|p1a: Eternatus|81/100|[from] item: Life Orb\n|move|p2a: Annihilape|Final Gambit|p1a: Eternatus\n|-damage|p1a: Eternatus|49/100\n|faint|p2a: Annihilape\n|move|p1b: Grimmsnarl|Spirit Break|p2b: Incineroar\n|-damage|p2b: Incineroar|70/100\n|-unboost|p2b: Incineroar|spa|1\n|move|p2b: Incineroar|Flare Blitz|p1b: Grimmsnarl\n|-damage|p1b: Grimmsnarl|4/100\n|-status|p1b: Grimmsnarl|brn\n|-damage|p2b: Incineroar|54/100|[from] Recoil\n|\n|-weather|SunnyDay|[upkeep]\n|-damage|p1b: Grimmsnarl|0 fnt|[from] brn\n|faint|p1b: Grimmsnarl\n|upkeep\n|\n|t:|1773495846\n|switch|p2a: Koraidon|Koraidon, L50|100/100\n|switch|p1b: Incineroar|Incineroar, L50, M, shiny|100/100\n|-activate|p2a: Koraidon|ability: Orichalcum Pulse\n|-ability|p1b: Incineroar|Intimidate|boost\n|-unboost|p2a: Koraidon|atk|1\n|-unboost|p2b: Incineroar|atk|1\n|turn|4\n|\n|t:|1773495869\n|move|p2a: Koraidon|Protect|p2a: Koraidon\n|-singleturn|p2a: Koraidon|Protect\n|move|p1b: Incineroar|Fake Out|p2a: Koraidon\n|-activate|p2a: Koraidon|move: Protect\n|move|p1a: Eternatus|Dynamax Cannon|p2b: Incineroar\n|-damage|p2b: Incineroar|0 fnt\n|faint|p2b: Incineroar\n|-damage|p1a: Eternatus|39/100|[from] item: Life Orb\n|\n|-weather|SunnyDay|[upkeep]\n|upkeep\n|turn|5\n|inactive|fogdocker has 30 seconds left.\n|inactive|fogdocker has 20 seconds left.\n|\n|t:|1773495907\n|-terastallize|p2a: Koraidon|Fire\n|move|p2a: Koraidon|Close Combat|p1a: Eternatus\n|-damage|p1a: Eternatus|0 fnt\n|-unboost|p2a: Koraidon|def|1\n|-unboost|p2a: Koraidon|spd|1\n|faint|p1a: Eternatus\n|-damage|p2a: Koraidon|91/100|[from] item: Life Orb\n|move|p1b: Incineroar|Parting Shot|p2a: Koraidon\n|-unboost|p2a: Koraidon|atk|1\n|-unboost|p2a: Koraidon|spa|1\n|\n|t:|1773495923\n|switch|p1b: Calyrex|Calyrex-Ice, L50|100/100|[from] Parting Shot\n|-ability|p1b: Calyrex|As One\n|-ability|p1b: Calyrex|Unnerve\n|\n|-weather|none\n|upkeep\n|\n|t:|1773495925\n|switch|p1a: Incineroar|Incineroar, L50, M, shiny|100/100\n|-ability|p1a: Incineroar|Intimidate|boost\n|-unboost|p2a: Koraidon|atk|1\n|turn|6\n|\n|t:|1773495930\n|move|p2a: Koraidon|Protect|p2a: Koraidon\n|-singleturn|p2a: Koraidon|Protect\n|move|p1a: Incineroar|Fake Out|p2a: Koraidon\n|-activate|p2a: Koraidon|move: Protect\n|move|p1b: Calyrex|Trick Room|p1b: Calyrex\n|-fieldstart|move: Trick Room|[of] p1b: Calyrex\n|\n|upkeep\n|turn|7\n|\n|t:|1773495942\n|move|p1b: Calyrex|Leech Seed|p2a: Koraidon\n|-start|p2a: Koraidon|move: Leech Seed\n|move|p1a: Incineroar|Knock Off|p2a: Koraidon\n|-damage|p2a: Koraidon|43/100\n|-enditem|p2a: Koraidon|Life Orb|[from] move: Knock Off|[of] p1a: Incineroar\n|move|p2a: Koraidon|Flare Blitz|p1b: Calyrex\n|-supereffective|p1b: Calyrex\n|-damage|p1b: Calyrex|80/100\n|-damage|p2a: Koraidon|35/100|[from] Recoil\n|\n|-heal|p1b: Calyrex|86/100|[from] item: Leftovers\n|-damage|p2a: Koraidon|23/100|[from] Leech Seed|[of] p1b: Calyrex\n|-heal|p1b: Calyrex|96/100|[silent]\n|upkeep\n|turn|8\n|-message|fogdocker forfeited.\n|\n|win|Kaf7\n|raw|Kaf7's rating: 1392 &rarr; <strong>1414</strong><br />(+22 for winning)\n|raw|fogdocker's rating: 1420 &rarr; <strong>1398</strong><br />(-22 for losing)\n|l|\u2606fogdocker\n|player|p2|\n|l|\u2606Kaf7\n|player|p1|\n","uploadtime":1773496136,"views":14,"formatid":"gen9vgc2026regi","rating":1398,"private":0,"password":null}