{"id":"gen9vgc2026regi-2573480078","format":"[Gen 9] VGC 2026 Reg I","players":["I\u2764\ufe0f\u5a1c\u7984Forever","drago91"],"log":"|j|\u2606I\u2764\ufe0f\u5a1c\u7984Forever\n|j|\u2606drago91\n|t:|1775140355\n|gametype|doubles\n|player|p1|I\u2764\ufe0f\u5a1c\u7984Forever|youngcouple-gen4dp|1468\n|player|p2|drago91|169|1383\n|gen|9\n|tier|[Gen 9] VGC 2026 Reg I\n|rated|\n|rule|Species Clause: Limit one of each Pok\u00e9mon\n|rule|Item Clause: Limit 1 of each item\n|clearpoke\n|poke|p1|Groudon, L50|\n|poke|p1|Kyurem-White, L50|\n|poke|p1|Heatran, L50, M|\n|poke|p1|Whimsicott, L50, M|\n|poke|p1|Ditto, L50|\n|poke|p1|Flutter Mane, L50|\n|poke|p2|Miraidon, L50|\n|poke|p2|Ho-Oh, L50|\n|poke|p2|Farigiraf, L50, M|\n|poke|p2|Ursaluna, L50, F|\n|poke|p2|Whimsicott, L50, F|\n|poke|p2|Urshifu-*, L50, F|\n|teampreview|4\n|inactive|Battle timer is ON: inactive players will automatically lose when time's up. (requested by drago91)\n|inactive|drago91 has 60 seconds left.\n|\n|t:|1775140410\n|teamsize|p1|4\n|teamsize|p2|4\n|start\n|switch|p1a: Whimsicott|Whimsicott, L50, M|100/100\n|switch|p1b: Kyurem|Kyurem-White, L50|100/100\n|switch|p2a: Miraidon|Miraidon, L50|100/100\n|switch|p2b: Farigiraf|Farigiraf, L50, M|100/100\n|-fieldstart|move: Electric Terrain|[from] ability: Hadron Engine|[of] p2a: Miraidon\n|-enditem|p2b: Farigiraf|Electric Seed\n|-boost|p2b: Farigiraf|def|1|[from] item: Electric Seed\n|-ability|p1b: Kyurem|Turboblaze\n|turn|1\n|inactive|drago91 has 30 seconds left.\n|\n|t:|1775140437\n|-terastallize|p2a: Miraidon|Fairy\n|move|p1a: Whimsicott|Endeavor|p2b: Farigiraf\n|-damage|p2b: Farigiraf|53/100\n|move|p2a: Miraidon|Volt Switch|p1a: Whimsicott\n|-resisted|p1a: Whimsicott\n|-crit|p1a: Whimsicott\n|-enditem|p1a: Whimsicott|Focus Sash\n|-damage|p1a: Whimsicott|1/100\n|\n|t:|1775140460\n|switch|p2a: Ho-Oh|Ho-Oh, L50|100/100|[from] Volt Switch\n|move|p1b: Kyurem|Blizzard|p2b: Farigiraf|[spread] p2a\n|-miss|p1b: Kyurem|p2b: Farigiraf\n|-enditem|p1b: Kyurem|Blunder Policy\n|-boost|p1b: Kyurem|spe|2\n|-damage|p2a: Ho-Oh|69/100\n|move|p2b: Farigiraf|Trick Room|p2b: Farigiraf\n|-fieldstart|move: Trick Room|[of] p2b: Farigiraf\n|\n|upkeep\n|turn|2\n|\n|t:|1775140483\n|switch|p1a: Groudon|Groudon, L50|100/100\n|-weather|SunnyDay|[from] ability: Drought|[of] p1a: Groudon\n|move|p2b: Farigiraf|Foul Play|p1a: Groudon\n|-damage|p1a: Groudon|78/100\n|move|p2a: Ho-Oh|Sacred Fire|p1b: Kyurem\n|-damage|p1b: Kyurem|35/100\n|move|p1b: Kyurem|Blizzard|p2b: Farigiraf|[spread] p2a,p2b\n|-damage|p2a: Ho-Oh|33/100\n|-damage|p2b: Farigiraf|0 fnt\n|faint|p2b: Farigiraf\n|\n|-weather|SunnyDay|[upkeep]\n|upkeep\n|\n|t:|1775140506\n|switch|p2b: Ursaluna|Ursaluna, L50, F|100/100\n|turn|3\n|\n|t:|1775140529\n|move|p1a: Groudon|Crunch|p2a: Ho-Oh\n|-damage|p2a: Ho-Oh|6/100\n|move|p2b: Ursaluna|Swords Dance|p2b: Ursaluna\n|-boost|p2b: Ursaluna|atk|2\n|move|p2a: Ho-Oh|Brave Bird|p1b: Kyurem\n|-damage|p1b: Kyurem|0 fnt\n|faint|p1b: Kyurem\n|-damage|p2a: Ho-Oh|0 fnt|[from] Recoil\n|faint|p2a: Ho-Oh\n|\n|-weather|SunnyDay|[upkeep]\n|-status|p2b: Ursaluna|brn|[from] item: Flame Orb\n|upkeep\n|\n|t:|1775140549\n|switch|p1b: Ditto|Ditto, L50|100/100\n|switch|p2a: Miraidon|Miraidon, L50, tera:Fairy|100/100\n|-transform|p1b: Ditto|p2a: Miraidon|[from] ability: Imposter\n|-activate|p1b: Ditto|ability: Hadron Engine\n|-activate|p2a: Miraidon|ability: Hadron Engine\n|turn|4\n|\n|t:|1775140568\n|move|p2b: Ursaluna|Facade|p1b: Ditto\n|-damage|p1b: Ditto|0 fnt\n|faint|p1b: Ditto\n|move|p1a: Groudon|Precipice Blades|p2b: Ursaluna|[spread] p2a,p2b\n|-damage|p2a: Miraidon|58/100\n|-damage|p2b: Ursaluna|54/100 brn\n|move|p2a: Miraidon|Draco Meteor|p1a: Groudon\n|-damage|p1a: Groudon|0 fnt\n|-unboost|p2a: Miraidon|spa|2\n|faint|p1a: Groudon\n|\n|-weather|SunnyDay|[upkeep]\n|-damage|p2b: Ursaluna|48/100 brn|[from] brn\n|upkeep\n|\n|t:|1775140578\n|switch|p1b: Whimsicott|Whimsicott, L50, M|1/100\n|turn|5\n|\n|t:|1775140588\n|move|p2b: Ursaluna|Facade|p1b: Whimsicott\n|-damage|p1b: Whimsicott|0 fnt\n|faint|p1b: Whimsicott\n|\n|win|drago91\n|raw|I\u2764\ufe0f\u5a1c\u7984Forever's rating: 1468 &rarr; <strong>1443</strong><br />(-25 for losing)\n|raw|drago91's rating: 1383 &rarr; <strong>1408</strong><br />(+25 for winning)\n|l|\u2606I\u2764\ufe0f\u5a1c\u7984Forever\n|player|p1|\n|l|\u2606drago91\n|player|p2|\n","uploadtime":1775140836,"views":13,"formatid":"gen9vgc2026regi","rating":1408,"private":0,"password":null}