{"id":"gen9vgc2026regi-2590952780","format":"[Gen 9] VGC 2026 Reg I","players":["dodatid2","Luca8"],"log":"|j|\u2606dodatid2\n|j|\u2606Luca8\n|t:|1776864187\n|gametype|doubles\n|player|p1|dodatid2|hiker-gen4|1511\n|player|p2|Luca8|flint|1601\n|gen|9\n|tier|[Gen 9] VGC 2026 Reg I\n|rated|\n|rule|Species Clause: Limit one of each Pok\u00e9mon\n|rule|Item Clause: Limit 1 of each item\n|clearpoke\n|poke|p1|Calyrex-Ice, L50|\n|poke|p1|Hariyama, L50, M|\n|poke|p1|Kyogre, L50|\n|poke|p1|Urshifu-*, L50, F|\n|poke|p1|Sinistcha-Masterpiece, L50|\n|poke|p1|Archaludon, L50, M|\n|poke|p2|Zamazenta-*, L50|\n|poke|p2|Indeedee-F, L50, F|\n|poke|p2|Torkoal, L50, F|\n|poke|p2|Calyrex-Shadow, L50|\n|poke|p2|Pelipper, L50, M|\n|poke|p2|Tornadus, L50, M|\n|teampreview|4\n|inactive|Battle timer is ON: inactive players will automatically lose when time's up. (requested by dodatid2)\n|l|\u2606dodatid2\n|inactive|dodatid2 disconnected and has a minute to reconnect!\n|player|p1|\n|j|\u2606dodatid2\n|inactive|dodatid2 reconnected.\n|player|p1|dodatid2|hiker-gen4|\n|inactive|Luca8 has 60 seconds left.\n|\n|t:|1776864239\n|teamsize|p1|4\n|teamsize|p2|4\n|start\n|switch|p1a: Calyrex|Calyrex-Ice, L50|100/100\n|switch|p1b: Hariyama|Hariyama, L50, M|100/100\n|switch|p2a: Calyrex|Calyrex-Shadow, L50|100/100\n|switch|p2b: Zamazenta|Zamazenta-Crowned, L50|100/100\n|-ability|p2a: Calyrex|As One\n|-ability|p2a: Calyrex|Unnerve\n|-ability|p1a: Calyrex|As One\n|-ability|p1a: Calyrex|Unnerve\n|-ability|p2b: Zamazenta|Dauntless Shield|boost\n|-boost|p2b: Zamazenta|def|1\n|turn|1\n|inactive|dodatid2 has 30 seconds left.\n|\n|t:|1776864267\n|-terastallize|p2b: Zamazenta|Fighting\n|-terastallize|p1b: Hariyama|Dark\n|move|p1a: Calyrex|Protect|p1a: Calyrex\n|-singleturn|p1a: Calyrex|Protect\n|move|p2a: Calyrex|Shadow Ball|p1a: Calyrex\n|-activate|p1a: Calyrex|move: Protect\n|move|p2b: Zamazenta|Body Press|p1a: Calyrex\n|-activate|p1a: Calyrex|move: Protect\n|move|p1b: Hariyama|Coaching|p1a: Calyrex\n|-boost|p1a: Calyrex|atk|1\n|-boost|p1a: Calyrex|def|1\n|\n|-status|p1b: Hariyama|brn|[from] item: Flame Orb\n|upkeep\n|turn|2\n|inactive|dodatid2 has 30 seconds left.\n|inactive|dodatid2 has 20 seconds left.\n|inactive|dodatid2 has 15 seconds left.\n|\n|t:|1776864308\n|move|p1b: Hariyama|Wide Guard|p1b: Hariyama\n|-singleturn|p1b: Hariyama|Wide Guard\n|move|p2a: Calyrex|Astral Barrage|p1b: Hariyama|[spread] \n|-activate|p1a: Calyrex|move: Wide Guard\n|-activate|p1b: Hariyama|move: Wide Guard\n|move|p2b: Zamazenta|Body Press|p1b: Hariyama\n|-supereffective|p1b: Hariyama\n|-damage|p1b: Hariyama|0 fnt\n|faint|p1b: Hariyama\n|move|p1a: Calyrex|Trick Room|p1a: Calyrex\n|-fieldstart|move: Trick Room|[of] p1a: Calyrex\n|\n|upkeep\n|inactive|dodatid2 has 30 seconds left.\n|\n|t:|1776864341\n|switch|p1b: Kyogre|Kyogre, L50|100/100\n|-weather|RainDance|[from] ability: Drizzle|[of] p1b: Kyogre\n|turn|3\n|\n|t:|1776864353\n|move|p2b: Zamazenta|Protect|p2b: Zamazenta\n|-singleturn|p2b: Zamazenta|Protect\n|move|p2a: Calyrex|Protect|p2a: Calyrex\n|-singleturn|p2a: Calyrex|Protect\n|move|p1a: Calyrex|High Horsepower|p2a: Calyrex\n|-activate|p2a: Calyrex|move: Protect\n|move|p1b: Kyogre|Thunder|p2a: Calyrex\n|-activate|p2a: Calyrex|move: Protect\n|\n|-weather|RainDance|[upkeep]\n|upkeep\n|turn|4\n|\n|t:|1776864369\n|switch|p2a: Torkoal|Torkoal, L50, F|100/100\n|-weather|SunnyDay|[from] ability: Drought|[of] p2a: Torkoal\n|move|p1a: Calyrex|Glacial Lance|p2b: Zamazenta|[spread] p2a,p2b\n|-resisted|p2a: Torkoal\n|-damage|p2a: Torkoal|62/100\n|-damage|p2b: Zamazenta|69/100\n|move|p1b: Kyogre|Water Spout|p2a: Torkoal|[spread] p2a,p2b\n|-supereffective|p2a: Torkoal\n|-damage|p2a: Torkoal|0 fnt\n|-damage|p2b: Zamazenta|40/100\n|faint|p2a: Torkoal\n|move|p2b: Zamazenta|Body Press|p1b: Kyogre\n|-damage|p1b: Kyogre|9/100\n|\n|-weather|SunnyDay|[upkeep]\n|upkeep\n|\n|t:|1776864392\n|switch|p2a: Indeedee|Indeedee-F, L50, F|100/100\n|-fieldstart|move: Psychic Terrain|[from] ability: Psychic Surge|[of] p2a: Indeedee\n|turn|5\n|\n|t:|1776864415\n|switch|p1b: Sinistcha|Sinistcha-Masterpiece, L50|100/100\n|move|p2b: Zamazenta|Protect|p2b: Zamazenta\n|-singleturn|p2b: Zamazenta|Protect\n|move|p1a: Calyrex|Glacial Lance|p2a: Indeedee|[spread] p2a\n|-activate|p2b: Zamazenta|move: Protect\n|-damage|p2a: Indeedee|10/100\n|move|p2a: Indeedee|Psychic|p1b: Sinistcha\n|-damage|p1b: Sinistcha|50/100\n|\n|-weather|SunnyDay|[upkeep]\n|upkeep\n|turn|6\n|inactive|dodatid2 has 30 seconds left.\n|inactive|Luca8 has 30 seconds left.\n|inactive|dodatid2 has 20 seconds left.\n|\n|t:|1776864452\n|move|p2b: Zamazenta|Protect|p2b: Zamazenta\n|-singleturn|p2b: Zamazenta|Protect\n|move|p1a: Calyrex|Glacial Lance|p2b: Zamazenta|[spread] p2a\n|-activate|p2b: Zamazenta|move: Protect\n|-damage|p2a: Indeedee|0 fnt\n|faint|p2a: Indeedee\n|-ability|p1a: Calyrex|Chilling Neigh|boost\n|-boost|p1a: Calyrex|atk|1\n|move|p1b: Sinistcha|Matcha Gotcha|p2b: Zamazenta\n|-activate|p2b: Zamazenta|move: Protect\n|\n|-weather|SunnyDay|[upkeep]\n|-fieldend|move: Trick Room\n|upkeep\n|\n|t:|1776864467\n|switch|p2a: Calyrex|Calyrex-Shadow, L50|100/100\n|-ability|p2a: Calyrex|As One\n|-ability|p2a: Calyrex|Unnerve\n|turn|7\n|inactive|dodatid2 has 30 seconds left.\n|inactive|dodatid2 has 20 seconds left.\n|\n|t:|1776864504\n|move|p1b: Sinistcha|Rage Powder|p1b: Sinistcha\n|-singleturn|p1b: Sinistcha|move: Rage Powder\n|move|p2a: Calyrex|Astral Barrage|p1b: Sinistcha|[spread] p1a,p1b\n|-supereffective|p1a: Calyrex\n|-supereffective|p1b: Sinistcha\n|-damage|p1a: Calyrex|27/100\n|-damage|p1b: Sinistcha|0 fnt\n|faint|p1b: Sinistcha\n|-ability|p2a: Calyrex|Grim Neigh|boost\n|-boost|p2a: Calyrex|spa|1\n|move|p2b: Zamazenta|Body Press|p1a: Calyrex\n|-damage|p1a: Calyrex|0 fnt\n|faint|p1a: Calyrex\n|\n|-weather|SunnyDay|[upkeep]\n|upkeep\n|l|\u2606dodatid2\n|inactive|dodatid2 disconnected and has a minute to reconnect!\n|player|p1|\n|inactive|dodatid2 has 30 seconds left.\n|inactive|dodatid2 has 20 seconds left.\n|inactive|dodatid2 has 15 seconds left.\n|inactive|dodatid2 has 10 seconds left.\n|inactive|dodatid2 has 5 seconds left.\n|-message|dodatid2 lost due to inactivity.\n|\n|win|Luca8\n|raw|dodatid2's rating: 1511 &rarr; <strong>1496</strong><br />(-15 for losing)\n|raw|Luca8's rating: 1601 &rarr; <strong>1616</strong><br />(+15 for winning)\n|l|\u2606Luca8\n|player|p2|\n","uploadtime":1776864704,"views":13,"formatid":"gen9vgc2026regi","rating":1496,"private":0,"password":null}