{"id":"gen9vgc2026regi-2554912365","format":"[Gen 9] VGC 2026 Reg I","players":["Hithlum86","ArisHazard"],"log":"|j|\u2606Hithlum86\n|j|\u2606ArisHazard\n|t:|1773026711\n|gametype|doubles\n|player|p1|Hithlum86|101|1221\n|player|p2|ArisHazard|102|1298\n|gen|9\n|tier|[Gen 9] VGC 2026 Reg I\n|rated|\n|rule|Species Clause: Limit one of each Pok\u00e9mon\n|rule|Item Clause: Limit 1 of each item\n|clearpoke\n|poke|p1|Whimsicott, L50, F|\n|poke|p1|Miraidon, L50|\n|poke|p1|Urshifu-*, L50, M|\n|poke|p1|Incineroar, L50, M|\n|poke|p1|Ursaluna, L50, F|\n|poke|p1|Lunala, L50|\n|poke|p2|Calyrex-Ice, L50|\n|poke|p2|Urshifu-*, L50, F|\n|poke|p2|Miraidon, L50|\n|poke|p2|Ogerpon-Wellspring, L50, F|\n|poke|p2|Chandelure, L50, F|\n|poke|p2|Tornadus, L50, M|\n|teampreview|4\n|inactive|Battle timer is ON: inactive players will automatically lose when time's up. (requested by ArisHazard)\n|inactive|Hithlum86 has 60 seconds left.\n|\n|t:|1773026812\n|teamsize|p1|4\n|teamsize|p2|4\n|start\n|switch|p1a: Incineroar|Incineroar, L50, M|100/100\n|switch|p1b: Miraidon|Miraidon, L50|100/100\n|switch|p2a: Miraidon|Miraidon, L50|100/100\n|switch|p2b: Calyrex|Calyrex-Ice, L50|100/100\n|-ability|p2b: Calyrex|As One\n|-ability|p2b: Calyrex|Unnerve\n|-fieldstart|move: Electric Terrain|[from] ability: Hadron Engine|[of] p1b: Miraidon\n|-activate|p2a: Miraidon|ability: Hadron Engine\n|-ability|p1a: Incineroar|Intimidate|boost\n|-unboost|p2a: Miraidon|atk|1\n|-fail|p2b: Calyrex|unboost|[from] item: Clear Amulet|[of] p2b: Calyrex\n|turn|1\n|inactive|Hithlum86 has 30 seconds left.\n|\n|t:|1773026847\n|-terastallize|p1b: Miraidon|Electric\n|-terastallize|p2a: Miraidon|Electric\n|move|p1b: Miraidon|Draco Meteor|p2a: Miraidon\n|-damage|p2a: Miraidon|32/100\n|-unboost|p1b: Miraidon|spa|2\n|-damage|p1b: Miraidon|91/100|[from] item: Life Orb\n|move|p2a: Miraidon|Electro Drift|p1a: Incineroar\n|-damage|p1a: Incineroar|28/100\n|move|p1a: Incineroar|Flare Blitz|p2b: Calyrex\n|-supereffective|p2b: Calyrex\n|-damage|p2b: Calyrex|31/100\n|-damage|p1a: Incineroar|6/100|[from] Recoil\n|move|p2b: Calyrex|Glacial Lance|p1b: Miraidon|[spread] p1a,p1b\n|-resisted|p1a: Incineroar\n|-damage|p1a: Incineroar|0 fnt\n|-damage|p1b: Miraidon|37/100\n|faint|p1a: Incineroar\n|-ability|p2b: Calyrex|Chilling Neigh|boost\n|-boost|p2b: Calyrex|atk|1\n|\n|upkeep\n|inactive|Hithlum86 has 30 seconds left.\n|\n|t:|1773026876\n|switch|p1a: Lunala|Lunala, L50|100/100\n|-enditem|p1a: Lunala|Electric Seed\n|-boost|p1a: Lunala|def|1|[from] item: Electric Seed\n|turn|2\n|\n|t:|1773026898\n|move|p1b: Miraidon|Volt Switch|p2b: Calyrex\n|-damage|p2b: Calyrex|0 fnt\n|faint|p2b: Calyrex\n|-damage|p1b: Miraidon|27/100|[from] item: Life Orb\n|\n|t:|1773026903\n|switch|p1b: Ursaluna|Ursaluna, L50, F|100/100|[from] Volt Switch\n|move|p2a: Miraidon|Snarl|p1b: Ursaluna|[spread] p1a,p1b\n|-supereffective|p1a: Lunala\n|-damage|p1a: Lunala|74/100\n|-damage|p1b: Ursaluna|82/100\n|-unboost|p1a: Lunala|spa|1\n|-unboost|p1b: Ursaluna|spa|1\n|move|p1a: Lunala|Trick Room|p1a: Lunala\n|-fieldstart|move: Trick Room|[of] p1a: Lunala\n|\n|-status|p1b: Ursaluna|brn|[from] item: Flame Orb\n|upkeep\n|\n|t:|1773026919\n|switch|p2b: Urshifu|Urshifu-Rapid-Strike, L50, F|100/100\n|turn|3\n|inactive|Hithlum86 has 30 seconds left.\n|inactive|Hithlum86 has 20 seconds left.\n|inactive|Hithlum86 has 15 seconds left.\n|\n|t:|1773026963\n|move|p1b: Ursaluna|Protect|p1b: Ursaluna\n|-singleturn|p1b: Ursaluna|Protect\n|move|p1a: Lunala|Moonblast|p2b: Urshifu\n|-supereffective|p2b: Urshifu\n|-damage|p2b: Urshifu|44/100\n|move|p2b: Urshifu|Surging Strikes|p1b: Ursaluna\n|-supereffective|p1b: Ursaluna\n|-crit|p1b: Ursaluna\n|-damage|p1b: Ursaluna|55/100 brn\n|-supereffective|p1b: Ursaluna\n|-crit|p1b: Ursaluna\n|-damage|p1b: Ursaluna|31/100 brn\n|-supereffective|p1b: Ursaluna\n|-crit|p1b: Ursaluna\n|-damage|p1b: Ursaluna|4/100 brn\n|-hitcount|p1b: Ursaluna|3\n|move|p2a: Miraidon|Draco Meteor|p1b: Ursaluna\n|-activate|p1b: Ursaluna|move: Protect\n|\n|-damage|p1b: Ursaluna|0 fnt|[from] brn\n|faint|p1b: Ursaluna\n|upkeep\n|\n|t:|1773026982\n|switch|p1b: Miraidon|Miraidon, L50, tera:Electric|27/100\n|-activate|p1b: Miraidon|ability: Hadron Engine\n|turn|4\n|inactive|Hithlum86 has 30 seconds left.\n|inactive|Hithlum86 has 20 seconds left.\n|inactive|ArisHazard has 30 seconds left.\n|\n|t:|1773027021\n|move|p1a: Lunala|Moonblast|p2b: Urshifu\n|-supereffective|p2b: Urshifu\n|-damage|p2b: Urshifu|0 fnt\n|faint|p2b: Urshifu\n|move|p2a: Miraidon|Electro Drift|p1b: Miraidon\n|-resisted|p1b: Miraidon\n|-damage|p1b: Miraidon|0 fnt\n|faint|p1b: Miraidon\n|\n|upkeep\n|\n|t:|1773027031\n|switch|p2b: Chandelure|Chandelure, L50, F|100/100\n|turn|5\n|inactive|Hithlum86 has 30 seconds left.\n|\n|t:|1773027058\n|move|p2b: Chandelure|Shadow Ball|p1a: Lunala\n|-supereffective|p1a: Lunala\n|-damage|p1a: Lunala|0 fnt\n|faint|p1a: Lunala\n|\n|win|ArisHazard\n|raw|Hithlum86's rating: 1221 &rarr; <strong>1201</strong><br />(-20 for losing)\n|raw|ArisHazard's rating: 1298 &rarr; <strong>1318</strong><br />(+20 for winning)\n|l|\u2606ArisHazard\n|player|p2|\n|l|\u2606Hithlum86\n|player|p1|\n","uploadtime":1773027197,"views":10,"formatid":"gen9vgc2026regi","rating":1201,"private":0,"password":null}