{"id":"gen9vgc2026regi-2527984212","format":"[Gen 9] VGC 2026 Reg I","players":["darkest_contender","ky123456"],"log":"|j|\u2606darkest_contender\n|j|\u2606ky123456\n|t:|1769608738\n|gametype|doubles\n|player|p1|darkest_contender|n|1435\n|player|p2|ky123456|cynthia-gen4|1556\n|gen|9\n|tier|[Gen 9] VGC 2026 Reg I\n|rated|\n|rule|Species Clause: Limit one of each Pok\u00e9mon\n|rule|Item Clause: Limit 1 of each item\n|clearpoke\n|poke|p1|Calyrex-Shadow, L50|\n|poke|p1|Zamazenta-*, L50|\n|poke|p1|Ogerpon-Cornerstone, L50, F|\n|poke|p1|Flutter Mane, L50|\n|poke|p1|Whimsicott, L50, F|\n|poke|p1|Torkoal, L50, M|\n|poke|p2|Kyogre, L50|\n|poke|p2|Calyrex-Ice, L50|\n|poke|p2|Grimmsnarl, L50, M|\n|poke|p2|Rillaboom, L50, F|\n|poke|p2|Landorus, L50, M|\n|poke|p2|Urshifu-*, L50, F|\n|teampreview|4\n|inactive|Battle timer is ON: inactive players will automatically lose when time's up. (requested by darkest_contender)\n|\n|t:|1769608756\n|teamsize|p1|4\n|teamsize|p2|4\n|start\n|switch|p1a: Calyrex|Calyrex-Shadow, L50|100/100\n|switch|p1b: Ogerpon|Ogerpon-Cornerstone, L50, F|100/100\n|switch|p2a: Calyrex|Calyrex-Ice, L50|100/100\n|switch|p2b: Grimmsnarl|Grimmsnarl, L50, M|100/100\n|-ability|p1a: Calyrex|As One\n|-ability|p1a: Calyrex|Unnerve\n|-ability|p2a: Calyrex|As One\n|-ability|p2a: Calyrex|Unnerve\n|turn|1\n|\n|t:|1769608772\n|-terastallize|p2a: Calyrex|Fairy\n|move|p2b: Grimmsnarl|Light Screen|p2b: Grimmsnarl\n|-sidestart|p2: ky123456|move: Light Screen\n|move|p1a: Calyrex|Astral Barrage|p2a: Calyrex|[spread] p2a,p2b\n|-resisted|p2b: Grimmsnarl\n|-damage|p2a: Calyrex|79/100\n|-damage|p2b: Grimmsnarl|80/100\n|move|p1b: Ogerpon|Ivy Cudgel|p2b: Grimmsnarl|[anim] Ivy Cudgel Rock\n|-damage|p2b: Grimmsnarl|27/100\n|move|p2a: Calyrex|Glacial Lance|p1b: Ogerpon|[spread] p1a,p1b\n|-supereffective|p1b: Ogerpon\n|-damage|p1a: Calyrex|39/100\n|-ability|p1b: Ogerpon|Sturdy\n|-damage|p1b: Ogerpon|1/100\n|\n|-heal|p2a: Calyrex|85/100|[from] item: Leftovers\n|upkeep\n|turn|2\n|inactive|darkest_contender has 30 seconds left.\n|\n|t:|1769608799\n|move|p2b: Grimmsnarl|Reflect|p2b: Grimmsnarl\n|-sidestart|p2: ky123456|Reflect\n|move|p1a: Calyrex|Astral Barrage|p2b: Grimmsnarl|[spread] p2a,p2b\n|-resisted|p2b: Grimmsnarl\n|-damage|p2a: Calyrex|64/100\n|-damage|p2b: Grimmsnarl|6/100\n|move|p1b: Ogerpon|Power Whip|p2a: Calyrex\n|-damage|p2a: Calyrex|37/100\n|move|p2a: Calyrex|Glacial Lance|p1a: Calyrex|[spread] p1a,p1b\n|-supereffective|p1b: Ogerpon\n|-damage|p1a: Calyrex|0 fnt\n|-damage|p1b: Ogerpon|0 fnt\n|faint|p1a: Calyrex\n|faint|p1b: Ogerpon\n|-ability|p2a: Calyrex|Chilling Neigh|boost\n|-boost|p2a: Calyrex|atk|2\n|\n|-heal|p2a: Calyrex|43/100|[from] item: Leftovers\n|upkeep\n|\n|t:|1769608810\n|switch|p1a: Zamazenta|Zamazenta-Crowned, L50|100/100\n|switch|p1b: Torkoal|Torkoal, L50, M, shiny|100/100\n|-ability|p1a: Zamazenta|Dauntless Shield|boost\n|-boost|p1a: Zamazenta|def|1\n|-weather|SunnyDay|[from] ability: Drought|[of] p1b: Torkoal\n|turn|3\n|\n|t:|1769608824\n|move|p2a: Calyrex|Protect|p2a: Calyrex\n|-singleturn|p2a: Calyrex|Protect\n|move|p2b: Grimmsnarl|Thunder Wave|p1a: Zamazenta|[miss]\n|-miss|p2b: Grimmsnarl|p1a: Zamazenta\n|move|p1a: Zamazenta|Behemoth Bash|p2a: Calyrex\n|-activate|p2a: Calyrex|move: Protect\n|move|p1b: Torkoal|Weather Ball|p2b: Grimmsnarl\n|-damage|p2b: Grimmsnarl|0 fnt\n|faint|p2b: Grimmsnarl\n|\n|-weather|SunnyDay|[upkeep]\n|-heal|p2a: Calyrex|49/100|[from] item: Leftovers\n|upkeep\n|\n|t:|1769608836\n|switch|p2b: Kyogre|Kyogre, L50|100/100\n|-weather|RainDance|[from] ability: Drizzle|[of] p2b: Kyogre\n|turn|4\n|\n|t:|1769608853\n|-terastallize|p1a: Zamazenta|Dragon\n|move|p1a: Zamazenta|Iron Defense|p1a: Zamazenta\n|-boost|p1a: Zamazenta|def|2\n|move|p2b: Kyogre|Origin Pulse|p1b: Torkoal|[spread] p1a,p1b\n|-resisted|p1a: Zamazenta\n|-supereffective|p1b: Torkoal\n|-damage|p1a: Zamazenta|73/100\n|-damage|p1b: Torkoal|0 fnt\n|faint|p1b: Torkoal\n|move|p2a: Calyrex|Leech Seed|p1a: Zamazenta\n|-start|p1a: Zamazenta|move: Leech Seed\n|\n|-weather|RainDance|[upkeep]\n|-heal|p2a: Calyrex|55/100|[from] item: Leftovers\n|-damage|p1a: Zamazenta|60/100|[from] Leech Seed|[of] p2a: Calyrex\n|-heal|p2a: Calyrex|65/100|[silent]\n|upkeep\n|turn|5\n|inactive|ky123456 has 30 seconds left.\n|inactive|ky123456 has 20 seconds left.\n|j| dasabe\u76d6\u6b27\u5361\u4fa0\n|inactive|ky123456 has 15 seconds left.\n|\n|t:|1769608894\n|move|p1a: Zamazenta|Body Press|p2b: Kyogre\n|-damage|p2b: Kyogre|28/100\n|move|p2b: Kyogre|Ice Beam|p1a: Zamazenta\n|-supereffective|p1a: Zamazenta\n|-damage|p1a: Zamazenta|3/100\n|move|p2a: Calyrex|Glacial Lance|p1a: Zamazenta\n|-supereffective|p1a: Zamazenta\n|-damage|p1a: Zamazenta|0 fnt\n|faint|p1a: Zamazenta\n|\n|win|ky123456\n|raw|darkest_contender's rating: 1435 &rarr; <strong>1422</strong><br />(-13 for losing)\n|raw|ky123456's rating: 1556 &rarr; <strong>1569</strong><br />(+13 for winning)\n|l|\u2606darkest_contender\n|player|p1|\n|l|\u2606ky123456\n|player|p2|\n|l| dasabe\u76d6\u6b27\u5361\u4fa0\n","uploadtime":1769609049,"views":14,"formatid":"gen9vgc2026regi","rating":1422,"private":0,"password":null}