{"id":"gen9vgc2026regi-2519022725","format":"[Gen 9] VGC 2026 Reg I","players":["plantscience","KUTF1"],"log":"|j|\u2606plantscience\n|j|\u2606KUTF1\n|t:|1768454079\n|gametype|doubles\n|player|p1|plantscience|101|1286\n|player|p2|KUTF1|veteran|1243\n|gen|9\n|tier|[Gen 9] VGC 2026 Reg I\n|rated|\n|rule|Species Clause: Limit one of each Pok\u00e9mon\n|rule|Item Clause: Limit 1 of each item\n|clearpoke\n|poke|p1|Miraidon, L50|\n|poke|p1|Ho-Oh, L50|\n|poke|p1|Amoonguss, L50, F|\n|poke|p1|Urshifu-*, L50, M|\n|poke|p1|Incineroar, L50, M|\n|poke|p1|Ting-Lu, L50|\n|poke|p2|Koraidon, L50|\n|poke|p2|Miraidon, L50|\n|poke|p2|Whimsicott, L50, F|\n|poke|p2|Flutter Mane, L50|\n|poke|p2|Iron Moth, L50|\n|poke|p2|Incineroar, L50, M|\n|teampreview|4\n|inactive|Battle timer is ON: inactive players will automatically lose when time's up. (requested by KUTF1)\n|inactive|KUTF1 has 60 seconds left.\n|\n|t:|1768454131\n|teamsize|p1|4\n|teamsize|p2|4\n|start\n|switch|p1a: Ho-Oh|Ho-Oh, L50|100/100\n|switch|p1b: Incineroar|Incineroar, L50, M|100/100\n|switch|p2a: Miraidon|Miraidon, L50, shiny|100/100\n|switch|p2b: Iron Moth|Iron Moth, L50|100/100\n|-fieldstart|move: Electric Terrain|[from] ability: Hadron Engine|[of] p2a: Miraidon\n|-activate|p2b: Iron Moth|ability: Quark Drive\n|-start|p2b: Iron Moth|quarkdrivespa\n|-ability|p1b: Incineroar|Intimidate|boost\n|-unboost|p2a: Miraidon|atk|1\n|-unboost|p2b: Iron Moth|atk|1\n|turn|1\n|\n|t:|1768454148\n|switch|p1a: Ting-Lu|Ting-Lu, L50|100/100\n|-ability|p1a: Ting-Lu|Vessel of Ruin\n|move|p2b: Iron Moth|U-turn|p1b: Incineroar\n|-damage|p1b: Incineroar|94/100\n|\n|t:|1768454152\n|-end|p2b: Iron Moth|Quark Drive|[silent]\n|switch|p2b: Flutter Mane|Flutter Mane, L50, shiny|100/100|[from] U-turn\n|move|p2a: Miraidon|Electro Drift|p1a: Ting-Lu\n|-immune|p1a: Ting-Lu\n|move|p1b: Incineroar|Knock Off|p2a: Miraidon\n|-damage|p2a: Miraidon|62/100\n|-enditem|p2a: Miraidon|Choice Specs|[from] move: Knock Off|[of] p1b: Incineroar\n|\n|upkeep\n|turn|2\n|\n|t:|1768454175\n|move|p2b: Flutter Mane|Dazzling Gleam|p1b: Incineroar|[spread] p1a,p1b\n|-supereffective|p1a: Ting-Lu\n|-damage|p1a: Ting-Lu|70/100\n|-damage|p1b: Incineroar|82/100\n|move|p2a: Miraidon|Volt Switch|p1b: Incineroar\n|-damage|p1b: Incineroar|57/100\n|inactive|KUTF1 has 30 seconds left.\n|\n|t:|1768454206\n|switch|p2a: Koraidon|Koraidon, L50, shiny|100/100|[from] Volt Switch\n|-weather|SunnyDay|[from] ability: Orichalcum Pulse|[of] p2a: Koraidon\n|-activate|p2b: Flutter Mane|ability: Protosynthesis\n|-start|p2b: Flutter Mane|protosynthesisspe\n|-activate|p2a: Koraidon|Orichalcum Pulse|[source]\n|move|p1b: Incineroar|Flare Blitz|p2b: Flutter Mane\n|-enditem|p2b: Flutter Mane|Focus Sash\n|-damage|p2b: Flutter Mane|1/100\n|-damage|p1b: Incineroar|36/100|[from] Recoil\n|move|p1a: Ting-Lu|Stomping Tantrum|p2a: Koraidon\n|-damage|p2a: Koraidon|72/100\n|\n|-weather|SunnyDay|[upkeep]\n|upkeep\n|turn|3\n|inactive|KUTF1 has 30 seconds left.\n|\n|t:|1768454238\n|switch|p1b: Ho-Oh|Ho-Oh, L50|100/100\n|move|p2b: Flutter Mane|Protect|p2b: Flutter Mane\n|-singleturn|p2b: Flutter Mane|Protect\n|move|p1a: Ting-Lu|Protect|p1a: Ting-Lu\n|-singleturn|p1a: Ting-Lu|Protect\n|move|p2a: Koraidon|Collision Course|p1b: Ho-Oh\n|-resisted|p1b: Ho-Oh\n|-damage|p1b: Ho-Oh|72/100\n|-damage|p2a: Koraidon|63/100|[from] item: Life Orb\n|\n|-weather|SunnyDay|[upkeep]\n|-heal|p1b: Ho-Oh|78/100|[from] item: Leftovers\n|upkeep\n|turn|4\n|\n|t:|1768454257\n|move|p2b: Flutter Mane|Icy Wind|p1b: Ho-Oh|[spread] p1a,p1b\n|-supereffective|p1a: Ting-Lu\n|-damage|p1a: Ting-Lu|53/100\n|-damage|p1b: Ho-Oh|71/100\n|-unboost|p1a: Ting-Lu|spe|1\n|-unboost|p1b: Ho-Oh|spe|1\n|move|p2a: Koraidon|Collision Course|p1a: Ting-Lu\n|-supereffective|p1a: Ting-Lu\n|-damage|p1a: Ting-Lu|0 fnt\n|faint|p1a: Ting-Lu\n|-damage|p2a: Koraidon|53/100|[from] item: Life Orb\n|move|p1b: Ho-Oh|Tailwind|p1b: Ho-Oh\n|-sidestart|p1: plantscience|move: Tailwind\n|\n|-weather|SunnyDay|[upkeep]\n|-heal|p1b: Ho-Oh|77/100|[from] item: Leftovers\n|upkeep\n|\n|t:|1768454269\n|switch|p1a: Miraidon|Miraidon, L50|100/100\n|-activate|p1a: Miraidon|ability: Hadron Engine\n|turn|5\n|\n|t:|1768454282\n|move|p1a: Miraidon|Volt Switch|p2b: Flutter Mane\n|-damage|p2b: Flutter Mane|0 fnt\n|faint|p2b: Flutter Mane\n|-end|p2b: Flutter Mane|Protosynthesis|[silent]\n|-damage|p1a: Miraidon|91/100|[from] item: Life Orb\n|\n|t:|1768454287\n|switch|p1a: Incineroar|Incineroar, L50, M|36/100|[from] Volt Switch\n|-ability|p1a: Incineroar|Intimidate|boost\n|-unboost|p2a: Koraidon|atk|1\n|move|p2a: Koraidon|Flare Blitz|p1b: Ho-Oh\n|-resisted|p1b: Ho-Oh\n|-damage|p1b: Ho-Oh|54/100\n|-damage|p2a: Koraidon|44/100|[from] Recoil\n|-damage|p2a: Koraidon|34/100|[from] item: Life Orb\n|move|p1b: Ho-Oh|Sacred Fire|p2a: Koraidon\n|-resisted|p2a: Koraidon\n|-damage|p2a: Koraidon|5/100\n|\n|-weather|SunnyDay|[upkeep]\n|-heal|p1b: Ho-Oh|60/100|[from] item: Leftovers\n|-fieldend|move: Electric Terrain\n|upkeep\n|\n|t:|1768454293\n|switch|p2b: Iron Moth|Iron Moth, L50|100/100\n|turn|6\n|\n|t:|1768454308\n|move|p2a: Koraidon|Protect|p2a: Koraidon\n|-singleturn|p2a: Koraidon|Protect\n|move|p1a: Incineroar|Fake Out|p2a: Koraidon\n|-activate|p2a: Koraidon|move: Protect\n|move|p2b: Iron Moth|Heat Wave|p1a: Incineroar|[spread] p1a,p1b\n|-resisted|p1a: Incineroar\n|-resisted|p1b: Ho-Oh\n|-damage|p1a: Incineroar|20/100\n|-damage|p1b: Ho-Oh|42/100\n|move|p1b: Ho-Oh|Life Dew|p1b: Ho-Oh|[spread] p1a,p1b\n|-heal|p1a: Incineroar|45/100\n|-heal|p1b: Ho-Oh|67/100\n|\n|-weather|none\n|-heal|p1b: Ho-Oh|73/100|[from] item: Leftovers\n|upkeep\n|turn|7\n|\n|t:|1768454330\n|-end|p2b: Iron Moth|Quark Drive|[silent]\n|switch|p2b: Miraidon|Miraidon, L50, shiny|62/100\n|-fieldstart|move: Electric Terrain|[from] ability: Hadron Engine|[of] p2b: Miraidon\n|move|p2a: Koraidon|Collision Course|p1a: Incineroar\n|-supereffective|p1a: Incineroar\n|-damage|p1a: Incineroar|0 fnt\n|faint|p1a: Incineroar\n|-damage|p2a: Koraidon|0 fnt|[from] item: Life Orb\n|faint|p2a: Koraidon\n|move|p1b: Ho-Oh|Sacred Fire|p2b: Miraidon\n|-resisted|p2b: Miraidon\n|-damage|p2b: Miraidon|41/100\n|-status|p2b: Miraidon|brn\n|\n|-heal|p1b: Ho-Oh|79/100|[from] item: Leftovers\n|-damage|p2b: Miraidon|35/100 brn|[from] brn\n|-sideend|p1: plantscience|move: Tailwind\n|upkeep\n|\n|t:|1768454339\n|switch|p2a: Iron Moth|Iron Moth, L50|100/100\n|switch|p1a: Miraidon|Miraidon, L50|91/100\n|-activate|p1a: Miraidon|ability: Hadron Engine\n|-activate|p2a: Iron Moth|ability: Quark Drive\n|-start|p2a: Iron Moth|quarkdrivespa\n|turn|8\n|inactive|plantscience has 30 seconds left.\n|\n|t:|1768454366\n|-terastallize|p2b: Miraidon|Electric\n|-terastallize|p1b: Ho-Oh|Fairy\n|move|p2a: Iron Moth|Heat Wave|p1a: Miraidon|[spread] p1a,p1b\n|-resisted|p1a: Miraidon\n|-damage|p1a: Miraidon|72/100\n|-damage|p1b: Ho-Oh|51/100\n|move|p2b: Miraidon|Electro Drift|p1b: Ho-Oh\n|-damage|p1b: Ho-Oh|0 fnt\n|faint|p1b: Ho-Oh\n|move|p1a: Miraidon|Electro Drift|p2a: Iron Moth\n|-damage|p2a: Iron Moth|0 fnt\n|faint|p2a: Iron Moth\n|-end|p2a: Iron Moth|Quark Drive|[silent]\n|-damage|p1a: Miraidon|62/100|[from] item: Life Orb\n|\n|-damage|p2b: Miraidon|30/100 brn|[from] brn\n|upkeep\n|turn|9\n|\n|t:|1768454385\n|move|p1a: Miraidon|Protect|p1a: Miraidon\n|-singleturn|p1a: Miraidon|Protect\n|move|p2b: Miraidon|Draco Meteor|p1a: Miraidon\n|-activate|p1a: Miraidon|move: Protect\n|\n|-damage|p2b: Miraidon|24/100 brn|[from] brn\n|upkeep\n|turn|10\n|\n|t:|1768454395\n|move|p2b: Miraidon|Draco Meteor|p1a: Miraidon\n|-supereffective|p1a: Miraidon\n|-damage|p1a: Miraidon|0 fnt\n|-unboost|p2b: Miraidon|spa|2\n|faint|p1a: Miraidon\n|\n|win|KUTF1\n|raw|plantscience's rating: 1286 &rarr; <strong>1259</strong><br />(-27 for losing)\n|raw|KUTF1's rating: 1262 &rarr; <strong>1289</strong><br />(+27 for winning)\n|l|\u2606KUTF1\n|player|p2|\n|l|\u2606plantscience\n|player|p1|\n","uploadtime":1768454581,"views":12,"formatid":"gen9vgc2026regi","rating":1259,"private":0,"password":null}