{"id":"gen9vgc2026regi-2534700714","format":"[Gen 9] VGC 2026 Reg I","players":["ricepresident666","fogdocker"],"log":"|j|\u2606ricepresident666\n|j|\u2606fogdocker\n|t:|1770464068\n|gametype|doubles\n|player|p1|ricepresident666|lucian|1442\n|player|p2|fogdocker|101|1457\n|gen|9\n|tier|[Gen 9] VGC 2026 Reg I\n|rated|\n|rule|Species Clause: Limit one of each Pok\u00e9mon\n|rule|Item Clause: Limit 1 of each item\n|clearpoke\n|poke|p1|Koraidon, L50|\n|poke|p1|Terapagos, L50, M|\n|poke|p1|Flutter Mane, L50|\n|poke|p1|Rillaboom, L50, M|\n|poke|p1|Incineroar, L50, F|\n|poke|p1|Volcarona, L50, F|\n|poke|p2|Calyrex-Ice, L50|\n|poke|p2|Koraidon, L50|\n|poke|p2|Flutter Mane, L50|\n|poke|p2|Incineroar, L50, F|\n|poke|p2|Rillaboom, L50, F|\n|poke|p2|Volcarona, L50, M|\n|teampreview|4\n|inactive|Battle timer is ON: inactive players will automatically lose when time's up. (requested by ricepresident666)\n|inactive|fogdocker has 60 seconds left.\n|\n|t:|1770464119\n|teamsize|p1|4\n|teamsize|p2|4\n|start\n|switch|p1a: Terapagos|Terapagos, L50, M|100/100\n|switch|p1b: Incineroar|Incineroar, L50, F|100/100\n|switch|p2a: Calyrex|Calyrex-Ice, L50|100/100\n|switch|p2b: Incineroar|Incineroar, L50, F|100/100\n|-activate|p1a: Terapagos|ability: Tera Shift\n|detailschange|p1a: Terapagos|Terapagos-Terastal, L50, M\n|-heal|p1a: Terapagos|100/100|[silent]\n|-ability|p2a: Calyrex|As One\n|-ability|p2a: Calyrex|Unnerve\n|-ability|p1b: Incineroar|Intimidate|boost\n|-unboost|p2a: Calyrex|atk|1\n|-unboost|p2b: Incineroar|atk|1\n|-ability|p2b: Incineroar|Intimidate|boost\n|-unboost|p1a: Terapagos|atk|1\n|-unboost|p1b: Incineroar|atk|1\n|turn|1\n|inactive|ricepresident666 has 30 seconds left.\n|\n|t:|1770464145\n|switch|p2b: Volcarona|Volcarona, L50, M|100/100\n|move|p1a: Terapagos|Calm Mind|p1a: Terapagos\n|-boost|p1a: Terapagos|spa|1\n|-boost|p1a: Terapagos|spd|1\n|move|p1b: Incineroar|Taunt|p2a: Calyrex\n|-start|p2a: Calyrex|move: Taunt\n|cant|p2a: Calyrex|move: Taunt|Leech Seed\n|\n|upkeep\n|turn|2\n|j| lunala fairy ghost\n|\n|t:|1770464160\n|switch|p2a: Incineroar|Incineroar, L50, F|100/100\n|-ability|p2a: Incineroar|Intimidate|boost\n|-unboost|p1a: Terapagos|atk|1\n|-unboost|p1b: Incineroar|atk|1\n|move|p2b: Volcarona|Struggle Bug|p1b: Incineroar|[spread] p1a,p1b\n|-activate|p1a: Terapagos|ability: Tera Shell\n|-resisted|p1a: Terapagos\n|-damage|p1a: Terapagos|96/100\n|-damage|p1b: Incineroar|84/100\n|-unboost|p1a: Terapagos|spa|1\n|-unboost|p1b: Incineroar|spa|1\n|move|p1a: Terapagos|Calm Mind|p1a: Terapagos\n|-boost|p1a: Terapagos|spa|1\n|-boost|p1a: Terapagos|spd|1\n|move|p1b: Incineroar|Taunt|p2b: Volcarona\n|-start|p2b: Volcarona|move: Taunt\n|\n|-heal|p1a: Terapagos|100/100|[from] item: Leftovers\n|upkeep\n|turn|3\n|\n|t:|1770464183\n|move|p1a: Terapagos|Protect|p1a: Terapagos\n|-singleturn|p1a: Terapagos|Protect\n|move|p2b: Volcarona|Struggle Bug|p1a: Terapagos|[spread] p1b\n|-activate|p1a: Terapagos|move: Protect\n|-damage|p1b: Incineroar|67/100\n|-unboost|p1b: Incineroar|spa|1\n|move|p1b: Incineroar|U-turn|p2a: Incineroar\n|-damage|p2a: Incineroar|94/100\n|\n|t:|1770464193\n|switch|p1b: Koraidon|Koraidon, L50|100/100|[from] U-turn\n|-weather|SunnyDay|[from] ability: Orichalcum Pulse|[of] p1b: Koraidon\n|-activate|p1b: Koraidon|Orichalcum Pulse|[source]\n|move|p2a: Incineroar|Knock Off|p1a: Terapagos\n|-activate|p1a: Terapagos|move: Protect\n|\n|-weather|SunnyDay|[upkeep]\n|upkeep\n|turn|4\n|\n|t:|1770464210\n|move|p1b: Koraidon|Close Combat|p2a: Incineroar\n|-supereffective|p2a: Incineroar\n|-damage|p2a: Incineroar|0 fnt\n|-unboost|p1b: Koraidon|def|1\n|-unboost|p1b: Koraidon|spd|1\n|faint|p2a: Incineroar\n|-damage|p1b: Koraidon|91/100|[from] item: Life Orb\n|move|p2b: Volcarona|Struggle Bug|p1a: Terapagos|[spread] p1a,p1b\n|-activate|p1a: Terapagos|ability: Tera Shell\n|-resisted|p1a: Terapagos\n|-resisted|p1b: Koraidon\n|-damage|p1a: Terapagos|97/100\n|-damage|p1b: Koraidon|79/100\n|-unboost|p1a: Terapagos|spa|1\n|-unboost|p1b: Koraidon|spa|1\n|move|p1a: Terapagos|Tera Starstorm|p2b: Volcarona\n|-damage|p2b: Volcarona|57/100\n|\n|-weather|SunnyDay|[upkeep]\n|-heal|p1a: Terapagos|100/100|[from] item: Leftovers\n|upkeep\n|\n|t:|1770464214\n|switch|p2a: Koraidon|Koraidon, L50|100/100\n|-activate|p2a: Koraidon|ability: Orichalcum Pulse\n|turn|5\n|inactive|ricepresident666 has 30 seconds left.\n|\n|t:|1770464249\n|switch|p1b: Flutter Mane|Flutter Mane, L50|100/100\n|-activate|p1b: Flutter Mane|ability: Protosynthesis\n|-start|p1b: Flutter Mane|protosynthesisspe\n|move|p2a: Koraidon|Close Combat|p1b: Flutter Mane\n|-immune|p1b: Flutter Mane\n|move|p2b: Volcarona|Heat Wave|p1b: Flutter Mane|[spread] p1a,p1b\n|-activate|p1a: Terapagos|ability: Tera Shell\n|-resisted|p1a: Terapagos\n|-damage|p1a: Terapagos|91/100\n|-damage|p1b: Flutter Mane|52/100\n|move|p1a: Terapagos|Tera Starstorm|p2b: Volcarona\n|-damage|p2b: Volcarona|16/100\n|\n|-weather|SunnyDay|[upkeep]\n|-heal|p1a: Terapagos|97/100|[from] item: Leftovers\n|-end|p2b: Volcarona|move: Taunt\n|upkeep\n|turn|6\n|inactive|ricepresident666 has 30 seconds left.\n|\n|t:|1770464279\n|move|p1a: Terapagos|Protect|p1a: Terapagos\n|-singleturn|p1a: Terapagos|Protect\n|move|p2b: Volcarona|Rage Powder|p2b: Volcarona\n|-singleturn|p2b: Volcarona|move: Rage Powder\n|move|p1b: Flutter Mane|Shadow Ball|p2b: Volcarona\n|-damage|p2b: Volcarona|0 fnt\n|faint|p2b: Volcarona\n|move|p2a: Koraidon|Flame Charge|p1b: Flutter Mane\n|-damage|p1b: Flutter Mane|0 fnt\n|-boost|p2a: Koraidon|spe|1\n|faint|p1b: Flutter Mane\n|-end|p1b: Flutter Mane|Protosynthesis|[silent]\n|-damage|p2a: Koraidon|91/100|[from] item: Life Orb\n|\n|-weather|SunnyDay|[upkeep]\n|-heal|p1a: Terapagos|100/100|[from] item: Leftovers\n|upkeep\n|\n|t:|1770464290\n|switch|p1b: Incineroar|Incineroar, L50, F|67/100\n|switch|p2b: Calyrex|Calyrex-Ice, L50|100/100\n|-ability|p2b: Calyrex|As One\n|-ability|p2b: Calyrex|Unnerve\n|-ability|p1b: Incineroar|Intimidate|boost\n|-unboost|p2a: Koraidon|atk|1\n|-unboost|p2b: Calyrex|atk|1\n|turn|7\n|\n|t:|1770464307\n|move|p1b: Incineroar|Fake Out|p2a: Koraidon\n|-damage|p2a: Koraidon|80/100\n|cant|p2a: Koraidon|flinch\n|move|p1a: Terapagos|Calm Mind|p1a: Terapagos\n|-boost|p1a: Terapagos|spa|1\n|-boost|p1a: Terapagos|spd|1\n|move|p2b: Calyrex|Leech Seed|p1a: Terapagos\n|-start|p1a: Terapagos|move: Leech Seed\n|\n|-weather|none\n|-damage|p1a: Terapagos|88/100|[from] Leech Seed|[of] p2b: Calyrex\n|upkeep\n|turn|8\n|\n|t:|1770464331\n|-terastallize|p1a: Terapagos|Stellar\n|detailschange|p1a: Terapagos|Terapagos-Stellar, L50, M, tera:Stellar\n|-heal|p1a: Terapagos|91/100|[silent]\n|move|p2a: Koraidon|Close Combat|p1a: Terapagos\n|-supereffective|p1a: Terapagos\n|-damage|p1a: Terapagos|34/100\n|-unboost|p2a: Koraidon|def|1\n|-unboost|p2a: Koraidon|spd|1\n|-damage|p2a: Koraidon|70/100|[from] item: Life Orb\n|move|p1a: Terapagos|Tera Starstorm|p2b: Calyrex|[spread] p2a,p2b\n|-damage|p2a: Koraidon|0 fnt\n|-damage|p2b: Calyrex|72/100\n|faint|p2a: Koraidon\n|move|p1b: Incineroar|U-turn|p2b: Calyrex\n|-supereffective|p2b: Calyrex\n|-damage|p2b: Calyrex|52/100\n|\n|t:|1770464340\n|switch|p1b: Koraidon|Koraidon, L50|79/100|[from] U-turn\n|-weather|SunnyDay|[from] ability: Orichalcum Pulse|[of] p1b: Koraidon\n|-activate|p1b: Koraidon|Orichalcum Pulse|[source]\n|move|p2b: Calyrex|Leech Seed|p1b: Koraidon\n|-start|p1b: Koraidon|move: Leech Seed\n|\n|-weather|SunnyDay|[upkeep]\n|-heal|p1a: Terapagos|40/100|[from] item: Leftovers\n|-heal|p2b: Calyrex|58/100|[from] item: Leftovers\n|-damage|p1b: Koraidon|67/100|[from] Leech Seed|[of] p2b: Calyrex\n|-heal|p2b: Calyrex|68/100|[silent]\n|-damage|p1a: Terapagos|27/100|[from] Leech Seed|[of] p2b: Calyrex\n|-heal|p2b: Calyrex|84/100|[silent]\n|upkeep\n|turn|9\n|\n|t:|1770464357\n|move|p2b: Calyrex|Protect|p2b: Calyrex\n|-singleturn|p2b: Calyrex|Protect\n|move|p1b: Koraidon|Flare Blitz|p2b: Calyrex\n|-activate|p2b: Calyrex|move: Protect\n|move|p1a: Terapagos|Tera Starstorm|p2b: Calyrex\n|-activate|p2b: Calyrex|move: Protect\n|\n|-weather|SunnyDay|[upkeep]\n|-heal|p1a: Terapagos|34/100|[from] item: Leftovers\n|-heal|p2b: Calyrex|89/100|[from] item: Leftovers\n|-damage|p1b: Koraidon|55/100|[from] Leech Seed|[of] p2b: Calyrex\n|-heal|p2b: Calyrex|99/100|[silent]\n|-damage|p1a: Terapagos|21/100|[from] Leech Seed|[of] p2b: Calyrex\n|-heal|p2b: Calyrex|100/100|[silent]\n|upkeep\n|turn|10\n|\n|t:|1770464363\n|-terastallize|p2b: Calyrex|Water\n|move|p1b: Koraidon|Close Combat|p2b: Calyrex\n|-damage|p2b: Calyrex|44/100\n|-unboost|p1b: Koraidon|def|1\n|-unboost|p1b: Koraidon|spd|1\n|-damage|p1b: Koraidon|45/100|[from] item: Life Orb\n|move|p1a: Terapagos|Tera Starstorm|p2b: Calyrex\n|-supereffective|p2b: Calyrex\n|-damage|p2b: Calyrex|0 fnt\n|faint|p2b: Calyrex\n|\n|win|ricepresident666\n|raw|ricepresident666's rating: 1442 &rarr; <strong>1463</strong><br />(+21 for winning)\n|raw|fogdocker's rating: 1457 &rarr; <strong>1436</strong><br />(-21 for losing)\n|l|\u2606ricepresident666\n|player|p1|\n","uploadtime":1770464546,"views":21,"formatid":"gen9vgc2026regi","rating":1436,"private":0,"password":null}