{"id":"gen9vgc2026regi-2577939974","format":"[Gen 9] VGC 2026 Reg I","players":["e-series 1b","datbishgames"],"log":"|j|\u2606e-series 1b\n|j|\u2606datbishgames\n|t:|1775623598\n|gametype|doubles\n|player|p1|e-series 1b|boarder|1310\n|player|p2|datbishgames|mira|1300\n|gen|9\n|tier|[Gen 9] VGC 2026 Reg I\n|rated|\n|rule|Species Clause: Limit one of each Pok\u00e9mon\n|rule|Item Clause: Limit 1 of each item\n|clearpoke\n|poke|p1|Calyrex-Shadow, L50|\n|poke|p1|Koraidon, L50|\n|poke|p1|Chi-Yu, L50|\n|poke|p1|Walking Wake, L50|\n|poke|p1|Brute Bonnet, L50|\n|poke|p1|Weezing-Galar, L50, M|\n|poke|p2|Dialga-Origin, L50|\n|poke|p2|Ho-Oh, L50|\n|poke|p2|Rotom-Wash, L50|\n|poke|p2|Amoonguss, L50, F|\n|poke|p2|Ursaluna, L50, M|\n|poke|p2|Zoroark-Hisui, L50, M|\n|teampreview|4\n|inactive|Battle timer is ON: inactive players will automatically lose when time's up. (requested by datbishgames)\n|inactive|datbishgames has 60 seconds left.\n|\n|t:|1775623631\n|teamsize|p1|4\n|teamsize|p2|4\n|start\n|switch|p1a: Koraidon|Koraidon, L50|100/100\n|switch|p1b: Weezing|Weezing-Galar, L50, M, shiny|100/100\n|switch|p2a: Zoroark|Zoroark-Hisui, L50, M|100/100\n|switch|p2b: Ho-Oh|Ho-Oh, L50|100/100\n|-ability|p1b: Weezing|Neutralizing Gas\n|-block|p1a: Koraidon|item: Ability Shield\n|-weather|SunnyDay|[from] ability: Orichalcum Pulse|[of] p1a: Koraidon\n|-activate|p1a: Koraidon|Orichalcum Pulse|[source]\n|turn|1\n|c|\u2606datbishgames|Lol\n|\n|t:|1775623651\n|-terastallize|p1a: Koraidon|Fire\n|move|p2a: Zoroark|Icy Wind|p1a: Koraidon|[spread] p1a,p1b\n|-resisted|p1a: Koraidon\n|-damage|p1a: Koraidon|94/100\n|-damage|p1b: Weezing|85/100\n|-unboost|p1a: Koraidon|spe|1\n|move|p2b: Ho-Oh|Tailwind|p2b: Ho-Oh\n|-sidestart|p2: datbishgames|move: Tailwind\n|move|p1a: Koraidon|Flame Charge|p2a: Zoroark\n|-enditem|p2a: Zoroark|Focus Sash\n|-damage|p2a: Zoroark|1/100\n|-boost|p1a: Koraidon|spe|1\n|move|p1b: Weezing|Poison Gas|p2a: Zoroark|[spread] p2a,p2b\n|-status|p2a: Zoroark|psn\n|-status|p2b: Ho-Oh|psn\n|\n|-weather|SunnyDay|[upkeep]\n|-damage|p2a: Zoroark|0 fnt|[from] psn\n|faint|p2a: Zoroark\n|-damage|p2b: Ho-Oh|88/100 psn|[from] psn\n|upkeep\n|\n|t:|1775623662\n|switch|p2a: Ursaluna|Ursaluna, L50, M|100/100\n|turn|2\n|inactive|e-series 1b has 30 seconds left.\n|\n|t:|1775623693\n|-terastallize|p2a: Ursaluna|Ghost\n|move|p1a: Koraidon|Protect|p1a: Koraidon\n|-singleturn|p1a: Koraidon|Protect\n|move|p1b: Weezing|Protect|p1b: Weezing\n|-singleturn|p1b: Weezing|Protect\n|move|p2b: Ho-Oh|Sacred Fire|p1b: Weezing\n|-activate|p1b: Weezing|move: Protect\n|move|p2a: Ursaluna|Swords Dance|p2a: Ursaluna\n|-boost|p2a: Ursaluna|atk|2\n|\n|-weather|SunnyDay|[upkeep]\n|-damage|p2b: Ho-Oh|76/100 psn|[from] psn\n|-status|p2a: Ursaluna|brn|[from] item: Flame Orb\n|upkeep\n|turn|3\n|\n|t:|1775623714\n|switch|p2b: Dialga|Dialga-Origin, L50|100/100\n|move|p2a: Ursaluna|Earthquake|p1b: Weezing|[spread] p2b,p1a,p1b\n|-supereffective|p2b: Dialga\n|-supereffective|p1a: Koraidon\n|-supereffective|p1b: Weezing\n|-damage|p2b: Dialga|49/100\n|-damage|p1a: Koraidon|42/100\n|-damage|p1b: Weezing|27/100\n|move|p1a: Koraidon|Flare Blitz|p2a: Ursaluna\n|-damage|p2a: Ursaluna|0 fnt\n|faint|p2a: Ursaluna\n|-damage|p1a: Koraidon|7/100|[from] Recoil\n|move|p1b: Weezing|Play Rough|p2b: Dialga\n|-damage|p2b: Dialga|26/100\n|\n|-weather|SunnyDay|[upkeep]\n|upkeep\n|\n|t:|1775623723\n|switch|p2a: Ho-Oh|Ho-Oh, L50|76/100 psn\n|turn|4\n|c|\u2606datbishgames|Oh right lmao\n|\n|t:|1775623740\n|move|p1a: Koraidon|Protect|p1a: Koraidon\n|-singleturn|p1a: Koraidon|Protect\n|move|p1b: Weezing|Protect|p1b: Weezing\n|-singleturn|p1b: Weezing|Protect\n|move|p2a: Ho-Oh|Life Dew|p2a: Ho-Oh|[spread] p2a,p2b\n|-heal|p2a: Ho-Oh|100/100 psn\n|-heal|p2b: Dialga|51/100\n|move|p2b: Dialga|Flash Cannon|p1a: Koraidon\n|-activate|p1a: Koraidon|move: Protect\n|\n|-weather|SunnyDay|[upkeep]\n|-damage|p2a: Ho-Oh|88/100 psn|[from] psn\n|-sideend|p2: datbishgames|move: Tailwind\n|upkeep\n|turn|5\n|\n|t:|1775623757\n|move|p2b: Dialga|Protect|p2b: Dialga\n|-singleturn|p2b: Dialga|Protect\n|move|p1a: Koraidon|Flare Blitz|p2a: Ho-Oh\n|-resisted|p2a: Ho-Oh\n|-damage|p2a: Ho-Oh|33/100 psn\n|-damage|p1a: Koraidon|0 fnt|[from] Recoil\n|faint|p1a: Koraidon\n|move|p2a: Ho-Oh|Tailwind|p2a: Ho-Oh\n|-sidestart|p2: datbishgames|move: Tailwind\n|move|p1b: Weezing|Play Rough|p2b: Dialga\n|-activate|p2b: Dialga|move: Protect\n|\n|-weather|none\n|-damage|p2a: Ho-Oh|21/100 psn|[from] psn\n|upkeep\n|\n|t:|1775623775\n|switch|p1a: Chi-Yu|Chi-Yu, L50|100/100\n|turn|6\n|\n|t:|1775623787\n|move|p1a: Chi-Yu|Dark Pulse|p2a: Ho-Oh\n|-damage|p2a: Ho-Oh|0 fnt\n|faint|p2a: Ho-Oh\n|move|p2b: Dialga|Draco Meteor|p1a: Chi-Yu\n|-damage|p1a: Chi-Yu|0 fnt\n|-unboost|p2b: Dialga|spa|2\n|faint|p1a: Chi-Yu\n|move|p1b: Weezing|Taunt|p2b: Dialga\n|-start|p2b: Dialga|move: Taunt\n|\n|upkeep\n|\n|t:|1775623797\n|switch|p1a: Calyrex|Calyrex-Shadow, L50|100/100\n|-ability|p1a: Calyrex|As One\n|-ability|p1a: Calyrex|Unnerve\n|turn|7\n|\n|t:|1775623802\n|move|p1a: Calyrex|Astral Barrage|p2b: Dialga\n|-damage|p2b: Dialga|0 fnt\n|faint|p2b: Dialga\n|\n|win|e-series 1b\n|raw|e-series 1b's rating: 1310 &rarr; <strong>1329</strong><br />(+19 for winning)\n|raw|datbishgames's rating: 1300 &rarr; <strong>1276</strong><br />(-24 for losing)\n|l|\u2606datbishgames\n|player|p2|\n|l|\u2606e-series 1b\n|player|p1|\n","uploadtime":1775623995,"views":8,"formatid":"gen9vgc2026regi","rating":1276,"private":0,"password":null}