{"id":"gen9vgc2026regi-2573330729","format":"[Gen 9] VGC 2026 Reg I","players":["parmesanlugubre206","TheManOfSausage"],"log":"|j|\u2606parmesanlugubre206\n|j|\u2606TheManOfSausage\n|t:|1775123187\n|gametype|doubles\n|player|p1|parmesanlugubre206|ethan|1419\n|player|p2|TheManOfSausage|miku-water|1634\n|gen|9\n|tier|[Gen 9] VGC 2026 Reg I\n|rated|\n|rule|Species Clause: Limit one of each Pok\u00e9mon\n|rule|Item Clause: Limit 1 of each item\n|clearpoke\n|poke|p1|Mimikyu, L50, M|\n|poke|p1|Smeargle, L50, F|\n|poke|p1|Kyogre, L50|\n|poke|p1|Ursaluna, L50, M|\n|poke|p1|Calyrex-Ice, L50|\n|poke|p1|Farigiraf, L50, F|\n|poke|p2|Calyrex-Ice, L50|\n|poke|p2|Miraidon, L50|\n|poke|p2|Amoonguss, L50, F|\n|poke|p2|Incineroar, L50, M|\n|poke|p2|Urshifu-*, L50, M|\n|poke|p2|Landorus, L50, M|\n|teampreview|4\n|inactive|Battle timer is ON: inactive players will automatically lose when time's up. (requested by parmesanlugubre206)\nTheManOfSausage has agreed to open team sheets.\nparmesanlugubre206 rejected open team sheets.\n|\n|t:|1775123206\n|teamsize|p1|4\n|teamsize|p2|4\n|start\n|switch|p1a: Smeargle|Smeargle, L50, F|100/100\n|switch|p1b: Farigiraf|Farigiraf, L50, F|100/100\n|switch|p2a: Ogurin|Calyrex-Ice, L50|100/100\n|switch|p2b: Amoonguss|Amoonguss, L50, F|100/100\n|-ability|p2a: Ogurin|As One\n|-ability|p2a: Ogurin|Unnerve\n|turn|1\n|\n|t:|1775123220\n|move|p2a: Ogurin|Protect|p2a: Ogurin\n|-singleturn|p2a: Ogurin|Protect\n|move|p1a: Smeargle|Fake Out|p2a: Ogurin\n|-activate|p2a: Ogurin|move: Protect\n|move|p2b: Amoonguss|Spore|p1b: Farigiraf\n|-activate|p1b: Farigiraf|item: Safety Goggles|Spore\n|move|p1b: Farigiraf|Trick Room|p1b: Farigiraf\n|-fieldstart|move: Trick Room|[of] p1b: Farigiraf\n|\n|-ability|p1a: Smeargle|Moody|boost\n|-boost|p1a: Smeargle|atk|2\n|-unboost|p1a: Smeargle|spa|1\n|-enditem|p1a: Smeargle|Eject Pack\n|upkeep\n|\n|t:|1775123227\n|switch|p1a: Calyrex|Calyrex-Ice, L50|100/100\n|-ability|p1a: Calyrex|As One\n|-ability|p1a: Calyrex|Unnerve\n|turn|2\n|\n|t:|1775123233\n|-terastallize|p2a: Ogurin|Water\n|move|p1a: Calyrex|Protect|p1a: Calyrex\n|-singleturn|p1a: Calyrex|Protect\n|move|p2b: Amoonguss|Spore|p1a: Calyrex\n|-activate|p1a: Calyrex|move: Protect\n|move|p2a: Ogurin|Glacial Lance|p1a: Calyrex|[spread] p1b\n|-activate|p1a: Calyrex|move: Protect\n|-damage|p1b: Farigiraf|33/100\n|move|p1b: Farigiraf|Uproar|p2a: Ogurin\n|-damage|p2a: Ogurin|69/100\n|-start|p1b: Farigiraf|Uproar\n|\n|-start|p1b: Farigiraf|Uproar|[upkeep]\n|upkeep\n|turn|3\n|\n|t:|1775123241\n|move|p2b: Amoonguss|Protect|p2b: Amoonguss\n|-singleturn|p2b: Amoonguss|Protect\n|move|p2a: Ogurin|Glacial Lance|p1b: Farigiraf|[spread] p1a,p1b\n|-resisted|p1a: Calyrex\n|-damage|p1a: Calyrex|78/100\n|-damage|p1b: Farigiraf|0 fnt\n|faint|p1b: Farigiraf\n|-ability|p2a: Ogurin|Chilling Neigh|boost\n|-boost|p2a: Ogurin|atk|1\n|move|p1a: Calyrex|Glacial Lance|p2b: Amoonguss|[spread] p2a\n|-activate|p2b: Amoonguss|move: Protect\n|-resisted|p2a: Ogurin\n|-damage|p2a: Ogurin|51/100\n|\n|upkeep\n|\n|t:|1775123248\n|switch|p1b: Smeargle|Smeargle, L50, F|100/100\n|turn|4\n|\n|t:|1775123252\n|switch|p2b: Urshifu|Urshifu-Rapid-Strike, L50, M|100/100\n|move|p1b: Smeargle|Fake Out|p2b: Urshifu\n|-damage|p2b: Urshifu|95/100\n|move|p2a: Ogurin|Glacial Lance|p1b: Smeargle|[spread] p1a,p1b\n|-resisted|p1a: Calyrex\n|-damage|p1a: Calyrex|46/100\n|-damage|p1b: Smeargle|0 fnt\n|faint|p1b: Smeargle\n|-ability|p2a: Ogurin|Chilling Neigh|boost\n|-boost|p2a: Ogurin|atk|1\n|move|p1a: Calyrex|Glacial Lance|p2b: Urshifu|[spread] p2a,p2b\n|-resisted|p2a: Ogurin\n|-resisted|p2b: Urshifu\n|-damage|p2a: Ogurin|33/100\n|-damage|p2b: Urshifu|65/100\n|\n|upkeep\n|\n|t:|1775123255\n|switch|p1b: Kyogre|Kyogre, L50|100/100\n|-weather|RainDance|[from] ability: Drizzle|[of] p1b: Kyogre\n|turn|5\n|\n|t:|1775123261\n|move|p2a: Ogurin|Protect|p2a: Ogurin\n|-singleturn|p2a: Ogurin|Protect\n|move|p1b: Kyogre|Water Spout|p2b: Urshifu|[spread] p2b\n|-activate|p2a: Ogurin|move: Protect\n|-resisted|p2b: Urshifu\n|-damage|p2b: Urshifu|0 fnt\n|faint|p2b: Urshifu\n|move|p1a: Calyrex|Glacial Lance|p2a: Ogurin\n|-activate|p2a: Ogurin|move: Protect\n|\n|-weather|RainDance|[upkeep]\n|-fieldend|move: Trick Room\n|upkeep\n|\n|t:|1775123271\n|switch|p2b: Magical Mirai|Miraidon, L50|100/100\n|-fieldstart|move: Electric Terrain|[from] ability: Hadron Engine|[of] p2b: Magical Mirai\n|turn|6\n|\n|t:|1775123282\n|-terastallize|p1a: Calyrex|Dragon\n|move|p1b: Kyogre|Protect|p1b: Kyogre\n|-singleturn|p1b: Kyogre|Protect\n|move|p2b: Magical Mirai|Electro Drift|p1a: Calyrex\n|-resisted|p1a: Calyrex\n|-damage|p1a: Calyrex|13/100\n|move|p1a: Calyrex|Close Combat|p2a: Ogurin\n|-damage|p2a: Ogurin|1/100\n|-unboost|p1a: Calyrex|def|1\n|-unboost|p1a: Calyrex|spd|1\n|move|p2a: Ogurin|Glacial Lance|p1b: Kyogre|[spread] p1a\n|-activate|p1b: Kyogre|move: Protect\n|-supereffective|p1a: Calyrex\n|-crit|p1a: Calyrex\n|-damage|p1a: Calyrex|0 fnt\n|faint|p1a: Calyrex\n|-ability|p2a: Ogurin|Chilling Neigh|boost\n|-boost|p2a: Ogurin|atk|1\n|\n|-weather|RainDance|[upkeep]\n|upkeep\n|turn|7\n|c|\u2606TheManOfSausage|gg\n|c|\u2606parmesanlugubre206|gg\n|-message|parmesanlugubre206 forfeited.\n|\n|win|TheManOfSausage\n|raw|parmesanlugubre206's rating: 1419 &rarr; <strong>1410</strong><br />(-9 for losing)\n|raw|TheManOfSausage's rating: 1634 &rarr; <strong>1643</strong><br />(+9 for winning)\n|l|\u2606parmesanlugubre206\n|player|p1|\n|l|\u2606TheManOfSausage\n|player|p2|\n","uploadtime":1775123467,"views":17,"formatid":"gen9vgc2026regi","rating":1410,"private":0,"password":null}