{"id":"gen9vgc2026regi-2565460284","format":"[Gen 9] VGC 2026 Reg I","players":["sheeshshane925","Professor Hen"],"log":"|j|\u2606sheeshshane925\n|j|\u2606Professor Hen\n|t:|1774277283\n|gametype|doubles\n|player|p1|sheeshshane925|chuck|1519\n|player|p2|Professor Hen|2|1481\n|gen|9\n|tier|[Gen 9] VGC 2026 Reg I\n|rated|\n|rule|Species Clause: Limit one of each Pok\u00e9mon\n|rule|Item Clause: Limit 1 of each item\n|clearpoke\n|poke|p1|Calyrex-Ice, L50|\n|poke|p1|Miraidon, L50|\n|poke|p1|Farigiraf, L50, M|\n|poke|p1|Iron Hands, L50|\n|poke|p1|Scraggy, L50, F|\n|poke|p1|Iron Bundle, L50|\n|poke|p2|Ditto, L50|\n|poke|p2|Kyogre, L50|\n|poke|p2|Iron Bundle, L50|\n|poke|p2|Sneasler, L50, F|\n|poke|p2|Archaludon, L50, F|\n|poke|p2|Miraidon, L50|\n|teampreview|4\nProfessor Hen has agreed to open team sheets.\n|inactive|Battle timer is ON: inactive players will automatically lose when time's up. (requested by sheeshshane925)\n|\n|t:|1774277309\n|teamsize|p1|4\n|teamsize|p2|4\n|start\n|switch|p1a: Farigiraf|Farigiraf, L50, M, shiny|100/100\n|switch|p1b: Iron Hands|Iron Hands, L50|100/100\n|switch|p2a: Sneasler|Sneasler, L50, F|100/100\n|switch|p2b: Iron Bundle|Iron Bundle, L50|100/100\n|turn|1\n|inactive|Professor Hen has 30 seconds left.\n|inactive|sheeshshane925 has 30 seconds left.\n|inactive|Professor Hen has 20 seconds left.\n|inactive|Professor Hen has 15 seconds left.\n|\n|t:|1774277352\n|switch|p2a: Miraidon|Miraidon, L50|100/100\n|-fieldstart|move: Electric Terrain|[from] ability: Hadron Engine|[of] p2a: Miraidon\n|-activate|p2b: Iron Bundle|ability: Quark Drive\n|-start|p2b: Iron Bundle|quarkdrivespe\n|-enditem|p1a: Farigiraf|Electric Seed\n|-boost|p1a: Farigiraf|def|1|[from] item: Electric Seed\n|-activate|p1b: Iron Hands|ability: Quark Drive\n|-start|p1b: Iron Hands|quarkdriveatk\n|move|p2b: Iron Bundle|Taunt|p1a: Farigiraf\n|-start|p1a: Farigiraf|move: Taunt\n|move|p1a: Farigiraf|Psychic|p2b: Iron Bundle\n|-damage|p2b: Iron Bundle|37/100\n|move|p1b: Iron Hands|Wild Charge|p2b: Iron Bundle\n|-supereffective|p2b: Iron Bundle\n|-damage|p2b: Iron Bundle|0 fnt\n|faint|p2b: Iron Bundle\n|-end|p2b: Iron Bundle|Quark Drive|[silent]\n|-damage|p1b: Iron Hands|95/100|[from] Recoil\n|\n|upkeep\n|inactive|Professor Hen has 30 seconds left.\n|\n|t:|1774277379\n|switch|p2b: Sneasler|Sneasler, L50, F|100/100\n|-enditem|p2b: Sneasler|Electric Seed\n|-boost|p2b: Sneasler|def|1|[from] item: Electric Seed\n|turn|2\n|inactive|Professor Hen has 30 seconds left.\n|\n|t:|1774277404\n|-terastallize|p2a: Miraidon|Fairy\n|move|p2b: Sneasler|Dire Claw|p1a: Farigiraf\n|-damage|p1a: Farigiraf|76/100\n|move|p2a: Miraidon|Dazzling Gleam|p1b: Iron Hands|[spread] p1a,p1b\n|-supereffective|p1b: Iron Hands\n|-damage|p1a: Farigiraf|21/100\n|-damage|p1b: Iron Hands|29/100\n|move|p1a: Farigiraf|Psychic|p2b: Sneasler\n|-supereffective|p2b: Sneasler\n|-damage|p2b: Sneasler|0 fnt\n|faint|p2b: Sneasler\n|move|p1b: Iron Hands|Low Kick|p2a: Miraidon\n|-resisted|p2a: Miraidon\n|-crit|p2a: Miraidon\n|-damage|p2a: Miraidon|31/100\n|\n|upkeep\n|\n|t:|1774277420\n|switch|p2b: Ditto|Ditto, L50|100/100\n|-transform|p2b: Ditto|p1a: Farigiraf|[from] ability: Imposter\n|turn|3\n|\n|t:|1774277438\n|move|p2b: Ditto|Helping Hand|p2a: Miraidon\n|-singleturn|p2a: Miraidon|Helping Hand|[of] p2b: Ditto\n|move|p2a: Miraidon|Dazzling Gleam|p1b: Iron Hands|[spread] p1a,p1b\n|-supereffective|p1b: Iron Hands\n|-damage|p1a: Farigiraf|0 fnt\n|-damage|p1b: Iron Hands|0 fnt\n|faint|p1a: Farigiraf\n|faint|p1b: Iron Hands\n|-end|p1b: Iron Hands|Quark Drive|[silent]\n|\n|upkeep\n|\n|t:|1774277444\n|switch|p1a: Calyrex|Calyrex-Ice, L50|100/100\n|switch|p1b: Scraggy|Scraggy, L50, F|100/100\n|-ability|p1a: Calyrex|As One\n|-ability|p1a: Calyrex|Unnerve\n|-ability|p1b: Scraggy|Intimidate|boost\n|-unboost|p2a: Miraidon|atk|1\n|-unboost|p2b: Ditto|atk|1\n|turn|4\n|inactive|sheeshshane925 has 30 seconds left.\n|inactive|Professor Hen has 30 seconds left.\n|inactive|Professor Hen has 20 seconds left.\n|inactive|Professor Hen has 15 seconds left.\n|\n|t:|1774277491\n|-terastallize|p1b: Scraggy|Poison\n|move|p2b: Ditto|Helping Hand|p2a: Miraidon\n|-singleturn|p2a: Miraidon|Helping Hand|[of] p2b: Ditto\n|move|p2a: Miraidon|Dazzling Gleam|p1a: Calyrex|[spread] p1a,p1b\n|-crit|p1a: Calyrex\n|-resisted|p1b: Scraggy\n|-damage|p1a: Calyrex|12/100\n|-damage|p1b: Scraggy|62/100\n|move|p1b: Scraggy|Coaching|p1a: Calyrex\n|-boost|p1a: Calyrex|atk|1\n|-boost|p1a: Calyrex|def|1\n|move|p1a: Calyrex|Trick Room|p1a: Calyrex\n|-fieldstart|move: Trick Room|[of] p1a: Calyrex\n|-enditem|p2b: Ditto|Room Service\n|-unboost|p2b: Ditto|spe|1|[from] item: Room Service\n|\n|upkeep\n|turn|5\n|\n|t:|1774277516\n|move|p2b: Ditto|Foul Play|p1a: Calyrex\n|-supereffective|p1a: Calyrex\n|-damage|p1a: Calyrex|0 fnt\n|faint|p1a: Calyrex\n|move|p1b: Scraggy|Endeavor|p2b: Ditto\n|-damage|p2b: Ditto|51/100\n|move|p2a: Miraidon|Dazzling Gleam|p1b: Scraggy\n|-resisted|p1b: Scraggy\n|-damage|p1b: Scraggy|28/100\n|\n|-fieldend|move: Electric Terrain\n|upkeep\n|turn|6\n|-message|sheeshshane925 forfeited.\n|\n|win|Professor Hen\n|raw|sheeshshane925's rating: 1519 &rarr; <strong>1497</strong><br />(-22 for losing)\n|raw|Professor Hen's rating: 1481 &rarr; <strong>1503</strong><br />(+22 for winning)\n|l|\u2606sheeshshane925\n|player|p1|\n|l|\u2606Professor Hen\n|player|p2|\n","uploadtime":1774277761,"views":13,"formatid":"gen9vgc2026regi","rating":1497,"private":0,"password":null}