{"id":"gen9vgc2026regi-2560022829","format":"[Gen 9] VGC 2026 Reg I","players":["Lpolk965","It'sJustKen VGC"],"log":"|j|\u2606Lpolk965\n|j|\u2606It'sJustKen VGC\n|t:|1773637569\n|gametype|doubles\n|player|p1|Lpolk965|lucas|1405\n|player|p2|It'sJustKen VGC|102|1442\n|gen|9\n|tier|[Gen 9] VGC 2026 Reg I\n|rated|\n|rule|Species Clause: Limit one of each Pok\u00e9mon\n|rule|Item Clause: Limit 1 of each item\n|clearpoke\n|poke|p1|Calyrex-Ice, L50|\n|poke|p1|Kyogre, L50|\n|poke|p1|Grimmsnarl, L50, M|\n|poke|p1|Rillaboom, L50, F|\n|poke|p1|Urshifu-*, L50, M|\n|poke|p1|Amoonguss, L50, F|\n|poke|p2|Landorus, L50, M|\n|poke|p2|Amoonguss, L50, M|\n|poke|p2|Calyrex-Ice, L50|\n|poke|p2|Incineroar, L50, M|\n|poke|p2|Urshifu-*, L50, M|\n|poke|p2|Miraidon, L50|\n|teampreview|4\n|inactive|Battle timer is ON: inactive players will automatically lose when time's up. (requested by It'sJustKen VGC)\n|\n|t:|1773637600\n|teamsize|p1|4\n|teamsize|p2|4\n|start\n|switch|p1a: Calyrex|Calyrex-Ice, L50|100/100\n|switch|p1b: Rillaboom|Rillaboom, L50, F|100/100\n|switch|p2a: Russel|Calyrex-Ice, L50|100/100\n|switch|p2b: Hamilton|Incineroar, L50, M|100/100\n|-ability|p1a: Calyrex|As One\n|-ability|p1a: Calyrex|Unnerve\n|-ability|p2a: Russel|As One\n|-ability|p2a: Russel|Unnerve\n|-fieldstart|move: Grassy Terrain|[from] ability: Grassy Surge|[of] p1b: Rillaboom\n|-ability|p2b: Hamilton|Intimidate|boost\n|-unboost|p1a: Calyrex|atk|1\n|-unboost|p1b: Rillaboom|atk|1\n|turn|1\n|\n|t:|1773637615\n|move|p1a: Calyrex|Protect|p1a: Calyrex\n|-singleturn|p1a: Calyrex|Protect\n|move|p2b: Hamilton|Fake Out|p1a: Calyrex\n|-activate|p1a: Calyrex|move: Protect\n|move|p1b: Rillaboom|U-turn|p2b: Hamilton\n|-damage|p2b: Hamilton|88/100\n|\n|t:|1773637620\n|switch|p1b: Kyogre|Kyogre, L50|100/100|[from] U-turn\n|-weather|RainDance|[from] ability: Drizzle|[of] p1b: Kyogre\n|move|p2a: Russel|Glacial Lance|p1a: Calyrex|[spread] p1b\n|-activate|p1a: Calyrex|move: Protect\n|-resisted|p1b: Kyogre\n|-damage|p1b: Kyogre|76/100\n|\n|-weather|RainDance|[upkeep]\n|-heal|p1b: Kyogre|82/100|[from] Grassy Terrain\n|-heal|p2b: Hamilton|94/100|[from] Grassy Terrain\n|upkeep\n|turn|2\n|\n|t:|1773637641\n|-terastallize|p2b: Hamilton|Grass\n|move|p2a: Russel|Protect|p2a: Russel\n|-singleturn|p2a: Russel|Protect\n|move|p1b: Kyogre|Water Spout|p2a: Russel|[spread] p2b\n|-activate|p2a: Russel|move: Protect\n|-resisted|p2b: Hamilton\n|-crit|p2b: Hamilton\n|-damage|p2b: Hamilton|41/100\n|move|p2b: Hamilton|U-turn|p1a: Calyrex\n|-supereffective|p1a: Calyrex\n|-damage|p1a: Calyrex|73/100\n|\n|t:|1773637643\n|switch|p2b: Antonelli|Miraidon, L50|100/100|[from] U-turn\n|-fieldstart|move: Electric Terrain|[from] ability: Hadron Engine|[of] p2b: Antonelli\n|move|p1a: Calyrex|Leech Seed|p2a: Russel\n|-activate|p2a: Russel|move: Protect\n|\n|-weather|RainDance|[upkeep]\n|-heal|p1a: Calyrex|79/100|[from] item: Leftovers\n|upkeep\n|turn|3\n|\n|t:|1773637656\n|-terastallize|p1b: Kyogre|Grass\n|move|p2b: Antonelli|Volt Switch|p1b: Kyogre\n|-resisted|p1b: Kyogre\n|-damage|p1b: Kyogre|61/100\n|\n|t:|1773637663\n|switch|p2b: Hamilton|Incineroar, L50, M, tera:Grass|41/100|[from] Volt Switch\n|-ability|p2b: Hamilton|Intimidate|boost\n|-unboost|p1a: Calyrex|atk|1\n|-unboost|p1b: Kyogre|atk|1\n|move|p1b: Kyogre|Water Spout|p2a: Russel|[spread] p2a,p2b\n|-resisted|p2b: Hamilton\n|-damage|p2a: Russel|35/100\n|-damage|p2b: Hamilton|12/100\n|move|p1a: Calyrex|Glacial Lance|p2a: Russel|[spread] p2a,p2b\n|-resisted|p2a: Russel\n|-supereffective|p2b: Hamilton\n|-damage|p2a: Russel|26/100\n|-damage|p2b: Hamilton|0 fnt\n|faint|p2b: Hamilton\n|-ability|p1a: Calyrex|Chilling Neigh|boost\n|-boost|p1a: Calyrex|atk|1\n|move|p2a: Russel|Glacial Lance|p1a: Calyrex|[spread] p1a,p1b\n|-resisted|p1a: Calyrex\n|-supereffective|p1b: Kyogre\n|-damage|p1a: Calyrex|61/100\n|-damage|p1b: Kyogre|0 fnt\n|faint|p1b: Kyogre\n|-ability|p2a: Russel|Chilling Neigh|boost\n|-boost|p2a: Russel|atk|1\n|\n|-weather|RainDance|[upkeep]\n|-heal|p1a: Calyrex|67/100|[from] item: Leftovers\n|upkeep\n|\n|t:|1773637678\n|switch|p1b: Rillaboom|Rillaboom, L50, F|100/100\n|switch|p2b: Leclerc|Landorus, L50, M|100/100\n|-fieldstart|move: Grassy Terrain|[from] ability: Grassy Surge|[of] p1b: Rillaboom\n|turn|4\n|inactive|Lpolk965 has 30 seconds left.\n|\n|t:|1773637703\n|move|p1b: Rillaboom|Fake Out|p2b: Leclerc\n|-damage|p2b: Leclerc|85/100\n|cant|p2b: Leclerc|flinch\n|move|p1a: Calyrex|Glacial Lance|p2a: Russel|[spread] p2a,p2b\n|-resisted|p2a: Russel\n|-supereffective|p2b: Leclerc\n|-damage|p2a: Russel|15/100\n|-damage|p2b: Leclerc|0 fnt\n|faint|p2b: Leclerc\n|-ability|p1a: Calyrex|Chilling Neigh|boost\n|-boost|p1a: Calyrex|atk|1\n|move|p2a: Russel|Glacial Lance|p1a: Calyrex|[spread] p1a,p1b\n|-resisted|p1a: Calyrex\n|-supereffective|p1b: Rillaboom\n|-damage|p1a: Calyrex|39/100\n|-damage|p1b: Rillaboom|0 fnt\n|faint|p1b: Rillaboom\n|-ability|p2a: Russel|Chilling Neigh|boost\n|-boost|p2a: Russel|atk|1\n|\n|-weather|RainDance|[upkeep]\n|-heal|p1a: Calyrex|44/100|[from] Grassy Terrain\n|-heal|p1a: Calyrex|50/100|[from] item: Leftovers\n|-heal|p2a: Russel|21/100|[from] Grassy Terrain\n|upkeep\n|\n|t:|1773637712\n|switch|p2b: Antonelli|Miraidon, L50|100/100\n|switch|p1b: Amoonguss|Amoonguss, L50, F|100/100\n|-fieldstart|move: Electric Terrain|[from] ability: Hadron Engine|[of] p2b: Antonelli\n|turn|5\n|\n|t:|1773637729\n|move|p1b: Amoonguss|Rage Powder|p1b: Amoonguss\n|-singleturn|p1b: Amoonguss|move: Rage Powder\n|move|p2b: Antonelli|Draco Meteor|p1b: Amoonguss\n|-damage|p1b: Amoonguss|6/100\n|-unboost|p2b: Antonelli|spa|2\n|move|p1a: Calyrex|Glacial Lance|p2a: Russel|[spread] p2a,p2b\n|-resisted|p2a: Russel\n|-crit|p2a: Russel\n|-supereffective|p2b: Antonelli\n|-damage|p2a: Russel|0 fnt\n|-damage|p2b: Antonelli|3/100\n|faint|p2a: Russel\n|-ability|p1a: Calyrex|Chilling Neigh|boost\n|-boost|p1a: Calyrex|atk|1\n|\n|-weather|none\n|-heal|p1a: Calyrex|56/100|[from] item: Leftovers\n|upkeep\n|turn|6\n|\n|t:|1773637736\n|move|p1b: Amoonguss|Rage Powder|p1b: Amoonguss\n|-singleturn|p1b: Amoonguss|move: Rage Powder\n|move|p2b: Antonelli|Draco Meteor|p1b: Amoonguss\n|-damage|p1b: Amoonguss|0 fnt\n|-unboost|p2b: Antonelli|spa|2\n|faint|p1b: Amoonguss\n|move|p1a: Calyrex|Glacial Lance|p2b: Antonelli\n|-supereffective|p2b: Antonelli\n|-damage|p2b: Antonelli|0 fnt\n|faint|p2b: Antonelli\n|\n|win|Lpolk965\n|raw|Lpolk965's rating: 1405 &rarr; <strong>1427</strong><br />(+22 for winning)\n|raw|It&apos;sJustKen VGC's rating: 1442 &rarr; <strong>1420</strong><br />(-22 for losing)\n|l|\u2606It'sJustKen VGC\n|player|p2|\n|l|\u2606Lpolk965\n|player|p1|\n","uploadtime":1773638010,"views":13,"formatid":"gen9vgc2026regi","rating":1420,"private":0,"password":null}