{"id":"gen9vgc2026regi-2574316684","format":"[Gen 9] VGC 2026 Reg I","players":["bananenen","Mirthinion"],"log":"|j|\u2606bananenen\n|j|\u2606Mirthinion\n|t:|1775229864\n|gametype|doubles\n|player|p1|bananenen|170|1493\n|player|p2|Mirthinion|janitor|1590\n|gen|9\n|tier|[Gen 9] VGC 2026 Reg I\n|rated|\n|rule|Species Clause: Limit one of each Pok\u00e9mon\n|rule|Item Clause: Limit 1 of each item\n|clearpoke\n|poke|p1|Calyrex-Ice, L50|\n|poke|p1|Kyogre, L50|\n|poke|p1|Indeedee-F, L50, F|\n|poke|p1|Basculegion, L50, M|\n|poke|p1|Smeargle, L50, F|\n|poke|p1|Roaring Moon, L50|\n|poke|p2|Calyrex-Shadow, L50|\n|poke|p2|Zamazenta-*, L50|\n|poke|p2|Urshifu-*, L50, M|\n|poke|p2|Incineroar, L50, M|\n|poke|p2|Rillaboom, L50, M|\n|poke|p2|Tornadus, L50, M|\n|teampreview|4\n|inactive|Battle timer is ON: inactive players will automatically lose when time's up. (requested by Mirthinion)\n|\n|t:|1775229888\n|teamsize|p1|4\n|teamsize|p2|4\n|start\n|switch|p1a: Calyrex|Calyrex-Ice, L50|100/100\n|switch|p1b: Smeargle|Smeargle, L50, F|100/100\n|switch|p2a: Vangwe|Tornadus, L50, M|100/100\n|switch|p2b: Beowulf|Urshifu-Rapid-Strike, L50, M|100/100\n|-ability|p1a: Calyrex|As One\n|-ability|p1a: Calyrex|Unnerve\n|turn|1\n|j| Therazer456\n|\n|t:|1775229906\n|-terastallize|p2a: Vangwe|Steel\n|move|p1b: Smeargle|Fake Out|p2b: Beowulf\n|-crit|p2b: Beowulf\n|-damage|p2b: Beowulf|93/100\n|move|p2a: Vangwe|Taunt|p1a: Calyrex\n|-start|p1a: Calyrex|move: Taunt\n|cant|p2b: Beowulf|flinch\n|move|p1a: Calyrex|Glacial Lance|p2a: Vangwe|[spread] p2a,p2b\n|-resisted|p2a: Vangwe\n|-resisted|p2b: Beowulf\n|-damage|p2a: Vangwe|67/100\n|-damage|p2b: Beowulf|69/100\n|\n|-ability|p1b: Smeargle|Moody|boost\n|-boost|p1b: Smeargle|spe|2\n|-unboost|p1b: Smeargle|spd|1\n|upkeep\n|turn|2\n|inactive|bananenen has 30 seconds left.\n|inactive|bananenen has 20 seconds left.\n|\n|t:|1775229944\n|move|p1b: Smeargle|Follow Me|p1b: Smeargle\n|-singleturn|p1b: Smeargle|move: Follow Me\n|move|p2a: Vangwe|Taunt|p1b: Smeargle\n|-start|p1b: Smeargle|move: Taunt\n|move|p2b: Beowulf|U-turn|p1b: Smeargle\n|-damage|p1b: Smeargle|33/100\n|\n|t:|1775229951\n|switch|p2b: Drambor|Zamazenta-Crowned, L50|100/100|[from] U-turn\n|-ability|p2b: Drambor|Dauntless Shield|boost\n|-boost|p2b: Drambor|def|1\n|move|p1a: Calyrex|Glacial Lance|p2a: Vangwe|[spread] p2a,p2b\n|-resisted|p2a: Vangwe\n|-resisted|p2b: Drambor\n|-damage|p2a: Vangwe|34/100\n|-damage|p2b: Drambor|89/100\n|\n|-ability|p1b: Smeargle|Moody|boost\n|-boost|p1b: Smeargle|spd|2\n|-unboost|p1b: Smeargle|spa|1\n|upkeep\n|turn|3\n|\n|t:|1775229968\n|switch|p1b: Indeedee|Indeedee-F, L50, F|100/100\n|-fieldstart|move: Psychic Terrain|[from] ability: Psychic Surge|[of] p1b: Indeedee\n|move|p2b: Drambor|Body Press|p1a: Calyrex\n|-damage|p1a: Calyrex|61/100\n|move|p2a: Vangwe|Bleakwind Storm|p1a: Calyrex|[spread] p1a\n|-miss|p2a: Vangwe|p1b: Indeedee\n|-damage|p1a: Calyrex|40/100\n|move|p1a: Calyrex|Glacial Lance|p2b: Drambor|[spread] p2a,p2b\n|-resisted|p2a: Vangwe\n|-resisted|p2b: Drambor\n|-damage|p2a: Vangwe|0 fnt\n|-damage|p2b: Drambor|77/100\n|faint|p2a: Vangwe\n|-ability|p1a: Calyrex|Chilling Neigh|boost\n|-boost|p1a: Calyrex|atk|1\n|\n|-heal|p1a: Calyrex|46/100|[from] item: Leftovers\n|-end|p1a: Calyrex|move: Taunt\n|upkeep\n|\n|t:|1775229986\n|switch|p2a: Mithrandir|Calyrex-Shadow, L50|100/100\n|-ability|p2a: Mithrandir|As One\n|-ability|p2a: Mithrandir|Unnerve\n|turn|4\n|\n|t:|1775230010\n|move|p1a: Calyrex|Protect|p1a: Calyrex\n|-singleturn|p1a: Calyrex|Protect\n|move|p2a: Mithrandir|Pollen Puff|p1b: Indeedee\n|-supereffective|p1b: Indeedee\n|-damage|p1b: Indeedee|41/100\n|move|p2b: Drambor|Body Press|p1b: Indeedee\n|-damage|p1b: Indeedee|0 fnt\n|faint|p1b: Indeedee\n|\n|-heal|p1a: Calyrex|51/100|[from] item: Leftovers\n|upkeep\n|\n|t:|1775230021\n|switch|p1b: Smeargle|Smeargle, L50, F|33/100\n|turn|5\n|\n|t:|1775230035\n|-terastallize|p1a: Calyrex|Fairy\n|move|p1b: Smeargle|Follow Me|p1b: Smeargle\n|-singleturn|p1b: Smeargle|move: Follow Me\n|move|p2a: Mithrandir|Pollen Puff|p1b: Smeargle\n|-damage|p1b: Smeargle|0 fnt\n|faint|p1b: Smeargle\n|-ability|p2a: Mithrandir|Grim Neigh|boost\n|-boost|p2a: Mithrandir|spa|1\n|move|p2b: Drambor|Body Press|p1a: Calyrex\n|-resisted|p1a: Calyrex\n|-damage|p1a: Calyrex|32/100\n|move|p1a: Calyrex|Trick Room|p1a: Calyrex\n|-fieldstart|move: Trick Room|[of] p1a: Calyrex\n|\n|-heal|p1a: Calyrex|38/100|[from] item: Leftovers\n|upkeep\n|\n|t:|1775230048\n|switch|p1b: Kyogre|Kyogre, L50|100/100\n|-weather|RainDance|[from] ability: Drizzle|[of] p1b: Kyogre\n|turn|6\n|\n|t:|1775230057\n|move|p2b: Drambor|Wide Guard|p2b: Drambor\n|-singleturn|p2b: Drambor|Wide Guard\n|move|p1a: Calyrex|Leech Seed|p2b: Drambor\n|-start|p2b: Drambor|move: Leech Seed\n|move|p1b: Kyogre|Hydro Pump|p2a: Mithrandir\n|-enditem|p2a: Mithrandir|Focus Sash\n|-damage|p2a: Mithrandir|1/100\n|move|p2a: Mithrandir|Astral Barrage|p1b: Kyogre|[spread] p1a,p1b\n|-damage|p1a: Calyrex|0 fnt\n|-damage|p1b: Kyogre|44/100\n|faint|p1a: Calyrex\n|-ability|p2a: Mithrandir|Grim Neigh|boost\n|-boost|p2a: Mithrandir|spa|1\n|\n|-weather|RainDance|[upkeep]\n|upkeep\n|turn|7\n|\n|t:|1775230078\n|move|p2a: Mithrandir|Protect|p2a: Mithrandir\n|-singleturn|p2a: Mithrandir|Protect\n|move|p1b: Kyogre|Water Spout|p2b: Drambor|[spread] p2b\n|-activate|p2a: Mithrandir|move: Protect\n|-damage|p2b: Drambor|38/100\n|move|p2b: Drambor|Body Press|p1b: Kyogre\n|-damage|p1b: Kyogre|0 fnt\n|faint|p1b: Kyogre\n|\n|win|Mirthinion\n|raw|bananenen's rating: 1493 &rarr; <strong>1478</strong><br />(-15 for losing)\n|raw|Mirthinion's rating: 1590 &rarr; <strong>1605</strong><br />(+15 for winning)\n|l|\u2606bananenen\n|player|p1|\n|l| Therazer456\n","uploadtime":1775230091,"views":39,"formatid":"gen9vgc2026regi","rating":1478,"private":0,"password":null}