{"id":"gen9vgc2026regi-2530353806","format":"[Gen 9] VGC 2026 Reg I","players":["alexit93","Shellos Gang 1"],"log":"|j|\u2606alexit93\n|j|\u2606Shellos Gang 1\n|t:|1769906001\n|gametype|doubles\n|player|p1|alexit93|lucas-gen4pt|1263\n|player|p2|Shellos Gang 1|colress|1265\n|gen|9\n|tier|[Gen 9] VGC 2026 Reg I\n|rated|\n|rule|Species Clause: Limit one of each Pok\u00e9mon\n|rule|Item Clause: Limit 1 of each item\n|clearpoke\n|poke|p1|Zamazenta-*, L50|\n|poke|p1|Riolu, L50, F|\n|poke|p1|Calyrex-Ice, L50|\n|poke|p1|Rillaboom, L50, F|\n|poke|p1|Incineroar, L50, F|\n|poke|p1|Urshifu-*, L50, F|\n|poke|p2|Koraidon, L50|\n|poke|p2|Flutter Mane, L50|\n|poke|p2|Raging Bolt, L50|\n|poke|p2|Ursaluna, L50, F|\n|poke|p2|Lunala, L50|\n|poke|p2|Chi-Yu, L50|\n|teampreview|4\n|inactive|Battle timer is ON: inactive players will automatically lose when time's up. (requested by alexit93)\n|\n|t:|1769906060\n|teamsize|p1|4\n|teamsize|p2|4\n|start\n|switch|p1a: Riolu|Riolu, L50, F|100/100\n|switch|p1b: Urshifu|Urshifu-Rapid-Strike, L50, F|100/100\n|switch|p2a: Koraidon|Koraidon, L50|100/100\n|switch|p2b: Chi-Yu|Chi-Yu, L50|100/100\n|-ability|p2b: Chi-Yu|Beads of Ruin\n|-weather|SunnyDay|[from] ability: Orichalcum Pulse|[of] p2a: Koraidon\n|-activate|p2a: Koraidon|Orichalcum Pulse|[source]\n|turn|1\n|inactive|Shellos Gang 1 has 30 seconds left.\n|\n|t:|1769906094\n|-terastallize|p2b: Chi-Yu|Grass\n|move|p1a: Riolu|Rain Dance|p1a: Riolu\n|-weather|RainDance\n|move|p2b: Chi-Yu|Heat Wave|p1b: Urshifu|[spread] p1a,p1b\n|-resisted|p1b: Urshifu\n|-damage|p1a: Riolu|73/100\n|-damage|p1b: Urshifu|82/100\n|move|p1b: Urshifu|Surging Strikes|p2b: Chi-Yu\n|-resisted|p2b: Chi-Yu\n|-crit|p2b: Chi-Yu\n|-damage|p2b: Chi-Yu|73/100\n|-resisted|p2b: Chi-Yu\n|-crit|p2b: Chi-Yu\n|-damage|p2b: Chi-Yu|48/100\n|-resisted|p2b: Chi-Yu\n|-crit|p2b: Chi-Yu\n|-damage|p2b: Chi-Yu|23/100\n|-hitcount|p2b: Chi-Yu|3\n|move|p2a: Koraidon|Flame Charge|p1a: Riolu\n|-damage|p1a: Riolu|58/100\n|-boost|p2a: Koraidon|spe|1\n|-damage|p2a: Koraidon|91/100|[from] item: Life Orb\n|\n|-weather|RainDance|[upkeep]\n|upkeep\n|turn|2\n|j| afdragonite\n|inactive|Shellos Gang 1 has 30 seconds left.\n|inactive|Shellos Gang 1 has 20 seconds left.\n|l| afdragonite\n|inactive|Shellos Gang 1 has 15 seconds left.\n|inactive|Shellos Gang 1 has 10 seconds left.\n|\n|t:|1769906143\n|switch|p2b: Lunala|Lunala, L50|100/100\n|move|p1a: Riolu|Coaching|p1b: Urshifu\n|-boost|p1b: Urshifu|atk|1\n|-boost|p1b: Urshifu|def|1\n|move|p2a: Koraidon|Close Combat|p1b: Urshifu\n|-damage|p1b: Urshifu|23/100\n|-unboost|p2a: Koraidon|def|1\n|-unboost|p2a: Koraidon|spd|1\n|-damage|p2a: Koraidon|81/100|[from] item: Life Orb\n|move|p1b: Urshifu|Surging Strikes|p2b: Lunala\n|-crit|p2b: Lunala\n|-damage|p2b: Lunala|84/100\n|-crit|p2b: Lunala\n|-damage|p2b: Lunala|49/100\n|-crit|p2b: Lunala\n|-damage|p2b: Lunala|18/100\n|-hitcount|p2b: Lunala|3\n|\n|-weather|RainDance|[upkeep]\n|upkeep\n|turn|3\n|inactive|alexit93 has 30 seconds left.\n|inactive|Shellos Gang 1 has 30 seconds left.\n|inactive|alexit93 has 20 seconds left.\n|inactive|alexit93 has 15 seconds left.\n|inactive|alexit93 has 10 seconds left.\n|\n|t:|1769906191\n|switch|p1b: Calyrex|Calyrex-Ice, L50|100/100\n|-ability|p1b: Calyrex|As One\n|-ability|p1b: Calyrex|Unnerve\n|move|p1a: Riolu|Coaching|p1b: Calyrex\n|-boost|p1b: Calyrex|atk|1\n|-boost|p1b: Calyrex|def|1\n|move|p2a: Koraidon|Close Combat|p1b: Calyrex\n|-damage|p1b: Calyrex|67/100\n|-unboost|p2a: Koraidon|def|1\n|-unboost|p2a: Koraidon|spd|1\n|-damage|p2a: Koraidon|72/100|[from] item: Life Orb\n|move|p2b: Lunala|Meteor Beam||[still]\n|-prepare|p2b: Lunala|Meteor Beam\n|-boost|p2b: Lunala|spa|1\n|-enditem|p2b: Lunala|Power Herb\n|-anim|p2b: Lunala|Meteor Beam|p1a: Riolu\n|-resisted|p1a: Riolu\n|-damage|p1a: Riolu|16/100\n|\n|-weather|RainDance|[upkeep]\n|upkeep\n|turn|4\n|inactive|Shellos Gang 1 has 30 seconds left.\n|inactive|Shellos Gang 1 has 20 seconds left.\n|inactive|Shellos Gang 1 has 15 seconds left.\n|\n|t:|1769906232\n|move|p1b: Calyrex|Protect|p1b: Calyrex\n|-singleturn|p1b: Calyrex|Protect\n|move|p1a: Riolu|Coaching|p1b: Calyrex\n|-boost|p1b: Calyrex|atk|1\n|-boost|p1b: Calyrex|def|1\n|move|p2a: Koraidon|Close Combat|p1b: Calyrex\n|-activate|p1b: Calyrex|move: Protect\n|move|p2b: Lunala|Moongeist Beam|p1b: Calyrex\n|-activate|p1b: Calyrex|move: Protect\n|\n|-weather|RainDance|[upkeep]\n|upkeep\n|turn|5\n|\n|t:|1769906246\n|-terastallize|p1b: Calyrex|Ground\n|move|p1a: Riolu|Coaching|p1b: Calyrex\n|-boost|p1b: Calyrex|atk|1\n|-boost|p1b: Calyrex|def|1\n|move|p2a: Koraidon|Close Combat|p1b: Calyrex\n|-damage|p1b: Calyrex|48/100\n|-unboost|p2a: Koraidon|def|1\n|-unboost|p2a: Koraidon|spd|1\n|-damage|p2a: Koraidon|62/100|[from] item: Life Orb\n|move|p2b: Lunala|Moongeist Beam|p1b: Calyrex\n|-damage|p1b: Calyrex|0 fnt\n|faint|p1b: Calyrex\n|\n|-weather|none\n|upkeep\n|\n|t:|1769906250\n|switch|p1b: Zamazenta|Zamazenta-Crowned, L50, shiny|100/100\n|-ability|p1b: Zamazenta|Dauntless Shield|boost\n|-boost|p1b: Zamazenta|def|1\n|turn|6\n|j| afdragonite\n|inactive|alexit93 has 30 seconds left.\n|inactive|Shellos Gang 1 has 30 seconds left.\n|inactive|Shellos Gang 1 has 20 seconds left.\n|inactive|Shellos Gang 1 has 15 seconds left.\n|\n|t:|1769906291\n|switch|p2a: Chi-Yu|Chi-Yu, L50, tera:Grass|23/100\n|-ability|p2a: Chi-Yu|Beads of Ruin\n|move|p1a: Riolu|Coaching|p1b: Zamazenta\n|-boost|p1b: Zamazenta|atk|1\n|-boost|p1b: Zamazenta|def|1\n|move|p1b: Zamazenta|Behemoth Bash|p2b: Lunala\n|-damage|p2b: Lunala|0 fnt\n|faint|p2b: Lunala\n|\n|upkeep\n|\n|t:|1769906302\n|switch|p2b: Koraidon|Koraidon, L50|62/100\n|-weather|SunnyDay|[from] ability: Orichalcum Pulse|[of] p2b: Koraidon\n|-activate|p2b: Koraidon|Orichalcum Pulse|[source]\n|turn|7\n|l| afdragonite\n|inactive|Shellos Gang 1 has 30 seconds left.\n|\n|t:|1769906334\n|switch|p2b: Raging Bolt|Raging Bolt, L50|100/100\n|-activate|p2b: Raging Bolt|ability: Protosynthesis\n|-start|p2b: Raging Bolt|protosynthesisspa\n|move|p1b: Zamazenta|Protect|p1b: Zamazenta\n|-singleturn|p1b: Zamazenta|Protect\n|move|p1a: Riolu|Rain Dance|p1a: Riolu\n|-weather|RainDance\n|-end|p2b: Raging Bolt|Protosynthesis\n|move|p2a: Chi-Yu|Heat Wave|p1b: Zamazenta|[spread] p1a\n|-activate|p1b: Zamazenta|move: Protect\n|-damage|p1a: Riolu|0 fnt\n|faint|p1a: Riolu\n|\n|-weather|RainDance|[upkeep]\n|upkeep\n|\n|t:|1769906337\n|switch|p1a: Urshifu|Urshifu-Rapid-Strike, L50, F|23/100\n|turn|8\n|inactive|Shellos Gang 1 has 30 seconds left.\n|\n|t:|1769906363\n|-end|p2b: Raging Bolt|Protosynthesis|[silent]\n|switch|p2b: Koraidon|Koraidon, L50|62/100\n|-weather|SunnyDay|[from] ability: Orichalcum Pulse|[of] p2b: Koraidon\n|-activate|p2b: Koraidon|Orichalcum Pulse|[source]\n|move|p1a: Urshifu|Aqua Jet|p2a: Chi-Yu\n|-resisted|p2a: Chi-Yu\n|-damage|p2a: Chi-Yu|15/100\n|move|p2a: Chi-Yu|Heat Wave|p1a: Urshifu|[spread] p1a,p1b\n|-resisted|p1a: Urshifu\n|-supereffective|p1b: Zamazenta\n|-damage|p1a: Urshifu|0 fnt\n|-damage|p1b: Zamazenta|0 fnt\n|faint|p1a: Urshifu\n|faint|p1b: Zamazenta\n|\n|win|Shellos Gang 1\n|raw|alexit93's rating: 1263 &rarr; <strong>1238</strong><br />(-25 for losing)\n|raw|Shellos Gang 1's rating: 1265 &rarr; <strong>1290</strong><br />(+25 for winning)\n|l|\u2606alexit93\n|player|p1|\n|l|\u2606Shellos Gang 1\n|player|p2|\n","uploadtime":1769906515,"views":13,"formatid":"gen9vgc2026regi","rating":1238,"private":0,"password":null}