{"id":"gen9vgc2026regi-2562179210","format":"[Gen 9] VGC 2026 Reg I","players":["Flamigo2","PATRIOTS_VG"],"log":"|j|\u203dFlamigo2\n|j|\u2606PATRIOTS_VG\n|t:|1773879337\n|gametype|doubles\n|player|p1|Flamigo2|birdkeeper-gen4dp|1504\n|player|p2|PATRIOTS_VG|drayden|1632\n|gen|9\n|tier|[Gen 9] VGC 2026 Reg I\n|rated|\n|rule|Species Clause: Limit one of each Pok\u00e9mon\n|rule|Item Clause: Limit 1 of each item\n|clearpoke\n|poke|p1|Koraidon, L50|\n|poke|p1|Calyrex-Shadow, L50|\n|poke|p1|Whimsicott, L50, F|\n|poke|p1|Raging Bolt, L50|\n|poke|p1|Rillaboom, L50, M|\n|poke|p1|Flamigo, L50, M|\n|poke|p2|Ho-Oh, L50|\n|poke|p2|Miraidon, L50|\n|poke|p2|Ursaluna, L50, M|\n|poke|p2|Farigiraf, L50, F|\n|poke|p2|Iron Treads, L50|\n|poke|p2|Urshifu-*, L50, F|\n|teampreview|4\n|inactive|Battle timer is ON: inactive players will automatically lose when time's up. (requested by Flamigo2)\n|j| roger_leo1000\n|inactive|PATRIOTS_VG has 60 seconds left.\n|inactive|PATRIOTS_VG has 30 seconds left.\n|inactive|PATRIOTS_VG has 20 seconds left.\n|\n|t:|1773879412\n|teamsize|p1|4\n|teamsize|p2|4\n|start\n|switch|p1a: Koraidon|Koraidon, L50, shiny|100/100\n|switch|p1b: Calyrex|Calyrex-Shadow, L50|100/100\n|switch|p2a: Farigiraf|Farigiraf, L50, F|100/100\n|switch|p2b: Miraidon|Miraidon, L50|100/100\n|-ability|p1b: Calyrex|As One\n|-ability|p1b: Calyrex|Unnerve\n|-fieldstart|move: Electric Terrain|[from] ability: Hadron Engine|[of] p2b: Miraidon\n|-enditem|p2a: Farigiraf|Electric Seed\n|-boost|p2a: Farigiraf|def|1|[from] item: Electric Seed\n|-weather|SunnyDay|[from] ability: Orichalcum Pulse|[of] p1a: Koraidon\n|-activate|p1a: Koraidon|Orichalcum Pulse|[source]\n|turn|1\n|\n|t:|1773879428\n|move|p1b: Calyrex|Protect|p1b: Calyrex\n|-singleturn|p1b: Calyrex|Protect\n|move|p1a: Koraidon|Protect|p1a: Koraidon\n|-singleturn|p1a: Koraidon|Protect\n|move|p2b: Miraidon|Volt Switch|p1a: Koraidon\n|-activate|p1a: Koraidon|move: Protect\n|move|p2a: Farigiraf|Trick Room|p2a: Farigiraf\n|-fieldstart|move: Trick Room|[of] p2a: Farigiraf\n|\n|-weather|SunnyDay|[upkeep]\n|upkeep\n|turn|2\n|\n|t:|1773879450\n|switch|p1b: Rillaboom|Rillaboom, L50, M|100/100\n|-fieldstart|move: Grassy Terrain|[from] ability: Grassy Surge|[of] p1b: Rillaboom\n|move|p2a: Farigiraf|Psychic|p1a: Koraidon\n|-supereffective|p1a: Koraidon\n|-damage|p1a: Koraidon|47/100\n|move|p1a: Koraidon|Collision Course|p2b: Miraidon\n|-damage|p2b: Miraidon|34/100\n|move|p2b: Miraidon|Volt Switch|p1a: Koraidon\n|-resisted|p1a: Koraidon\n|-damage|p1a: Koraidon|22/100\n|\n|t:|1773879461\n|switch|p2b: Ursaluna|Ursaluna, L50, M|100/100|[from] Volt Switch\n|\n|-weather|SunnyDay|[upkeep]\n|-heal|p1a: Koraidon|28/100|[from] Grassy Terrain\n|-status|p2b: Ursaluna|brn|[from] item: Flame Orb\n|upkeep\n|turn|3\n|\n|t:|1773879474\n|switch|p1a: Calyrex|Calyrex-Shadow, L50|100/100\n|-ability|p1a: Calyrex|As One\n|-ability|p1a: Calyrex|Unnerve\n|move|p2b: Ursaluna|Facade|p1b: Rillaboom\n|-damage|p1b: Rillaboom|0 fnt\n|faint|p1b: Rillaboom\n|move|p2a: Farigiraf|Psychic|p1a: Calyrex\n|-resisted|p1a: Calyrex\n|-damage|p1a: Calyrex|84/100\n|\n|-weather|SunnyDay|[upkeep]\n|-heal|p1a: Calyrex|90/100|[from] Grassy Terrain\n|-damage|p2b: Ursaluna|94/100 brn|[from] brn\n|upkeep\n|\n|t:|1773879484\n|switch|p1b: Flamigo|Flamigo, L50, M|100/100\n|turn|4\n|\n|t:|1773879508\n|-terastallize|p1b: Flamigo|Ghost\n|move|p1a: Calyrex|Protect|p1a: Calyrex\n|-singleturn|p1a: Calyrex|Protect\n|move|p2b: Ursaluna|Facade|p1b: Flamigo\n|-immune|p1b: Flamigo\n|move|p2a: Farigiraf|Psychic|p1b: Flamigo\n|-damage|p1b: Flamigo|44/100\n|move|p1b: Flamigo|Close Combat|p2b: Ursaluna\n|-supereffective|p2b: Ursaluna\n|-damage|p2b: Ursaluna|6/100 brn\n|-unboost|p1b: Flamigo|def|1\n|-unboost|p1b: Flamigo|spd|1\n|\n|-weather|SunnyDay|[upkeep]\n|-heal|p2b: Ursaluna|12/100 brn|[from] Grassy Terrain\n|-heal|p1b: Flamigo|49/100|[from] Grassy Terrain\n|-heal|p1a: Calyrex|96/100|[from] Grassy Terrain\n|-damage|p2b: Ursaluna|6/100 brn|[from] brn\n|upkeep\n|turn|5\n|\n|t:|1773879529\n|move|p1b: Flamigo|Detect|p1b: Flamigo\n|-singleturn|p1b: Flamigo|Protect\n|move|p1a: Calyrex|Protect||[still]\n|-fail|p1a: Calyrex\n|move|p2b: Ursaluna|Headlong Rush|p1a: Calyrex\n|-damage|p1a: Calyrex|0 fnt\n|-unboost|p2b: Ursaluna|def|1\n|-unboost|p2b: Ursaluna|spd|1\n|faint|p1a: Calyrex\n|move|p2a: Farigiraf|Foul Play|p1b: Flamigo\n|-activate|p1b: Flamigo|move: Protect\n|\n|-weather|none\n|-heal|p2b: Ursaluna|12/100 brn|[from] Grassy Terrain\n|-heal|p1b: Flamigo|55/100|[from] Grassy Terrain\n|-damage|p2b: Ursaluna|6/100 brn|[from] brn\n|-fieldend|move: Trick Room\n|upkeep\n|\n|t:|1773879534\n|switch|p1a: Koraidon|Koraidon, L50, shiny|28/100\n|-weather|SunnyDay|[from] ability: Orichalcum Pulse|[of] p1a: Koraidon\n|-activate|p1a: Koraidon|Orichalcum Pulse|[source]\n|turn|6\n|\n|t:|1773879544\n|move|p1a: Koraidon|Collision Course|p2a: Farigiraf\n|-damage|p2a: Farigiraf|62/100\n|move|p1b: Flamigo|Close Combat|p2a: Farigiraf\n|-damage|p2a: Farigiraf|27/100\n|-unboost|p1b: Flamigo|def|1\n|-unboost|p1b: Flamigo|spd|1\n|move|p2b: Ursaluna|Headlong Rush|p1b: Flamigo\n|-damage|p1b: Flamigo|0 fnt\n|-unboost|p2b: Ursaluna|def|1\n|-unboost|p2b: Ursaluna|spd|1\n|faint|p1b: Flamigo\n|move|p2a: Farigiraf|Trick Room|p2a: Farigiraf\n|-fieldstart|move: Trick Room|[of] p2a: Farigiraf\n|\n|-weather|SunnyDay|[upkeep]\n|-heal|p2b: Ursaluna|12/100 brn|[from] Grassy Terrain\n|-heal|p2a: Farigiraf|33/100|[from] Grassy Terrain\n|-heal|p1a: Koraidon|34/100|[from] Grassy Terrain\n|-damage|p2b: Ursaluna|6/100 brn|[from] brn\n|-fieldend|move: Grassy Terrain\n|upkeep\n|turn|7\n|-message|Flamigo2 forfeited.\n|\n|win|PATRIOTS_VG\n|raw|Flamigo2's rating: 1504 &rarr; <strong>1491</strong><br />(-13 for losing)\n|raw|PATRIOTS_VG's rating: 1632 &rarr; <strong>1645</strong><br />(+13 for winning)\n|l|\u2606PATRIOTS_VG\n|player|p2|\n|n|\u203dFlamigo2|flamigo2\n|l| roger_leo1000\n","uploadtime":1773879552,"views":15,"formatid":"gen9vgc2026regi","rating":1491,"private":0,"password":null}