{"id":"gen9vgc2026regi-2562559969","format":"[Gen 9] VGC 2026 Reg I","players":["ghshajw","Luxerna"],"log":"|j|\u2606ghshajw\n|j|\u2606Luxerna\n|t:|1773930304\n|gametype|doubles\n|player|p1|ghshajw|102|1123\n|player|p2|Luxerna|dawn-gen4pt|1178\n|gen|9\n|tier|[Gen 9] VGC 2026 Reg I\n|rated|\n|rule|Species Clause: Limit one of each Pok\u00e9mon\n|rule|Item Clause: Limit 1 of each item\n|clearpoke\n|poke|p1|Calyrex-Ice, L50|\n|poke|p1|Necrozma-Dawn-Wings, L50|\n|poke|p1|Indeedee-F, L50, F|\n|poke|p1|Crabominable, L50, F|\n|poke|p1|Urshifu-*, L50, M|\n|poke|p1|Annihilape, L50, F|\n|poke|p2|Zacian-*, L50|\n|poke|p2|Calyrex-Shadow, L50|\n|poke|p2|Thundurus, L50, M|\n|poke|p2|Chien-Pao, L50|\n|poke|p2|Ogerpon-Hearthflame, L50, F|\n|poke|p2|Urshifu-*, L50, M|\n|teampreview|4\n|inactive|Battle timer is ON: inactive players will automatically lose when time's up. (requested by ghshajw)\n|\n|t:|1773930321\n|teamsize|p1|4\n|teamsize|p2|4\n|start\n|switch|p1a: Necrozma|Necrozma-Dawn-Wings, L50|100/100\n|switch|p1b: Indeedee|Indeedee-F, L50, F|100/100\n|switch|p2a: Calyrex|Calyrex-Shadow, L50|100/100\n|switch|p2b: Chien-Pao|Chien-Pao, L50|100/100\n|-ability|p2a: Calyrex|As One\n|-ability|p2a: Calyrex|Unnerve\n|-ability|p2b: Chien-Pao|Sword of Ruin\n|-fieldstart|move: Psychic Terrain|[from] ability: Psychic Surge|[of] p1b: Indeedee\n|turn|1\n|\n|t:|1773930329\n|-terastallize|p1a: Necrozma|Fairy\n|move|p2a: Calyrex|Protect|p2a: Calyrex\n|-singleturn|p2a: Calyrex|Protect\n|move|p1b: Indeedee|Follow Me|p1b: Indeedee\n|-singleturn|p1b: Indeedee|move: Follow Me\n|move|p2b: Chien-Pao|Ice Spinner|p1b: Indeedee\n|-damage|p1b: Indeedee|29/100\n|-fieldend|move: Psychic Terrain\n|move|p1a: Necrozma|Trick Room|p1a: Necrozma\n|-fieldstart|move: Trick Room|[of] p1a: Necrozma\n|\n|upkeep\n|turn|2\n|\n|t:|1773930347\n|-terastallize|p2a: Calyrex|Dark\n|move|p1b: Indeedee|Helping Hand|p1a: Necrozma\n|-singleturn|p1a: Necrozma|Helping Hand|[of] p1b: Indeedee\n|move|p1a: Necrozma|Meteor Beam||[still]\n|-prepare|p1a: Necrozma|Meteor Beam\n|-boost|p1a: Necrozma|spa|1\n|-enditem|p1a: Necrozma|Power Herb\n|-anim|p1a: Necrozma|Meteor Beam|p2b: Chien-Pao\n|-supereffective|p2b: Chien-Pao\n|-enditem|p2b: Chien-Pao|Focus Sash\n|-damage|p2b: Chien-Pao|1/100\n|move|p2b: Chien-Pao|Ice Spinner|p1b: Indeedee\n|-crit|p1b: Indeedee\n|-damage|p1b: Indeedee|0 fnt\n|faint|p1b: Indeedee\n|move|p2a: Calyrex|Astral Barrage|p1a: Necrozma\n|-damage|p1a: Necrozma|37/100\n|-damage|p2a: Calyrex|90/100|[from] item: Life Orb\n|\n|upkeep\n|inactive|ghshajw has 30 seconds left.\n|\n|t:|1773930373\n|switch|p1b: Urshifu|Urshifu-Rapid-Strike, L50, M|100/100\n|turn|3\n|\n|t:|1773930388\n|switch|p2a: Thundurus|Thundurus, L50, M|100/100\n|move|p2b: Chien-Pao|Sucker Punch|p1a: Necrozma\n|-resisted|p1a: Necrozma\n|-damage|p1a: Necrozma|16/100\n|move|p1a: Necrozma|Moongeist Beam|p2b: Chien-Pao\n|-resisted|p2b: Chien-Pao\n|-damage|p2b: Chien-Pao|0 fnt\n|faint|p2b: Chien-Pao\n|move|p1b: Urshifu|Surging Strikes|p2a: Thundurus\n|-crit|p2a: Thundurus\n|-damage|p2a: Thundurus|62/100\n|-crit|p2a: Thundurus\n|-damage|p2a: Thundurus|21/100\n|-crit|p2a: Thundurus\n|-damage|p2a: Thundurus|0 fnt\n|faint|p2a: Thundurus\n|-hitcount|p2: Thundurus|3\n|\n|upkeep\n|\n|t:|1773930405\n|switch|p2a: Calyrex|Calyrex-Shadow, L50, tera:Dark|90/100\n|switch|p2b: Zacian|Zacian-Crowned, L50|100/100\n|-ability|p2a: Calyrex|As One\n|-ability|p2a: Calyrex|Unnerve\n|-ability|p2b: Zacian|Intrepid Sword|boost\n|-boost|p2b: Zacian|atk|1\n|turn|4\n|inactive|ghshajw has 30 seconds left.\n|\n|t:|1773930436\n|move|p1a: Necrozma|Moongeist Beam|p2b: Zacian\n|-damage|p2b: Zacian|19/100\n|move|p1b: Urshifu|Surging Strikes|p2a: Calyrex\n|-crit|p2a: Calyrex\n|-damage|p2a: Calyrex|57/100\n|-crit|p2a: Calyrex\n|-damage|p2a: Calyrex|23/100\n|-crit|p2a: Calyrex\n|-damage|p2a: Calyrex|0 fnt\n|faint|p2a: Calyrex\n|-hitcount|p2: Calyrex|3\n|move|p2b: Zacian|Play Rough|p1b: Urshifu\n|-supereffective|p1b: Urshifu\n|-damage|p1b: Urshifu|0 fnt\n|faint|p1b: Urshifu\n|\n|upkeep\n|\n|t:|1773930452\n|switch|p1b: Crabominable|Crabominable, L50, F|100/100\n|turn|5\n|\n|t:|1773930463\n|move|p2b: Zacian|Protect|p2b: Zacian\n|-singleturn|p2b: Zacian|Protect\n|move|p1b: Crabominable|Close Combat|p2b: Zacian\n|-activate|p2b: Zacian|move: Protect\n|move|p1a: Necrozma|Expanding Force|p2b: Zacian\n|-activate|p2b: Zacian|move: Protect\n|\n|-fieldend|move: Trick Room\n|upkeep\n|turn|6\n|\n|t:|1773930475\n|move|p2b: Zacian|Sacred Sword|p1b: Crabominable\n|-supereffective|p1b: Crabominable\n|-damage|p1b: Crabominable|0 fnt\n|faint|p1b: Crabominable\n|move|p1a: Necrozma|Expanding Force|p2b: Zacian\n|-resisted|p2b: Zacian\n|-damage|p2b: Zacian|0 fnt\n|faint|p2b: Zacian\n|\n|win|ghshajw\n|raw|ghshajw's rating: 1123 &rarr; <strong>1152</strong><br />(+29 for winning)\n|raw|Luxerna's rating: 1178 &rarr; <strong>1149</strong><br />(-29 for losing)\n|l|\u2606Luxerna\n|player|p2|\n","uploadtime":1773930663,"views":11,"formatid":"gen9vgc2026regi","rating":1149,"private":0,"password":null}