{"id":"gen9vgc2026regi-2562740176","format":"[Gen 9] VGC 2026 Reg I","players":["Diogirus","realcomrade379"],"log":"|j|\u2606Diogirus\n|j|\u2606realcomrade379\n|t:|1773945713\n|gametype|doubles\n|player|p1|Diogirus|pokemonranger-gen4|\n|player|p2|realcomrade379|shadowtriad|\n|gen|9\n|tier|[Gen 9] VGC 2026 Reg I\n|rated|Tournament battle\n|rule|Species Clause: Limit one of each Pok\u00e9mon\n|rule|Item Clause: Limit 1 of each item\n|raw|<div class=\"infobox\"><details class=\"readmore\" open><summary><strong>3 custom rules:</strong></summary> Open Team Sheets, Force Open Team Sheets, !Open Team Sheets</details></div>\n|clearpoke\n|poke|p1|Lunala, L50|\n|poke|p1|Calyrex-Ice, L50|\n|poke|p1|Incineroar, L50, F|\n|poke|p1|Amoonguss, L50, F|\n|poke|p1|Urshifu-*, L50, F|\n|poke|p1|Ursaluna, L50, F|\n|poke|p2|Miraidon, L50|\n|poke|p2|Calyrex-Ice, L50|\n|poke|p2|Urshifu-*, L50, F|\n|poke|p2|Incineroar, L50, F|\n|poke|p2|Landorus, L50, M|\n|poke|p2|Grimmsnarl, L50, M|\n|teampreview|4\n|showteam|p1|Lunala||PowerHerb|ShadowShield|MeteorBeam,Moonblast,MoongeistBeam,WideGuard||||||50|,,,,,Fairy]Calyrex-Ice||ClearAmulet|AsOneGlastrier|GlacialLance,SwordsDance,TrickRoom,Protect||||||50|,,,,,Grass]Incineroar||AssaultVest|Intimidate|Uturn,FakeOut,FlareBlitz,KnockOff|||F|||50|,,,,,Bug]Amoonguss||RockyHelmet|Regenerator|Spore,RagePowder,Protect,SludgeBomb|||F|||50|,,,,,Water]Urshifu-Rapid-Strike||ChoiceBand|UnseenFist|SurgingStrikes,AquaJet,Uturn,CloseCombat|||F|||50|,,,,,Stellar]Ursaluna||FlameOrb|Guts|Earthquake,Protect,HeadlongRush,Facade|||F|||50|,,,,,Ghost\n|showteam|p2|Miraidon||ChoiceSpecs|HadronEngine|ElectroDrift,VoltSwitch,DracoMeteor,DazzlingGleam||||||50|,,,,,Fairy]Calyrex-Ice||Leftovers|AsOneGlastrier|Protect,TrickRoom,LeechSeed,GlacialLance||||||50|,,,,,Water]Urshifu-Rapid-Strike||ChoiceBand|UnseenFist|SurgingStrikes,CloseCombat,Uturn,AquaJet|||F|||50|,,,,,Ghost]Incineroar||AssaultVest|Intimidate|FlareBlitz,KnockOff,Uturn,FakeOut|||F|||50|,,,,,Grass]Landorus||LifeOrb|SheerForce|Protect,Taunt,SludgeBomb,EarthPower|||M|||50|,,,,,Poison]Grimmsnarl||LightClay|Prankster|SpiritBreak,LightScreen,Reflect,ThunderWave|||M|||50|,,,,,Ghost\n|inactive|Battle timer is ON: inactive players will automatically lose when time's up. (requested by realcomrade379)\n|c|\u2606realcomrade379|glhf\n|c|\u2606Diogirus|glhf\n|j| SpatulaHands\n|inactive|Diogirus has 60 seconds left.\n|j| ghostistheman\n|l| SpatulaHands\n|inactive|Diogirus has 30 seconds left.\n|\n|t:|1773945782\n|teamsize|p1|4\n|teamsize|p2|4\n|start\n|switch|p1a: Incineroar|Incineroar, L50, F|100/100\n|switch|p1b: Calyrex|Calyrex-Ice, L50|100/100\n|switch|p2a: Incineroar|Incineroar, L50, F|100/100\n|switch|p2b: Miraidon|Miraidon, L50|100/100\n|-ability|p1b: Calyrex|As One\n|-ability|p1b: Calyrex|Unnerve\n|-fieldstart|move: Electric Terrain|[from] ability: Hadron Engine|[of] p2b: Miraidon\n|-ability|p2a: Incineroar|Intimidate|boost\n|-unboost|p1a: Incineroar|atk|1\n|-fail|p1b: Calyrex|unboost|[from] item: Clear Amulet|[of] p1b: Calyrex\n|-ability|p1a: Incineroar|Intimidate|boost\n|-unboost|p2a: Incineroar|atk|1\n|-unboost|p2b: Miraidon|atk|1\n|turn|1\n|inactive|Diogirus has 30 seconds left.\n|inactive|Diogirus has 20 seconds left.\n|inactive|realcomrade379 has 30 seconds left.\n|inactive|Diogirus has 15 seconds left.\n|inactive|Diogirus has 10 seconds left.\n|\n|t:|1773945832\n|-terastallize|p1b: Calyrex|Grass\n|move|p2a: Incineroar|Fake Out|p1b: Calyrex\n|-damage|p1b: Calyrex|96/100\n|move|p1a: Incineroar|Fake Out|p2a: Incineroar\n|-damage|p2a: Incineroar|93/100\n|move|p2b: Miraidon|Electro Drift|p1a: Incineroar\n|-damage|p1a: Incineroar|29/100\n|cant|p1b: Calyrex|flinch\n|\n|upkeep\n|turn|2\n|inactive|Diogirus has 30 seconds left.\n|inactive|realcomrade379 has 30 seconds left.\n|inactive|Diogirus has 20 seconds left.\n|inactive|realcomrade379 has 20 seconds left.\n|inactive|Diogirus has 15 seconds left.\n|\n|t:|1773945876\n|switch|p1a: Ursaluna|Ursaluna, L50, F|100/100\n|move|p2b: Miraidon|Electro Drift|p1b: Calyrex\n|-resisted|p1b: Calyrex\n|-damage|p1b: Calyrex|44/100\n|move|p2a: Incineroar|Flare Blitz|p1b: Calyrex\n|-supereffective|p1b: Calyrex\n|-damage|p1b: Calyrex|2/100\n|-damage|p2a: Incineroar|81/100|[from] Recoil\n|move|p1b: Calyrex|Trick Room|p1b: Calyrex\n|-fieldstart|move: Trick Room|[of] p1b: Calyrex\n|\n|-status|p1a: Ursaluna|brn|[from] item: Flame Orb\n|upkeep\n|turn|3\n|inactive|Diogirus has 30 seconds left.\n|inactive|Diogirus has 20 seconds left.\n|inactive|Diogirus has 15 seconds left.\n|\n|t:|1773945918\n|switch|p2a: Calyrex|Calyrex-Ice, L50|100/100\n|-ability|p2a: Calyrex|As One\n|-ability|p2a: Calyrex|Unnerve\n|switch|p2b: Urshifu|Urshifu-Rapid-Strike, L50, F|100/100\n|move|p1b: Calyrex|Protect|p1b: Calyrex\n|-singleturn|p1b: Calyrex|Protect\n|move|p1a: Ursaluna|Earthquake|p2a: Calyrex|[spread] p2a,p2b\n|-activate|p1b: Calyrex|move: Protect\n|-damage|p2a: Calyrex|59/100\n|-damage|p2b: Urshifu|37/100\n|\n|-heal|p2a: Calyrex|65/100|[from] item: Leftovers\n|-damage|p1a: Ursaluna|95/100 brn|[from] brn\n|upkeep\n|turn|4\n|inactive|Diogirus has 30 seconds left.\n|inactive|realcomrade379 has 30 seconds left.\n|inactive|Diogirus has 20 seconds left.\n|inactive|Diogirus has 15 seconds left.\n|inactive|Diogirus has 10 seconds left.\n|inactive|Diogirus has 5 seconds left.\n|inactive|realcomrade379 has 20 seconds left.\n|inactive|realcomrade379 has 15 seconds left.\n|\n|t:|1773945976\n|move|p2b: Urshifu|Aqua Jet|p1b: Calyrex\n|-resisted|p1b: Calyrex\n|-damage|p1b: Calyrex|0 fnt\n|faint|p1b: Calyrex\n|move|p1a: Ursaluna|Earthquake|p2a: Calyrex|[spread] p2a,p2b\n|-damage|p2a: Calyrex|27/100\n|-damage|p2b: Urshifu|0 fnt\n|faint|p2b: Urshifu\n|move|p2a: Calyrex|Glacial Lance|p1a: Ursaluna\n|-supereffective|p1a: Ursaluna\n|-damage|p1a: Ursaluna|0 fnt\n|faint|p1a: Ursaluna\n|-ability|p2a: Calyrex|Chilling Neigh|boost\n|-boost|p2a: Calyrex|atk|1\n|\n|-heal|p2a: Calyrex|33/100|[from] item: Leftovers\n|upkeep\n|\n|t:|1773945990\n|switch|p1b: Incineroar|Incineroar, L50, F|29/100\n|switch|p1a: Lunala|Lunala, L50|100/100\n|switch|p2b: Incineroar|Incineroar, L50, F|81/100\n|-ability|p1b: Incineroar|Intimidate|boost\n|-unboost|p2a: Calyrex|atk|1\n|-unboost|p2b: Incineroar|atk|1\n|-ability|p2b: Incineroar|Intimidate|boost\n|-unboost|p1a: Lunala|atk|1\n|-unboost|p1b: Incineroar|atk|1\n|turn|5\n|inactive|Diogirus has 30 seconds left.\n|inactive|realcomrade379 has 30 seconds left.\n|inactive|Diogirus has 20 seconds left.\n|inactive|realcomrade379 has 20 seconds left.\n|inactive|Diogirus has 15 seconds left.\n|inactive|realcomrade379 has 15 seconds left.\n|inactive|realcomrade379 has 10 seconds left.\n|inactive|realcomrade379 has 5 seconds left.\n|\n|t:|1773946042\n|-terastallize|p2b: Incineroar|Grass\n|move|p1b: Incineroar|Fake Out|p2a: Calyrex\n|-damage|p2a: Calyrex|29/100\n|cant|p2a: Calyrex|flinch\n|move|p1a: Lunala|Meteor Beam||[still]\n|-prepare|p1a: Lunala|Meteor Beam\n|-boost|p1a: Lunala|spa|1\n|-enditem|p1a: Lunala|Power Herb\n|-anim|p1a: Lunala|Meteor Beam|p2b: Incineroar\n|-damage|p2b: Incineroar|32/100\n|move|p2b: Incineroar|U-turn|p1a: Lunala\n|-damage|p1a: Lunala|96/100\n|\n|t:|1773946054\n|switch|p2b: Miraidon|Miraidon, L50|100/100|[from] U-turn\n|-activate|p2b: Miraidon|ability: Hadron Engine\n|\n|-heal|p2a: Calyrex|34/100|[from] item: Leftovers\n|-fieldend|move: Electric Terrain\n|upkeep\n|turn|6\n|inactive|Diogirus has 30 seconds left.\n|inactive|Diogirus has 20 seconds left.\n|j| INT Leite Ninho\n|\n|t:|1773946093\n|switch|p2b: Incineroar|Incineroar, L50, F, tera:Grass|32/100\n|-ability|p2b: Incineroar|Intimidate|boost\n|-unboost|p1a: Lunala|atk|1\n|-unboost|p1b: Incineroar|atk|1\n|move|p2a: Calyrex|Leech Seed|p1a: Lunala|[miss]\n|-miss|p2a: Calyrex|p1a: Lunala\n|move|p1b: Incineroar|Knock Off|p2a: Calyrex\n|-supereffective|p2a: Calyrex\n|-damage|p2a: Calyrex|7/100\n|-enditem|p2a: Calyrex|Leftovers|[from] move: Knock Off|[of] p1b: Incineroar\n|move|p1a: Lunala|Moonblast|p2b: Incineroar\n|-damage|p2b: Incineroar|0 fnt\n|faint|p2b: Incineroar\n|\n|-fieldend|move: Trick Room\n|upkeep\n|\n|t:|1773946103\n|switch|p2b: Miraidon|Miraidon, L50|100/100\n|-fieldstart|move: Electric Terrain|[from] ability: Hadron Engine|[of] p2b: Miraidon\n|turn|7\n|\n|t:|1773946126\n|move|p2b: Miraidon|Electro Drift|p1a: Lunala\n|-damage|p1a: Lunala|0 fnt\n|faint|p1a: Lunala\n|move|p1b: Incineroar|Knock Off|p2a: Calyrex\n|-supereffective|p2a: Calyrex\n|-damage|p2a: Calyrex|0 fnt\n|faint|p2a: Calyrex\n|\n|upkeep\n|turn|8\n|c|\u2606realcomrade379|gg\n|\n|t:|1773946138\n|move|p2b: Miraidon|Electro Drift|p1b: Incineroar\n|-damage|p1b: Incineroar|0 fnt\n|faint|p1b: Incineroar\n|\n|win|realcomrade379\n|n|\u2606Diogirus|diogirus\n|n|\u2606realcomrade379|realcomrade379\n|n| ghostistheman|ghostistheman\n|n| INT Leite Ninho|intleiteninho\n","uploadtime":1773946139,"views":21,"formatid":"gen9vgc2026regi","rating":null,"private":0,"password":null}