{"id":"gen9vgc2026regi-2589019784","format":"[Gen 9] VGC 2026 Reg I","players":["icyzal","BenSon_A27_Zong"],"log":"|j|\u2606icyzal\n|j|\u2606BenSon_A27_Zong\n|t:|1776694242\n|gametype|doubles\n|player|p1|icyzal|cynthia-gen4|1368\n|player|p2|BenSon_A27_Zong|bugsy|1522\n|gen|9\n|tier|[Gen 9] VGC 2026 Reg I\n|rated|\n|rule|Species Clause: Limit one of each Pok\u00e9mon\n|rule|Item Clause: Limit 1 of each item\n|clearpoke\n|poke|p1|Zamazenta-*, L50|\n|poke|p1|Torkoal, L50, M|\n|poke|p1|Indeedee-F, L50, F|\n|poke|p1|Annihilape, L50, M|\n|poke|p1|Calyrex-Ice, L50|\n|poke|p1|Hatterene, L50, F|\n|poke|p2|Calyrex-Shadow, L50|\n|poke|p2|Muk-Alola, L50, F|\n|poke|p2|Flamigo, L50, M|\n|poke|p2|Miraidon, L50|\n|poke|p2|Dragonite, L50, M|\n|poke|p2|Smeargle, L50, F|\n|teampreview|4\n|inactive|Battle timer is ON: inactive players will automatically lose when time's up. (requested by BenSon_A27_Zong)\n|\n|t:|1776694268\n|teamsize|p1|4\n|teamsize|p2|4\n|start\n|switch|p1a: Zamazenta|Zamazenta-Crowned, L50, shiny|100/100\n|switch|p1b: Annihilape|Annihilape, L50, M, shiny|100/100\n|switch|p2a: Smeargle|Smeargle, L50, F|100/100\n|switch|p2b: Calyrex|Calyrex-Shadow, L50|100/100\n|-ability|p2b: Calyrex|As One\n|-ability|p2b: Calyrex|Unnerve\n|-ability|p1a: Zamazenta|Dauntless Shield|boost\n|-boost|p1a: Zamazenta|def|1\n|-enditem|p2b: Calyrex|Mirror Herb\n|-boost|p2b: Calyrex|def|1|[from] item: Mirror Herb\n|turn|1\n|\n|t:|1776694275\n|move|p1a: Zamazenta|Wide Guard|p1a: Zamazenta\n|-singleturn|p1a: Zamazenta|Wide Guard\n|move|p2b: Calyrex|Astral Barrage|p1b: Annihilape|[spread] \n|-activate|p1a: Zamazenta|move: Wide Guard\n|-activate|p1b: Annihilape|move: Wide Guard\n|move|p2a: Smeargle|Minimize|p2a: Smeargle\n|-boost|p2a: Smeargle|evasion|2\n|move|p1b: Annihilape|Rage Fist|p2b: Calyrex\n|-supereffective|p2b: Calyrex\n|-damage|p2b: Calyrex|25/100\n|\n|-ability|p2a: Smeargle|Moody|boost\n|-boost|p2a: Smeargle|spd|2\n|-unboost|p2a: Smeargle|spe|1\n|upkeep\n|turn|2\n|\n|t:|1776694304\n|move|p1a: Zamazenta|Wide Guard|p1a: Zamazenta\n|-singleturn|p1a: Zamazenta|Wide Guard\n|move|p2b: Calyrex|Encore|p1a: Zamazenta\n|-start|p1a: Zamazenta|Encore\n|move|p1b: Annihilape|Rage Fist|p2b: Calyrex\n|-supereffective|p2b: Calyrex\n|-damage|p2b: Calyrex|0 fnt\n|faint|p2b: Calyrex\n|move|p2a: Smeargle|Spore|p1b: Annihilape\n|-status|p1b: Annihilape|slp|[from] move: Spore\n|\n|-ability|p2a: Smeargle|Moody|boost\n|-boost|p2a: Smeargle|atk|2\n|-unboost|p2a: Smeargle|def|1\n|upkeep\n|\n|t:|1776694313\n|switch|p2b: Muk|Muk-Alola, L50, F|100/100\n|turn|3\n|\n|t:|1776694322\n|move|p1a: Zamazenta|Wide Guard|p1a: Zamazenta\n|-singleturn|p1a: Zamazenta|Wide Guard\n|cant|p1b: Annihilape|slp\n|move|p2a: Smeargle|Minimize|p2a: Smeargle\n|-boost|p2a: Smeargle|evasion|2\n|move|p2b: Muk|Minimize|p2b: Muk\n|-boost|p2b: Muk|evasion|2\n|\n|-ability|p2a: Smeargle|Moody|boost\n|-boost|p2a: Smeargle|def|2\n|-unboost|p2a: Smeargle|spe|1\n|upkeep\n|turn|4\n|\n|t:|1776694352\n|move|p1a: Zamazenta|Wide Guard|p1a: Zamazenta\n|-singleturn|p1a: Zamazenta|Wide Guard\n|cant|p1b: Annihilape|slp\n|move|p2b: Muk|Minimize|p2b: Muk\n|-boost|p2b: Muk|evasion|2\n|move|p2a: Smeargle|Minimize|p2a: Smeargle\n|-boost|p2a: Smeargle|evasion|2\n|\n|-ability|p2a: Smeargle|Moody|boost\n|-boost|p2a: Smeargle|atk|2\n|-unboost|p2a: Smeargle|spe|1\n|upkeep\n|turn|5\n|\n|t:|1776694359\n|move|p1a: Zamazenta|Wide Guard|p1a: Zamazenta\n|-singleturn|p1a: Zamazenta|Wide Guard\n|cant|p1b: Annihilape|slp\n|move|p2b: Muk|Minimize|p2b: Muk\n|-boost|p2b: Muk|evasion|2\n|move|p2a: Smeargle|Spore|p1a: Zamazenta\n|-status|p1a: Zamazenta|slp|[from] move: Spore\n|\n|-end|p1a: Zamazenta|Encore\n|-ability|p2a: Smeargle|Moody|boost\n|-boost|p2a: Smeargle|spa|2\n|-unboost|p2a: Smeargle|atk|1\n|upkeep\n|turn|6\n|inactive|BenSon_A27_Zong has 30 seconds left.\n|\n|t:|1776694393\n|move|p2a: Smeargle|Follow Me|p2a: Smeargle\n|-singleturn|p2a: Smeargle|move: Follow Me\n|cant|p1a: Zamazenta|slp\n|-curestatus|p1b: Annihilape|slp|[msg]\n|move|p1b: Annihilape|Drain Punch|p2a: Smeargle\n|-supereffective|p2a: Smeargle\n|-enditem|p2a: Smeargle|Focus Sash\n|-damage|p2a: Smeargle|1/100\n|move|p2b: Muk|Poison Jab|p1b: Annihilape\n|-resisted|p1b: Annihilape\n|-damage|p1b: Annihilape|88/100\n|-status|p1b: Annihilape|psn\n|\n|-heal|p1b: Annihilape|94/100 psn|[from] item: Leftovers\n|-damage|p1b: Annihilape|82/100 psn|[from] psn\n|-ability|p2a: Smeargle|Moody|boost\n|-boost|p2a: Smeargle|spe|2\n|-unboost|p2a: Smeargle|atk|1\n|upkeep\n|turn|7\n|\n|t:|1776694417\n|switch|p2a: Flamigo|Flamigo, L50, M|100/100\n|-copyboost|p2a: Flamigo|p2b: Muk|[from] ability: Costar\n|cant|p1a: Zamazenta|slp\n|move|p1b: Annihilape|Drain Punch|p2a: Flamigo|[miss]\n|-miss|p1b: Annihilape|p2a: Flamigo\n|move|p2b: Muk|Poison Jab|p1a: Zamazenta\n|-immune|p1a: Zamazenta\n|\n|-heal|p1b: Annihilape|88/100 psn|[from] item: Leftovers\n|-damage|p1b: Annihilape|75/100 psn|[from] psn\n|upkeep\n|turn|8\n|\n|t:|1776694437\n|move|p2a: Flamigo|Substitute|p2a: Flamigo\n|-start|p2a: Flamigo|Substitute\n|-damage|p2a: Flamigo|76/100\n|-curestatus|p1a: Zamazenta|slp|[msg]\n|move|p1a: Zamazenta|Body Press|p2a: Flamigo\n|-resisted|p2a: Flamigo\n|-end|p2a: Flamigo|Substitute\n|move|p1b: Annihilape|Rage Fist|p2a: Flamigo|[miss]\n|-miss|p1b: Annihilape|p2a: Flamigo\n|move|p2b: Muk|Poison Jab|p1a: Zamazenta\n|-immune|p1a: Zamazenta\n|\n|-heal|p1b: Annihilape|81/100 psn|[from] item: Leftovers\n|-damage|p1b: Annihilape|69/100 psn|[from] psn\n|upkeep\n|turn|9\n|\n|t:|1776694457\n|move|p2a: Flamigo|Substitute|p2a: Flamigo\n|-start|p2a: Flamigo|Substitute\n|-damage|p2a: Flamigo|51/100\n|move|p1a: Zamazenta|Body Press|p2a: Flamigo|[miss]\n|-miss|p1a: Zamazenta|p2a: Flamigo\n|move|p1b: Annihilape|Rage Fist|p2a: Flamigo\n|-end|p2a: Flamigo|Substitute\n|move|p2b: Muk|Poison Jab|p1a: Zamazenta\n|-immune|p1a: Zamazenta\n|\n|-heal|p1b: Annihilape|75/100 psn|[from] item: Leftovers\n|-damage|p1b: Annihilape|62/100 psn|[from] psn\n|upkeep\n|turn|10\n|-message|icyzal forfeited.\n|\n|win|BenSon_A27_Zong\n|raw|icyzal's rating: 1384 &rarr; <strong>1372</strong><br />(-12 for losing)\n|raw|BenSon_A27_Zong's rating: 1522 &rarr; <strong>1534</strong><br />(+12 for winning)\n|l|\u2606icyzal\n|player|p1|\n|l|\u2606BenSon_A27_Zong\n|player|p2|\n","uploadtime":1776694643,"views":6,"formatid":"gen9vgc2026regi","rating":1372,"private":0,"password":null}