{"id":"gen9vgc2026regi-2565228263","format":"[Gen 9] VGC 2026 Reg I","players":["yerinnnqt","XxxInnovationxxX"],"log":"|j|\u2606yerinnnqt\n|j|\u2606XxxInnovationxxX\n|t:|1774247583\n|gametype|doubles\n|player|p1|yerinnnqt|102|1031\n|player|p2|XxxInnovationxxX|169|1078\n|gen|9\n|tier|[Gen 9] VGC 2026 Reg I\n|rated|\n|rule|Species Clause: Limit one of each Pok\u00e9mon\n|rule|Item Clause: Limit 1 of each item\n|clearpoke\n|poke|p1|Koraidon, L50|\n|poke|p1|Calyrex-Ice, L50|\n|poke|p1|Incineroar, L50, M|\n|poke|p1|Amoonguss, L50, F|\n|poke|p1|Flutter Mane, L50|\n|poke|p1|Farigiraf, L50, M|\n|poke|p2|Whimsicott, L50, M|\n|poke|p2|Koraidon, L50|\n|poke|p2|Flutter Mane, L50|\n|poke|p2|Urshifu-*, L50, F|\n|poke|p2|Indeedee-F, L50, F|\n|poke|p2|Calyrex-Shadow, L50|\n|teampreview|4\n|\n|t:|1774247650\n|teamsize|p1|4\n|teamsize|p2|4\n|start\n|switch|p1a: Koraidon|Koraidon, L50, shiny|100/100\n|switch|p1b: Incineroar|Incineroar, L50, M|100/100\n|switch|p2a: Calyrex|Calyrex-Shadow, L50|100/100\n|switch|p2b: Urshifu|Urshifu, L50, F|100/100\n|-ability|p2a: Calyrex|As One\n|-ability|p2a: Calyrex|Unnerve\n|-weather|SunnyDay|[from] ability: Orichalcum Pulse|[of] p1a: Koraidon\n|-activate|p1a: Koraidon|Orichalcum Pulse|[source]\n|-ability|p1b: Incineroar|Intimidate|boost\n|-unboost|p2a: Calyrex|atk|1\n|-unboost|p2b: Urshifu|atk|1\n|turn|1\n|inactive|Battle timer is ON: inactive players will automatically lose when time's up. (requested by XxxInnovationxxX)\n|inactive|yerinnnqt has 60 seconds left.\n|inactive|XxxInnovationxxX has 60 seconds left.\n|\n|t:|1774247694\n|switch|p2b: Indeedee|Indeedee-F, L50, F|100/100\n|-fieldstart|move: Psychic Terrain|[from] ability: Psychic Surge|[of] p2b: Indeedee\n|-terastallize|p2a: Calyrex|Fairy\n|move|p2a: Calyrex|Expanding Force|p1a: Koraidon|[spread] p1a\n|-immune|p1b: Incineroar\n|-supereffective|p1a: Koraidon\n|-damage|p1a: Koraidon|0 fnt\n|faint|p1a: Koraidon\n|-ability|p2a: Calyrex|Grim Neigh|boost\n|-boost|p2a: Calyrex|spa|1\n|move|p1b: Incineroar|Knock Off|p2a: Calyrex\n|-resisted|p2a: Calyrex\n|-damage|p2a: Calyrex|78/100\n|-enditem|p2a: Calyrex|Focus Sash|[from] move: Knock Off|[of] p1b: Incineroar\n|\n|-weather|SunnyDay|[upkeep]\n|upkeep\n|inactive|yerinnnqt has 30 seconds left.\n|\n|t:|1774247723\n|switch|p1a: Farigiraf|Farigiraf, L50, M|100/100\n|turn|2\n|inactive|XxxInnovationxxX has 30 seconds left.\n|\n|t:|1774247753\n|move|p2b: Indeedee|Helping Hand|p2a: Calyrex\n|-singleturn|p2a: Calyrex|Helping Hand|[of] p2b: Indeedee\n|move|p2a: Calyrex|Tera Blast|p1a: Farigiraf|[anim] Tera Blast Fairy\n|-damage|p1a: Farigiraf|12/100\n|move|p1b: Incineroar|Parting Shot|p2a: Calyrex\n|-unboost|p2a: Calyrex|atk|1\n|-unboost|p2a: Calyrex|spa|1\n|\n|t:|1774247768\n|switch|p1b: Calyrex|Calyrex-Ice, L50|100/100|[from] Parting Shot\n|-ability|p1b: Calyrex|As One\n|-ability|p1b: Calyrex|Unnerve\n|move|p1a: Farigiraf|Trick Room|p1a: Farigiraf\n|-fieldstart|move: Trick Room|[of] p1a: Farigiraf\n|\n|-weather|SunnyDay|[upkeep]\n|upkeep\n|turn|3\n|\n|t:|1774247785\n|move|p1a: Farigiraf|Protect|p1a: Farigiraf\n|-singleturn|p1a: Farigiraf|Protect\n|move|p1b: Calyrex|Glacial Lance|p2b: Indeedee|[spread] p2a,p2b\n|-crit|p2b: Indeedee\n|-damage|p2a: Calyrex|9/100\n|-damage|p2b: Indeedee|17/100\n|move|p2a: Calyrex|Astral Barrage|p1a: Farigiraf|[spread] p1b\n|-activate|p1a: Farigiraf|move: Protect\n|-supereffective|p1b: Calyrex\n|-damage|p1b: Calyrex|19/100\n|move|p2b: Indeedee|Trick Room|p2b: Indeedee\n|-fieldend|move: Trick Room\n|\n|-weather|SunnyDay|[upkeep]\n|upkeep\n|turn|4\n|\n|t:|1774247805\n|move|p2b: Indeedee|Helping Hand|p2a: Calyrex\n|-singleturn|p2a: Calyrex|Helping Hand|[of] p2b: Indeedee\n|move|p1a: Farigiraf|Helping Hand|p1b: Calyrex\n|-singleturn|p1b: Calyrex|Helping Hand|[of] p1a: Farigiraf\n|move|p2a: Calyrex|Expanding Force|p1b: Calyrex|[spread] p1a,p1b\n|-resisted|p1a: Farigiraf\n|-resisted|p1b: Calyrex\n|-damage|p1a: Farigiraf|0 fnt\n|-damage|p1b: Calyrex|0 fnt\n|faint|p1a: Farigiraf\n|faint|p1b: Calyrex\n|-ability|p2a: Calyrex|Grim Neigh|boost\n|-boost|p2a: Calyrex|spa|2\n|\n|-weather|SunnyDay|[upkeep]\n|upkeep\n|\n|t:|1774247822\n|switch|p1b: Incineroar|Incineroar, L50, M|100/100\n|-ability|p1b: Incineroar|Intimidate|boost\n|-unboost|p2a: Calyrex|atk|1\n|-unboost|p2b: Indeedee|atk|1\n|turn|5\n|\n|t:|1774247834\n|move|p2b: Indeedee|Helping Hand|p2a: Calyrex\n|-singleturn|p2a: Calyrex|Helping Hand|[of] p2b: Indeedee\n|move|p1b: Incineroar|Fake Out|p2a: Calyrex\n|-activate|p2a: Calyrex|move: Psychic Terrain\n|move|p2a: Calyrex|Tera Blast|p1b: Incineroar|[anim] Tera Blast Fairy\n|-damage|p1b: Incineroar|0 fnt\n|faint|p1b: Incineroar\n|\n|win|XxxInnovationxxX\n|raw|yerinnnqt's rating: 1031 &rarr; <strong>1018</strong><br />(-13 for losing)\n|raw|XxxInnovationxxX's rating: 1078 &rarr; <strong>1102</strong><br />(+24 for winning)\n|l|\u2606XxxInnovationxxX\n|player|p2|\n","uploadtime":1774247844,"views":13,"formatid":"gen9vgc2026regi","rating":1018,"private":0,"password":null}