{"id":"gen9vgc2026regi-2564517821","format":"[Gen 9] VGC 2026 Reg I","players":["alexit93","jeyisthename"],"log":"|j|\u2606alexit93\n|j|\u2606jeyisthename\n|t:|1774156261\n|gametype|doubles\n|player|p1|alexit93|lucas-gen4pt|1414\n|player|p2|jeyisthename|barry|1381\n|gen|9\n|tier|[Gen 9] VGC 2026 Reg I\n|rated|\n|rule|Species Clause: Limit one of each Pok\u00e9mon\n|rule|Item Clause: Limit 1 of each item\n|clearpoke\n|poke|p1|Zamazenta-*, L50|\n|poke|p1|Chien-Pao, L50|\n|poke|p1|Calyrex-Shadow, L50|\n|poke|p1|Whimsicott, L50, F|\n|poke|p1|Rillaboom, L50, M|\n|poke|p1|Landorus, L50, M|\n|poke|p2|Miraidon, L50|\n|poke|p2|Calyrex-Ice, L50|\n|poke|p2|Amoonguss, L50, F|\n|poke|p2|Incineroar, L50, M|\n|poke|p2|Urshifu-*, L50, M|\n|poke|p2|Landorus, L50, M|\n|teampreview|4\n|\n|t:|1774156307\n|teamsize|p1|4\n|teamsize|p2|4\n|start\n|switch|p1a: Calyrex|Calyrex-Shadow, L50|100/100\n|switch|p1b: Zamazenta|Zamazenta-Crowned, L50, shiny|100/100\n|switch|p2a: Incineroar|Incineroar, L50, M|100/100\n|switch|p2b: Landorus|Landorus, L50, M|100/100\n|-ability|p1a: Calyrex|As One\n|-ability|p1a: Calyrex|Unnerve\n|-ability|p1b: Zamazenta|Dauntless Shield|boost\n|-boost|p1b: Zamazenta|def|1\n|-ability|p2a: Incineroar|Intimidate|boost\n|-unboost|p1a: Calyrex|atk|1\n|-unboost|p1b: Zamazenta|atk|1\n|turn|1\n|\n|t:|1774156341\n|move|p1a: Calyrex|Protect|p1a: Calyrex\n|-singleturn|p1a: Calyrex|Protect\n|move|p1b: Zamazenta|Protect|p1b: Zamazenta\n|-singleturn|p1b: Zamazenta|Protect\n|move|p2b: Landorus|Earth Power|p1b: Zamazenta\n|-activate|p1b: Zamazenta|move: Protect\n|move|p2a: Incineroar|Knock Off|p1a: Calyrex\n|-activate|p1a: Calyrex|move: Protect\n|\n|upkeep\n|turn|2\n|\n|t:|1774156379\n|switch|p2a: Amoonguss|Amoonguss, L50, F|100/100\n|-terastallize|p1b: Zamazenta|Dragon\n|move|p1a: Calyrex|Astral Barrage|p2a: Amoonguss|[spread] p2a,p2b\n|-damage|p2a: Amoonguss|45/100\n|-damage|p2b: Landorus|45/100\n|move|p1b: Zamazenta|Body Press|p2a: Amoonguss\n|-resisted|p2a: Amoonguss\n|-damage|p2a: Amoonguss|16/100\n|-damage|p1b: Zamazenta|84/100|[from] item: Rocky Helmet|[of] p2a: Amoonguss\n|move|p2b: Landorus|Earth Power|p1b: Zamazenta\n|-damage|p1b: Zamazenta|23/100\n|\n|upkeep\n|turn|3\n|inactive|Battle timer is ON: inactive players will automatically lose when time's up. (requested by alexit93)\n|\n|t:|1774156433\n|switch|p2a: Incineroar|Incineroar, L50, M|100/100\n|-ability|p2a: Incineroar|Intimidate|boost\n|-unboost|p1a: Calyrex|atk|1\n|-unboost|p1b: Zamazenta|atk|1\n|move|p1a: Calyrex|Astral Barrage|p2a: Incineroar|[spread] p2a,p2b\n|-resisted|p2a: Incineroar\n|-damage|p2a: Incineroar|82/100\n|-damage|p2b: Landorus|0 fnt\n|faint|p2b: Landorus\n|-ability|p1a: Calyrex|Grim Neigh|boost\n|-boost|p1a: Calyrex|spa|1\n|move|p1b: Zamazenta|Behemoth Bash|p2a: Incineroar\n|-resisted|p2a: Incineroar\n|-damage|p2a: Incineroar|73/100\n|\n|upkeep\n|\n|t:|1774156451\n|switch|p2b: Calyrex|Calyrex-Ice, L50|100/100\n|-ability|p2b: Calyrex|As One\n|-ability|p2b: Calyrex|Unnerve\n|turn|4\n|\n|t:|1774156469\n|-terastallize|p2b: Calyrex|Fire\n|move|p2a: Incineroar|Fake Out|p1b: Zamazenta\n|-damage|p1b: Zamazenta|17/100\n|move|p1a: Calyrex|Astral Barrage|p2b: Calyrex|[spread] p2a,p2b\n|-resisted|p2a: Incineroar\n|-damage|p2a: Incineroar|46/100\n|-damage|p2b: Calyrex|52/100\n|cant|p1b: Zamazenta|flinch\n|move|p2b: Calyrex|Trick Room|p2b: Calyrex\n|-fieldstart|move: Trick Room|[of] p2b: Calyrex\n|\n|upkeep\n|turn|5\n|\n|t:|1774156484\n|move|p1b: Zamazenta|Protect|p1b: Zamazenta\n|-singleturn|p1b: Zamazenta|Protect\n|move|p1a: Calyrex|Protect|p1a: Calyrex\n|-singleturn|p1a: Calyrex|Protect\n|move|p2b: Calyrex|Glacial Lance|p1b: Zamazenta|[spread] \n|-activate|p1a: Calyrex|move: Protect\n|-activate|p1b: Zamazenta|move: Protect\n|move|p2a: Incineroar|Knock Off|p1a: Calyrex\n|-activate|p1a: Calyrex|move: Protect\n|\n|upkeep\n|turn|6\n|\n|t:|1774156501\n|move|p1b: Zamazenta|Wide Guard|p1b: Zamazenta\n|-singleturn|p1b: Zamazenta|Wide Guard\n|move|p2b: Calyrex|Glacial Lance|p1b: Zamazenta|[spread] \n|-activate|p1a: Calyrex|move: Wide Guard\n|-activate|p1b: Zamazenta|move: Wide Guard\n|move|p2a: Incineroar|Knock Off|p1a: Calyrex\n|-supereffective|p1a: Calyrex\n|-enditem|p1a: Calyrex|Focus Sash\n|-damage|p1a: Calyrex|1/100\n|move|p1a: Calyrex|Astral Barrage|p2a: Incineroar|[spread] p2a,p2b\n|-resisted|p2a: Incineroar\n|-damage|p2a: Incineroar|23/100\n|-damage|p2b: Calyrex|4/100\n|\n|upkeep\n|turn|7\n|inactive|jeyisthename has 30 seconds left.\n|inactive|alexit93 has 30 seconds left.\n|inactive|jeyisthename has 20 seconds left.\n|\n|t:|1774156538\n|switch|p1a: Rillaboom|Rillaboom, L50, M|100/100\n|-fieldstart|move: Grassy Terrain|[from] ability: Grassy Surge|[of] p1a: Rillaboom\n|move|p1b: Zamazenta|Wide Guard|p1b: Zamazenta\n|-singleturn|p1b: Zamazenta|Wide Guard\n|move|p2b: Calyrex|High Horsepower|p1b: Zamazenta\n|-damage|p1b: Zamazenta|2/100\n|move|p2a: Incineroar|U-turn|p1a: Rillaboom\n|-supereffective|p1a: Rillaboom\n|-damage|p1a: Rillaboom|52/100\n|\n|t:|1774156548\n|switch|p2a: Amoonguss|Amoonguss, L50, F|49/100|[from] U-turn\n|\n|-heal|p2a: Amoonguss|55/100|[from] Grassy Terrain\n|-heal|p2b: Calyrex|10/100|[from] Grassy Terrain\n|-heal|p1a: Rillaboom|58/100|[from] Grassy Terrain\n|-heal|p1b: Zamazenta|8/100|[from] Grassy Terrain\n|upkeep\n|turn|8\n|inactive|jeyisthename has 30 seconds left.\n|inactive|jeyisthename has 20 seconds left.\n|inactive|jeyisthename has 15 seconds left.\n|\n|t:|1774156589\n|switch|p2b: Incineroar|Incineroar, L50, M|23/100\n|-ability|p2b: Incineroar|Intimidate|boost\n|-unboost|p1a: Rillaboom|atk|1\n|-unboost|p1b: Zamazenta|atk|1\n|switch|p1b: Chien-Pao|Chien-Pao, L50|100/100\n|-ability|p1b: Chien-Pao|Sword of Ruin\n|move|p1a: Rillaboom|Fake Out|p2b: Incineroar\n|-damage|p2b: Incineroar|12/100\n|move|p2a: Amoonguss|Spore|p1b: Chien-Pao\n|-status|p1b: Chien-Pao|slp|[from] move: Spore\n|\n|-heal|p2a: Amoonguss|61/100|[from] Grassy Terrain\n|-heal|p2b: Incineroar|18/100|[from] Grassy Terrain\n|-heal|p1a: Rillaboom|64/100|[from] Grassy Terrain\n|-fieldend|move: Trick Room\n|upkeep\n|turn|9\n|\n|t:|1774156611\n|switch|p1a: Zamazenta|Zamazenta-Crowned, L50, shiny, tera:Dragon|8/100\n|move|p2b: Incineroar|Fake Out|p1a: Zamazenta\n|-damage|p1a: Zamazenta|0 fnt\n|faint|p1a: Zamazenta\n|cant|p1b: Chien-Pao|slp\n|move|p2a: Amoonguss|Pollen Puff|p2b: Incineroar\n|-heal|p2b: Incineroar|68/100\n|\n|-heal|p2b: Incineroar|74/100|[from] Grassy Terrain\n|-heal|p2a: Amoonguss|67/100|[from] Grassy Terrain\n|upkeep\n|\n|t:|1774156623\n|switch|p1a: Rillaboom|Rillaboom, L50, M|64/100\n|turn|10\n|\n|t:|1774156633\n|move|p1a: Rillaboom|Fake Out|p2b: Incineroar\n|-damage|p2b: Incineroar|57/100\n|move|p2a: Amoonguss|Rage Powder|p2a: Amoonguss\n|-singleturn|p2a: Amoonguss|move: Rage Powder\n|cant|p1b: Chien-Pao|slp\n|cant|p2b: Incineroar|flinch\n|\n|-heal|p1a: Rillaboom|70/100|[from] Grassy Terrain\n|-heal|p2b: Incineroar|63/100|[from] Grassy Terrain\n|-heal|p2a: Amoonguss|73/100|[from] Grassy Terrain\n|upkeep\n|turn|11\n|\n|t:|1774156644\n|switch|p2b: Calyrex|Calyrex-Ice, L50, tera:Fire|10/100\n|-ability|p2b: Calyrex|As One\n|-ability|p2b: Calyrex|Unnerve\n|move|p2a: Amoonguss|Rage Powder|p2a: Amoonguss\n|-singleturn|p2a: Amoonguss|move: Rage Powder\n|-curestatus|p1b: Chien-Pao|slp|[msg]\n|move|p1b: Chien-Pao|Ice Spinner|p2a: Amoonguss\n|-supereffective|p2a: Amoonguss\n|-damage|p2a: Amoonguss|0 fnt\n|-damage|p1b: Chien-Pao|84/100|[from] item: Rocky Helmet|[of] p2a: Amoonguss\n|-fieldend|move: Grassy Terrain\n|faint|p2a: Amoonguss\n|move|p1a: Rillaboom|High Horsepower|p2b: Calyrex\n|-supereffective|p2b: Calyrex\n|-damage|p2b: Calyrex|0 fnt\n|faint|p2b: Calyrex\n|\n|upkeep\n|c|\u2606jeyisthename|ggs\n|-message|jeyisthename forfeited.\n|\n|win|alexit93\n|raw|alexit93's rating: 1414 &rarr; <strong>1432</strong><br />(+18 for winning)\n|raw|jeyisthename's rating: 1381 &rarr; <strong>1363</strong><br />(-18 for losing)\n|l|\u2606jeyisthename\n|player|p2|\n|l|\u2606alexit93\n|player|p1|\n","uploadtime":1774156906,"views":11,"formatid":"gen9vgc2026regi","rating":1363,"private":0,"password":null}