{"id":"gen9vgc2026regi-2590711427","format":"[Gen 9] VGC 2026 Reg I","players":["jed54321","VJ2511"],"log":"|j|\u2606jed54321\n|j|\u2606VJ2511\n|t:|1776837875\n|gametype|doubles\n|player|p1|jed54321|265|1504\n|player|p2|VJ2511|169|1665\n|gen|9\n|tier|[Gen 9] VGC 2026 Reg I\n|rated|\n|rule|Species Clause: Limit one of each Pok\u00e9mon\n|rule|Item Clause: Limit 1 of each item\n|clearpoke\n|poke|p1|Calyrex-Shadow, L50|\n|poke|p1|Zamazenta-*, L50|\n|poke|p1|Chien-Pao, L50|\n|poke|p1|Dragonite, L50, M|\n|poke|p1|Raging Bolt, L50|\n|poke|p1|Amoonguss, L50, F|\n|poke|p2|Calyrex-Shadow, L50|\n|poke|p2|Zamazenta-*, L50|\n|poke|p2|Chien-Pao, L50|\n|poke|p2|Dragonite, L50, M|\n|poke|p2|Raging Bolt, L50|\n|poke|p2|Amoonguss, L50, M|\n|teampreview|4\n|inactive|Battle timer is ON: inactive players will automatically lose when time's up. (requested by VJ2511)\n|inactive|jed54321 has 60 seconds left.\n|\n|t:|1776837913\n|teamsize|p1|4\n|teamsize|p2|4\n|start\n|switch|p1a: Verizon|Amoonguss, L50, F|100/100\n|switch|p1b: Arlie|Chien-Pao, L50|100/100\n|switch|p2a: Zamazenta|Zamazenta-Crowned, L50|100/100\n|switch|p2b: Chien-Pao|Chien-Pao, L50|100/100\n|-ability|p2b: Chien-Pao|Sword of Ruin\n|-ability|p1b: Arlie|Sword of Ruin\n|-ability|p2a: Zamazenta|Dauntless Shield|boost\n|-boost|p2a: Zamazenta|def|1\n|turn|1\n|\n|t:|1776837927\n|move|p1a: Verizon|Protect|p1a: Verizon\n|-singleturn|p1a: Verizon|Protect\n|move|p2b: Chien-Pao|Ice Spinner|p1a: Verizon\n|-activate|p1a: Verizon|move: Protect\n|move|p1b: Arlie|Ruination|p2a: Zamazenta\n|-damage|p2a: Zamazenta|51/100\n|move|p2a: Zamazenta|Heavy Slam|p1a: Verizon\n|-activate|p1a: Verizon|move: Protect\n|\n|upkeep\n|turn|2\n|inactive|jed54321 has 30 seconds left.\n|\n|t:|1776837956\n|switch|p1b: PinkPonyClub|Calyrex-Shadow, L50|100/100\n|-ability|p1b: PinkPonyClub|As One\n|-ability|p1b: PinkPonyClub|Unnerve\n|-terastallize|p1a: Verizon|Water\n|move|p2b: Chien-Pao|Ice Spinner|p1a: Verizon\n|-resisted|p1a: Verizon\n|-damage|p1a: Verizon|79/100\n|-damage|p2b: Chien-Pao|84/100|[from] item: Rocky Helmet|[of] p1a: Verizon\n|move|p2a: Zamazenta|Heavy Slam|p1b: PinkPonyClub\n|-damage|p1b: PinkPonyClub|22/100\n|move|p1a: Verizon|Spore|p2b: Chien-Pao\n|-status|p2b: Chien-Pao|slp|[from] move: Spore\n|\n|upkeep\n|turn|3\n|\n|t:|1776837980\n|cant|p2b: Chien-Pao|slp\n|move|p1b: PinkPonyClub|Psychic|p2a: Zamazenta\n|-damage|p2a: Zamazenta|15/100\n|move|p2a: Zamazenta|Body Press|p1a: Verizon\n|-damage|p1a: Verizon|5/100\n|-damage|p2a: Zamazenta|0 fnt|[from] item: Rocky Helmet|[of] p1a: Verizon\n|faint|p2a: Zamazenta\n|move|p1a: Verizon|Spore|p2b: Chien-Pao\n|-fail|p2b: Chien-Pao|slp\n|\n|upkeep\n|\n|t:|1776837992\n|switch|p2a: Calyrex|Calyrex-Shadow, L50|100/100\n|-ability|p2a: Calyrex|As One\n|-ability|p2a: Calyrex|Unnerve\n|turn|4\n|\n|t:|1776838005\n|move|p1b: PinkPonyClub|Protect|p1b: PinkPonyClub\n|-singleturn|p1b: PinkPonyClub|Protect\n|-curestatus|p2b: Chien-Pao|slp|[msg]\n|move|p2b: Chien-Pao|Sucker Punch||[still]\n|-fail|p2b: Chien-Pao\n|move|p2a: Calyrex|Astral Barrage|p1a: Verizon|[spread] p1a\n|-activate|p1b: PinkPonyClub|move: Protect\n|-damage|p1a: Verizon|0 fnt\n|faint|p1a: Verizon\n|-ability|p2a: Calyrex|Grim Neigh|boost\n|-boost|p2a: Calyrex|spa|1\n|\n|upkeep\n|\n|t:|1776838012\n|switch|p1a: protec|Zamazenta-Crowned, L50|100/100\n|-ability|p1a: protec|Dauntless Shield|boost\n|-boost|p1a: protec|def|1\n|turn|5\n|\n|t:|1776838027\n|-terastallize|p2a: Calyrex|Ghost\n|move|p1b: PinkPonyClub|Encore|p2b: Chien-Pao\n|-start|p2b: Chien-Pao|Encore\n|move|p2a: Calyrex|Astral Barrage|p1a: protec|[spread] p1a,p1b\n|-supereffective|p1b: PinkPonyClub\n|-damage|p1a: protec|24/100\n|-damage|p1b: PinkPonyClub|0 fnt\n|faint|p1b: PinkPonyClub\n|-ability|p2a: Calyrex|Grim Neigh|boost\n|-boost|p2a: Calyrex|spa|1\n|move|p2b: Chien-Pao|Sucker Punch|p1a: protec\n|-resisted|p1a: protec\n|-damage|p1a: protec|17/100\n|move|p1a: protec|Body Press|p2b: Chien-Pao\n|-supereffective|p2b: Chien-Pao\n|-damage|p2b: Chien-Pao|0 fnt\n|faint|p2b: Chien-Pao\n|\n|upkeep\n|\n|t:|1776838038\n|switch|p1b: Arlie|Chien-Pao, L50|100/100\n|switch|p2b: Dragonite|Dragonite, L50, M, shiny|100/100\n|-ability|p1b: Arlie|Sword of Ruin\n|turn|6\n|\n|t:|1776838052\n|move|p1a: protec|Wide Guard|p1a: protec\n|-singleturn|p1a: protec|Wide Guard\n|move|p2b: Dragonite|Extreme Speed|p1b: Arlie\n|-damage|p1b: Arlie|41/100\n|move|p2a: Calyrex|Psychic|p1a: protec\n|-damage|p1a: protec|0 fnt\n|faint|p1a: protec\n|-ability|p2a: Calyrex|Grim Neigh|boost\n|-boost|p2a: Calyrex|spa|1\n|move|p1b: Arlie|Icy Wind|p2b: Dragonite|[spread] p2a,p2b\n|-supereffective|p2b: Dragonite\n|-damage|p2a: Calyrex|90/100\n|-damage|p2b: Dragonite|56/100\n|-unboost|p2a: Calyrex|spe|1\n|-unboost|p2b: Dragonite|spe|1\n|\n|upkeep\n|turn|7\n|\n|t:|1776838062\n|move|p2b: Dragonite|Extreme Speed|p1b: Arlie\n|-damage|p1b: Arlie|0 fnt\n|faint|p1b: Arlie\n|\n|win|VJ2511\n|raw|jed54321's rating: 1504 &rarr; <strong>1493</strong><br />(-11 for losing)\n|raw|VJ2511's rating: 1665 &rarr; <strong>1676</strong><br />(+11 for winning)\n|l|\u2606jed54321\n|player|p1|\n|l|\u2606VJ2511\n|player|p2|\n","uploadtime":1776838067,"views":16,"formatid":"gen9vgc2026regi","rating":1493,"private":0,"password":null}