{"id":"gen9vgc2026regi-2578177258","format":"[Gen 9] VGC 2026 Reg I","players":["kunwarstein","SycrasisEU"],"log":"|j|\u2606kunwarstein\n|j|\u2606SycrasisEU\n|t:|1775656313\n|gametype|doubles\n|player|p1|kunwarstein|sabrina|1182\n|player|p2|SycrasisEU|byron|1245\n|gen|9\n|tier|[Gen 9] VGC 2026 Reg I\n|rated|\n|rule|Species Clause: Limit one of each Pok\u00e9mon\n|rule|Item Clause: Limit 1 of each item\n|clearpoke\n|poke|p1|Zekrom, L50|\n|poke|p1|Samurott-Hisui, L50, F|\n|poke|p1|Zoroark-Hisui, L50, M|\n|poke|p1|Reshiram, L50|\n|poke|p1|Amoonguss, L50, F|\n|poke|p1|Volcarona, L50, F|\n|poke|p2|Terapagos, L50, M|\n|poke|p2|Rillaboom, L50, F|\n|poke|p2|Grimmsnarl, L50, M|\n|poke|p2|Calyrex-Shadow, L50|\n|poke|p2|Incineroar, L50, M|\n|poke|p2|Volcarona, L50, M|\n|teampreview|4\n|inactive|Battle timer is ON: inactive players will automatically lose when time's up. (requested by kunwarstein)\nSycrasisEU has agreed to open team sheets.\nkunwarstein rejected open team sheets.\n|inactive|SycrasisEU has 60 seconds left.\n|\n|t:|1775656357\n|teamsize|p1|4\n|teamsize|p2|4\n|start\n|switch|p1a: Zekrom|Zekrom, L50|100/100\n|switch|p1b: Samurott|Samurott-Hisui, L50, F|100/100\n|switch|p2a: Terapagos|Terapagos, L50, M|100/100\n|switch|p2b: Incineroar|Incineroar, L50, M, shiny|100/100\n|-activate|p2a: Terapagos|ability: Tera Shift\n|detailschange|p2a: Terapagos|Terapagos-Terastal, L50, M\n|-heal|p2a: Terapagos|100/100|[silent]\n|-ability|p1a: Zekrom|Teravolt\n|-ability|p2b: Incineroar|Intimidate|boost\n|-fail|p1a: Zekrom|unboost|[from] item: Clear Amulet|[of] p1a: Zekrom\n|-unboost|p1b: Samurott|atk|1\n|turn|1\n|\n|t:|1775656364\n|move|p2b: Incineroar|Fake Out|p1a: Zekrom\n|-damage|p1a: Zekrom|91/100\n|move|p1b: Samurott|Focus Blast|p2b: Incineroar|[miss]\n|-miss|p1b: Samurott|p2b: Incineroar\n|cant|p1a: Zekrom|flinch\n|move|p2a: Terapagos|Calm Mind|p2a: Terapagos\n|-boost|p2a: Terapagos|spa|1\n|-boost|p2a: Terapagos|spd|1\n|\n|upkeep\n|turn|2\n|inactive|SycrasisEU has 30 seconds left.\n|\n|t:|1775656392\n|move|p2a: Terapagos|Protect|p2a: Terapagos\n|-singleturn|p2a: Terapagos|Protect\n|move|p1b: Samurott|Focus Blast|p2a: Terapagos\n|-activate|p2a: Terapagos|move: Protect\n|move|p1a: Zekrom|Fusion Bolt|p2a: Terapagos\n|-activate|p2a: Terapagos|move: Protect\n|move|p2b: Incineroar|Parting Shot|p1b: Samurott\n|-unboost|p1b: Samurott|atk|1\n|-unboost|p1b: Samurott|spa|1\n|\n|t:|1775656402\n|switch|p2b: Volcarona|Volcarona, L50, M|100/100|[from] Parting Shot\n|\n|upkeep\n|turn|3\n|\n|t:|1775656411\n|switch|p1b: Reshiram|Reshiram, L50|100/100\n|-ability|p1b: Reshiram|Turboblaze\n|move|p2b: Volcarona|Rage Powder|p2b: Volcarona\n|-singleturn|p2b: Volcarona|move: Rage Powder\n|move|p1a: Zekrom|Dragon Dance|p1a: Zekrom\n|-boost|p1a: Zekrom|atk|1\n|-boost|p1a: Zekrom|spe|1\n|move|p2a: Terapagos|Calm Mind|p2a: Terapagos\n|-boost|p2a: Terapagos|spa|1\n|-boost|p2a: Terapagos|spd|1\n|\n|upkeep\n|turn|4\n|\n|t:|1775656424\n|move|p2a: Terapagos|Protect|p2a: Terapagos\n|-singleturn|p2a: Terapagos|Protect\n|move|p1b: Reshiram|Fusion Flare|p2b: Volcarona\n|-damage|p2b: Volcarona|53/100\n|move|p1a: Zekrom|Fusion Bolt|p2b: Volcarona\n|-damage|p2b: Volcarona|0 fnt\n|faint|p2b: Volcarona\n|\n|upkeep\n|\n|t:|1775656438\n|switch|p2b: Calyrex|Calyrex-Shadow, L50|100/100\n|-ability|p2b: Calyrex|As One\n|-ability|p2b: Calyrex|Unnerve\n|turn|5\n|\n|t:|1775656448\n|-terastallize|p2a: Terapagos|Stellar\n|detailschange|p2a: Terapagos|Terapagos-Stellar, L50, M, tera:Stellar\n|-heal|p2a: Terapagos|100/100|[silent]\n|move|p1b: Reshiram|Fusion Flare|p2a: Terapagos\n|-damage|p2a: Terapagos|83/100\n|move|p1a: Zekrom|Fusion Bolt|p2b: Calyrex\n|-damage|p2b: Calyrex|0 fnt\n|faint|p2b: Calyrex\n|move|p2a: Terapagos|Tera Starstorm|p1a: Zekrom|[spread] p1a,p1b\n|-damage|p1a: Zekrom|0 fnt\n|-damage|p1b: Reshiram|24/100\n|faint|p1a: Zekrom\n|\n|-heal|p2a: Terapagos|89/100|[from] item: Leftovers\n|upkeep\n|\n|t:|1775656464\n|switch|p2b: Incineroar|Incineroar, L50, M, shiny|100/100\n|switch|p1a: Samurott|Samurott-Hisui, L50, F|100/100\n|-ability|p2b: Incineroar|Intimidate|boost\n|-unboost|p1a: Samurott|atk|1\n|-unboost|p1b: Reshiram|atk|1\n|turn|6\n|\n|t:|1775656475\n|move|p2b: Incineroar|Fake Out|p1a: Samurott\n|-immune|p1a: Samurott\n|move|p1b: Reshiram|Fusion Flare|p2b: Incineroar\n|-resisted|p2b: Incineroar\n|-damage|p2b: Incineroar|76/100\n|move|p1a: Samurott|Focus Blast|p2a: Terapagos\n|-supereffective|p2a: Terapagos\n|-damage|p2a: Terapagos|48/100\n|move|p2a: Terapagos|Tera Starstorm|p1b: Reshiram|[spread] p1a,p1b\n|-damage|p1a: Samurott|0 fnt\n|-damage|p1b: Reshiram|0 fnt\n|replace|p1a: Zoroark|Zoroark-Hisui, L50, M\n|-end|p1a: Zoroark|Illusion\n|faint|p1a: Zoroark\n|faint|p1b: Reshiram\n|\n|-heal|p2a: Terapagos|54/100|[from] item: Leftovers\n|upkeep\n|\n|t:|1775656486\n|switch|p1b: Samurott|Samurott-Hisui, L50, F|100/100\n|turn|7\n|\n|t:|1775656505\n|move|p2a: Terapagos|Protect|p2a: Terapagos\n|-singleturn|p2a: Terapagos|Protect\n|move|p1b: Samurott|Aqua Cutter|p2b: Incineroar\n|-supereffective|p2b: Incineroar\n|-crit|p2b: Incineroar\n|-damage|p2b: Incineroar|0 fnt\n|faint|p2b: Incineroar\n|\n|-heal|p2a: Terapagos|60/100|[from] item: Leftovers\n|upkeep\n|turn|8\n|\n|t:|1775656512\n|move|p1b: Samurott|Aqua Cutter|p2a: Terapagos\n|-crit|p2a: Terapagos\n|-damage|p2a: Terapagos|15/100\n|move|p2a: Terapagos|Tera Starstorm|p1b: Samurott\n|-damage|p1b: Samurott|0 fnt\n|faint|p1b: Samurott\n|\n|win|SycrasisEU\n|raw|kunwarstein's rating: 1182 &rarr; <strong>1161</strong><br />(-21 for losing)\n|raw|SycrasisEU's rating: 1245 &rarr; <strong>1266</strong><br />(+21 for winning)\n|l|\u2606kunwarstein\n|player|p1|\n|l|\u2606SycrasisEU\n|player|p2|\n","uploadtime":1775656763,"views":8,"formatid":"gen9vgc2026regi","rating":1161,"private":0,"password":null}