{"id":"gen9vgc2026regi-2565070650","format":"[Gen 9] VGC 2026 Reg I","players":["delybird","Rillabossman"],"log":"|j|\u2606delybird\n|j|\u2606Rillabossman\n|t:|1774226051\n|gametype|doubles\n|player|p1|delybird|blue-masters|1382\n|player|p2|Rillabossman|burglar|1503\n|gen|9\n|tier|[Gen 9] VGC 2026 Reg I\n|rated|\n|rule|Species Clause: Limit one of each Pok\u00e9mon\n|rule|Item Clause: Limit 1 of each item\n|clearpoke\n|poke|p1|Brute Bonnet, L50|\n|poke|p1|Lunala, L50|\n|poke|p1|Ursaluna, L50, M|\n|poke|p1|Chi-Yu, L50|\n|poke|p1|Koraidon, L50|\n|poke|p1|Flutter Mane, L50|\n|poke|p2|Rayquaza, L50|\n|poke|p2|Kyogre, L50|\n|poke|p2|Farigiraf, L50, M|\n|poke|p2|Urshifu-*, L50, M|\n|poke|p2|Incineroar, L50, F|\n|poke|p2|Iron Hands, L50|\n|teampreview|4\n|c|\u2606Rillabossman|glhf\n|c|\u2606delybird|u2\n|\n|t:|1774226085\n|teamsize|p1|4\n|teamsize|p2|4\n|start\n|switch|p1a: Lunala|Lunala, L50|100/100\n|switch|p1b: Brute Bonnet|Brute Bonnet, L50|100/100\n|switch|p2a: Incineroar|Incineroar, L50, F|100/100\n|switch|p2b: Urshifu|Urshifu-Rapid-Strike, L50, M|100/100\n|-ability|p2a: Incineroar|Intimidate|boost\n|-unboost|p1a: Lunala|atk|1\n|-unboost|p1b: Brute Bonnet|atk|1\n|turn|1\n|\n|t:|1774226107\n|-terastallize|p1a: Lunala|Water\n|move|p2a: Incineroar|Fake Out|p1b: Brute Bonnet\n|-damage|p1b: Brute Bonnet|95/100\n|move|p2b: Urshifu|Surging Strikes|p1a: Lunala\n|-resisted|p1a: Lunala\n|-crit|p1a: Lunala\n|-damage|p1a: Lunala|97/100\n|-resisted|p1a: Lunala\n|-crit|p1a: Lunala\n|-damage|p1a: Lunala|90/100\n|-resisted|p1a: Lunala\n|-crit|p1a: Lunala\n|-damage|p1a: Lunala|82/100\n|-hitcount|p1a: Lunala|3\n|move|p1a: Lunala|Meteor Beam||[still]\n|-prepare|p1a: Lunala|Meteor Beam\n|-boost|p1a: Lunala|spa|1\n|-enditem|p1a: Lunala|Power Herb\n|-anim|p1a: Lunala|Meteor Beam|p2a: Incineroar\n|-supereffective|p2a: Incineroar\n|-damage|p2a: Incineroar|0 fnt\n|faint|p2a: Incineroar\n|cant|p1b: Brute Bonnet|flinch\n|\n|upkeep\n|\n|t:|1774226116\n|switch|p2a: Rayquaza|Rayquaza, L50|100/100\n|-ability|p2a: Rayquaza|Air Lock\n|turn|2\n|\n|t:|1774226148\n|switch|p2b: Farigiraf|Farigiraf, L50, M|100/100\n|-end|p1b: Brute Bonnet|Protosynthesis|[silent]\n|switch|p1b: Flutter Mane|Flutter Mane, L50|100/100\n|-terastallize|p2a: Rayquaza|Normal\n|move|p2a: Rayquaza|Dragon Ascent|p1b: Flutter Mane\n|-enditem|p1b: Flutter Mane|Focus Sash\n|-damage|p1b: Flutter Mane|1/100\n|-unboost|p2a: Rayquaza|def|1\n|-unboost|p2a: Rayquaza|spd|1\n|move|p1a: Lunala|Moongeist Beam|p2b: Farigiraf\n|-immune|p2b: Farigiraf\n|\n|upkeep\n|turn|3\n|\n|t:|1774226171\n|move|p1b: Flutter Mane|Moonblast|p2a: Rayquaza\n|-damage|p2a: Rayquaza|23/100\n|move|p2a: Rayquaza|Swords Dance|p2a: Rayquaza\n|-boost|p2a: Rayquaza|atk|2\n|move|p1a: Lunala|Meteor Beam||[still]\n|-prepare|p1a: Lunala|Meteor Beam\n|-boost|p1a: Lunala|spa|1\n|move|p2b: Farigiraf|Psychic|p1b: Flutter Mane\n|-damage|p1b: Flutter Mane|0 fnt\n|faint|p1b: Flutter Mane\n|-end|p1b: Flutter Mane|Protosynthesis|[silent]\n|\n|upkeep\n|\n|t:|1774226186\n|switch|p1b: Brute Bonnet|Brute Bonnet, L50|95/100\n|turn|4\n|\n|t:|1774226197\n|move|p2a: Rayquaza|Protect|p2a: Rayquaza\n|-singleturn|p2a: Rayquaza|Protect\n|move|p2b: Farigiraf|Protect|p2b: Farigiraf\n|-singleturn|p2b: Farigiraf|Protect\n|move|p1a: Lunala|Meteor Beam|p2a: Rayquaza|[from] lockedmove\n|-activate|p2a: Rayquaza|move: Protect\n|move|p1b: Brute Bonnet|Spore|p2b: Farigiraf\n|-activate|p2b: Farigiraf|move: Protect\n|\n|upkeep\n|turn|5\n|\n|t:|1774226209\n|move|p1b: Brute Bonnet|Sucker Punch||[still]\n|cant|p2b: Farigiraf|ability: Armor Tail|Sucker Punch|[of] p1b: Brute Bonnet\n|move|p2a: Rayquaza|Dragon Ascent|p1b: Brute Bonnet\n|-supereffective|p1b: Brute Bonnet\n|-damage|p1b: Brute Bonnet|0 fnt\n|-unboost|p2a: Rayquaza|def|1\n|-unboost|p2a: Rayquaza|spd|1\n|faint|p1b: Brute Bonnet\n|-end|p1b: Brute Bonnet|Protosynthesis|[silent]\n|move|p1a: Lunala|Meteor Beam||[still]\n|-prepare|p1a: Lunala|Meteor Beam\n|-boost|p1a: Lunala|spa|1\n|move|p2b: Farigiraf|Hyper Voice|p1a: Lunala\n|-damage|p1a: Lunala|50/100\n|-enditem|p2b: Farigiraf|Throat Spray\n|-boost|p2b: Farigiraf|spa|1|[from] item: Throat Spray\n|\n|upkeep\n|\n|t:|1774226213\n|switch|p1b: Koraidon|Koraidon, L50, shiny|100/100\n|-weather|SunnyDay|[from] ability: Orichalcum Pulse|[of] p1b: Koraidon\n|-activate|p1b: Koraidon|Orichalcum Pulse|[source]\n|turn|6\n|\n|t:|1774226231\n|move|p2a: Rayquaza|Extreme Speed|p1a: Lunala\n|-damage|p1a: Lunala|0 fnt\n|faint|p1a: Lunala\n|move|p1b: Koraidon|Flame Charge|p2b: Farigiraf\n|-crit|p2b: Farigiraf\n|-damage|p2b: Farigiraf|61/100\n|-boost|p1b: Koraidon|spe|1\n|-damage|p1b: Koraidon|90/100|[from] item: Life Orb\n|move|p2b: Farigiraf|Trick Room|p2b: Farigiraf\n|-fieldstart|move: Trick Room|[of] p2b: Farigiraf\n|\n|-weather|SunnyDay|[upkeep]\n|upkeep\n|turn|7\n|\n|t:|1774226239\n|move|p2b: Farigiraf|Hyper Voice|p1b: Koraidon\n|-damage|p1b: Koraidon|35/100\n|move|p2a: Rayquaza|Dragon Ascent|p1b: Koraidon\n|-supereffective|p1b: Koraidon\n|-damage|p1b: Koraidon|0 fnt\n|-unboost|p2a: Rayquaza|def|1\n|-unboost|p2a: Rayquaza|spd|1\n|faint|p1b: Koraidon\n|\n|win|Rillabossman\n|raw|delybird's rating: 1382 &rarr; <strong>1369</strong><br />(-13 for losing)\n|raw|Rillabossman's rating: 1503 &rarr; <strong>1516</strong><br />(+13 for winning)\n|c|\u2606Rillabossman|gg\n|c|\u2606delybird|gg\n","uploadtime":1774226245,"views":28,"formatid":"gen9vgc2026regi","rating":1369,"private":0,"password":null}