{"id":"gen9vgc2026regi-2589196430","format":"[Gen 9] VGC 2026 Reg I","players":["Sunny_zong1","mroreo328"],"log":"|j|\u2606Sunny_zong1\n|j|\u2606mroreo328\n|t:|1776705878\n|gametype|doubles\n|player|p1|Sunny_zong1|bugsy|1454\n|player|p2|mroreo328|youngster-gen4dp|1445\n|gen|9\n|tier|[Gen 9] VGC 2026 Reg I\n|rated|\n|rule|Species Clause: Limit one of each Pok\u00e9mon\n|rule|Item Clause: Limit 1 of each item\n|clearpoke\n|poke|p1|Grimmsnarl, L50, M|\n|poke|p1|Miraidon, L50|\n|poke|p1|Calyrex-Shadow, L50|\n|poke|p1|Wo-Chien, L50|\n|poke|p1|Ting-Lu, L50|\n|poke|p1|Landorus-Therian, L50, M|\n|poke|p2|Miraidon, L50|\n|poke|p2|Indeedee-F, L50, F|\n|poke|p2|Annihilape, L50, M|\n|poke|p2|Calyrex-Ice, L50|\n|poke|p2|Enamorus-Therian, L50, F|\n|poke|p2|Urshifu-*, L50, M|\n|teampreview|4\n|inactive|Battle timer is ON: inactive players will automatically lose when time's up. (requested by mroreo328)\n|inactive|Sunny_zong1 also wants the timer to be on.\n|\n|t:|1776705889\n|teamsize|p1|4\n|teamsize|p2|4\n|start\n|switch|p1a: Wo-Chien|Wo-Chien, L50|100/100\n|switch|p1b: Grimmsnarl|Grimmsnarl, L50, M|100/100\n|switch|p2a: Indeedee|Indeedee-F, L50, F|100/100\n|switch|p2b: Calyrex|Calyrex-Ice, L50|100/100\n|-ability|p2b: Calyrex|As One\n|-ability|p2b: Calyrex|Unnerve\n|-ability|p1a: Wo-Chien|Tablets of Ruin\n|-fieldstart|move: Psychic Terrain|[from] ability: Psychic Surge|[of] p2a: Indeedee\n|-enditem|p2b: Calyrex|Psychic Seed\n|-boost|p2b: Calyrex|spd|1|[from] item: Psychic Seed\n|turn|1\n|\n|t:|1776705907\n|-terastallize|p2b: Calyrex|Water\n|move|p1b: Grimmsnarl|Reflect|p1b: Grimmsnarl\n|-sidestart|p1: Sunny_zong1|Reflect\n|move|p1a: Wo-Chien|Leech Seed|p2b: Calyrex\n|-start|p2b: Calyrex|move: Leech Seed\n|move|p2b: Calyrex|Glacial Lance|p1a: Wo-Chien|[spread] p1a,p1b\n|-supereffective|p1a: Wo-Chien\n|-damage|p1a: Wo-Chien|59/100\n|-damage|p1b: Grimmsnarl|73/100\n|move|p2a: Indeedee|Trick Room|p2a: Indeedee\n|-fieldstart|move: Trick Room|[of] p2a: Indeedee\n|\n|-heal|p1a: Wo-Chien|65/100|[from] item: Leftovers\n|-damage|p2b: Calyrex|88/100|[from] Leech Seed|[of] p1a: Wo-Chien\n|-heal|p1a: Wo-Chien|78/100|[silent]\n|upkeep\n|turn|2\n|\n|t:|1776705924\n|move|p2a: Indeedee|Helping Hand|p2b: Calyrex\n|-singleturn|p2b: Calyrex|Helping Hand|[of] p2a: Indeedee\n|move|p1b: Grimmsnarl|Light Screen|p1b: Grimmsnarl\n|-sidestart|p1: Sunny_zong1|move: Light Screen\n|move|p2b: Calyrex|Glacial Lance|p1a: Wo-Chien|[spread] p1a,p1b\n|-supereffective|p1a: Wo-Chien\n|-damage|p1a: Wo-Chien|11/100\n|-damage|p1b: Grimmsnarl|26/100\n|move|p1a: Wo-Chien|Leech Seed|p2a: Indeedee\n|-start|p2a: Indeedee|move: Leech Seed\n|\n|-heal|p1a: Wo-Chien|17/100|[from] item: Leftovers\n|-damage|p2b: Calyrex|76/100|[from] Leech Seed|[of] p1a: Wo-Chien\n|-heal|p1a: Wo-Chien|30/100|[silent]\n|-damage|p2a: Indeedee|88/100|[from] Leech Seed|[of] p1a: Wo-Chien\n|-heal|p1a: Wo-Chien|42/100|[silent]\n|upkeep\n|turn|3\n|\n|t:|1776705932\n|move|p2a: Indeedee|Helping Hand|p2b: Calyrex\n|-singleturn|p2b: Calyrex|Helping Hand|[of] p2a: Indeedee\n|move|p1a: Wo-Chien|Protect|p1a: Wo-Chien\n|-singleturn|p1a: Wo-Chien|Protect\n|move|p2b: Calyrex|Glacial Lance|p1b: Grimmsnarl|[spread] p1b\n|-activate|p1a: Wo-Chien|move: Protect\n|-damage|p1b: Grimmsnarl|0 fnt\n|faint|p1b: Grimmsnarl\n|-ability|p2b: Calyrex|Chilling Neigh|boost\n|-boost|p2b: Calyrex|atk|1\n|\n|-heal|p1a: Wo-Chien|48/100|[from] item: Leftovers\n|-damage|p2b: Calyrex|64/100|[from] Leech Seed|[of] p1a: Wo-Chien\n|-heal|p1a: Wo-Chien|61/100|[silent]\n|-damage|p2a: Indeedee|76/100|[from] Leech Seed|[of] p1a: Wo-Chien\n|-heal|p1a: Wo-Chien|72/100|[silent]\n|upkeep\n|inactive|Sunny_zong1 has 30 seconds left.\n|inactive|Sunny_zong1 has 20 seconds left.\n|\n|t:|1776705970\n|switch|p1b: Calyrex|Calyrex-Shadow, L50|100/100\n|-ability|p1b: Calyrex|As One\n|-ability|p1b: Calyrex|Unnerve\n|turn|4\n|\n|t:|1776705985\n|-terastallize|p1a: Wo-Chien|Fairy\n|move|p2a: Indeedee|Helping Hand|p2b: Calyrex\n|-singleturn|p2b: Calyrex|Helping Hand|[of] p2a: Indeedee\n|move|p2b: Calyrex|Glacial Lance|p1b: Calyrex|[spread] p1a,p1b\n|-damage|p1a: Wo-Chien|25/100\n|-damage|p1b: Calyrex|32/100\n|move|p1a: Wo-Chien|Pollen Puff|p1b: Calyrex\n|-heal|p1b: Calyrex|82/100\n|move|p1b: Calyrex|Expanding Force|p2a: Indeedee|[spread] p2a,p2b\n|-resisted|p2a: Indeedee\n|-damage|p2a: Indeedee|29/100\n|-damage|p2b: Calyrex|22/100\n|-damage|p1b: Calyrex|72/100|[from] item: Life Orb\n|\n|-heal|p1a: Wo-Chien|32/100|[from] item: Leftovers\n|-damage|p2b: Calyrex|10/100|[from] Leech Seed|[of] p1a: Wo-Chien\n|-heal|p1a: Wo-Chien|45/100|[silent]\n|-damage|p2a: Indeedee|17/100|[from] Leech Seed|[of] p1a: Wo-Chien\n|-heal|p1a: Wo-Chien|56/100|[silent]\n|upkeep\n|turn|5\n|\n|t:|1776706004\n|switch|p1b: Miraidon|Miraidon, L50|100/100\n|-fieldstart|move: Electric Terrain|[from] ability: Hadron Engine|[of] p1b: Miraidon\n|move|p1a: Wo-Chien|Protect|p1a: Wo-Chien\n|-singleturn|p1a: Wo-Chien|Protect\n|move|p2b: Calyrex|Glacial Lance|p1b: Miraidon|[spread] p1b\n|-activate|p1a: Wo-Chien|move: Protect\n|-supereffective|p1b: Miraidon\n|-crit|p1b: Miraidon\n|-damage|p1b: Miraidon|0 fnt\n|faint|p1b: Miraidon\n|-ability|p2b: Calyrex|Chilling Neigh|boost\n|-boost|p2b: Calyrex|atk|1\n|move|p2a: Indeedee|Heal Pulse|p2b: Calyrex\n|-heal|p2b: Calyrex|60/100\n|\n|-heal|p1a: Wo-Chien|62/100|[from] item: Leftovers\n|-damage|p2b: Calyrex|48/100|[from] Leech Seed|[of] p1a: Wo-Chien\n|-heal|p1a: Wo-Chien|75/100|[silent]\n|-damage|p2a: Indeedee|4/100|[from] Leech Seed|[of] p1a: Wo-Chien\n|-heal|p1a: Wo-Chien|87/100|[silent]\n|-fieldend|move: Trick Room\n|upkeep\n|\n|t:|1776706006\n|switch|p1b: Calyrex|Calyrex-Shadow, L50|72/100\n|-ability|p1b: Calyrex|As One\n|-ability|p1b: Calyrex|Unnerve\n|turn|6\n|inactive|Sunny_zong1 has 30 seconds left.\n|inactive|mroreo328 has 30 seconds left.\n|\n|t:|1776706035\n|move|p1b: Calyrex|Astral Barrage|p2b: Calyrex|[spread] p2b\n|-immune|p2a: Indeedee\n|-damage|p2b: Calyrex|16/100\n|-damage|p1b: Calyrex|62/100|[from] item: Life Orb\n|move|p1a: Wo-Chien|Snarl|p2a: Indeedee|[spread] p2a,p2b\n|-supereffective|p2a: Indeedee\n|-damage|p2a: Indeedee|0 fnt\n|-damage|p2b: Calyrex|10/100\n|-unboost|p2b: Calyrex|spa|1\n|faint|p2a: Indeedee\n|move|p2b: Calyrex|Glacial Lance|p1a: Wo-Chien|[spread] p1a,p1b\n|-damage|p1a: Wo-Chien|45/100\n|-damage|p1b: Calyrex|1/100\n|\n|-heal|p1a: Wo-Chien|51/100|[from] item: Leftovers\n|-damage|p2b: Calyrex|0 fnt|[from] Leech Seed|[of] p1a: Wo-Chien\n|-heal|p1a: Wo-Chien|61/100|[silent]\n|faint|p2b: Calyrex\n|upkeep\n|\n|t:|1776706045\n|switch|p2a: Enamorus|Enamorus-Therian, L50, F|100/100\n|switch|p2b: Urshifu|Urshifu, L50, M|100/100\n|turn|7\n|\n|t:|1776706067\n|move|p2b: Urshifu|Sucker Punch|p1b: Calyrex\n|-supereffective|p1b: Calyrex\n|-damage|p1b: Calyrex|0 fnt\n|faint|p1b: Calyrex\n|move|p1a: Wo-Chien|Leech Seed|p2a: Enamorus\n|-start|p2a: Enamorus|move: Leech Seed\n|move|p2a: Enamorus|Moonblast|p1a: Wo-Chien\n|-damage|p1a: Wo-Chien|36/100\n|-damage|p2a: Enamorus|91/100|[from] item: Life Orb\n|\n|-heal|p1a: Wo-Chien|42/100|[from] item: Leftovers\n|-damage|p2a: Enamorus|78/100|[from] Leech Seed|[of] p1a: Wo-Chien\n|-heal|p1a: Wo-Chien|54/100|[silent]\n|upkeep\n|turn|8\n|\n|t:|1776706078\n|move|p1a: Wo-Chien|Protect|p1a: Wo-Chien\n|-singleturn|p1a: Wo-Chien|Protect\n|move|p2b: Urshifu|Poison Jab|p1a: Wo-Chien\n|-supereffective|p1a: Wo-Chien\n|-damage|p1a: Wo-Chien|24/100\n|move|p2a: Enamorus|Moonblast|p1a: Wo-Chien\n|-activate|p1a: Wo-Chien|move: Protect\n|\n|-heal|p1a: Wo-Chien|31/100|[from] item: Leftovers\n|-damage|p2a: Enamorus|66/100|[from] Leech Seed|[of] p1a: Wo-Chien\n|-heal|p1a: Wo-Chien|42/100|[silent]\n|-sideend|p1: Sunny_zong1|Reflect\n|upkeep\n|turn|9\n|\n|t:|1776706089\n|move|p2b: Urshifu|Poison Jab|p1a: Wo-Chien\n|-supereffective|p1a: Wo-Chien\n|-damage|p1a: Wo-Chien|0 fnt\n|faint|p1a: Wo-Chien\n|\n|win|mroreo328\n|raw|Sunny_zong1's rating: 1454 &rarr; <strong>1433</strong><br />(-21 for losing)\n|raw|mroreo328's rating: 1445 &rarr; <strong>1466</strong><br />(+21 for winning)\n|l|\u2606Sunny_zong1\n|player|p1|\n|l|\u2606mroreo328\n|player|p2|\n","uploadtime":1776706354,"views":6,"formatid":"gen9vgc2026regi","rating":1433,"private":0,"password":null}