{"id":"gen9vgc2026regi-2529772157","format":"[Gen 9] VGC 2026 Reg I","players":["detective a","jpto5"],"log":"|j|\u2606detective a\n|j|\u2606jpto5\n|t:|1769822283\n|gametype|doubles\n|player|p1|detective a|n|1057\n|player|p2|jpto5|101|1124\n|gen|9\n|tier|[Gen 9] VGC 2026 Reg I\n|rated|\n|rule|Species Clause: Limit one of each Pok\u00e9mon\n|rule|Item Clause: Limit 1 of each item\n|clearpoke\n|poke|p1|Reshiram, L50|\n|poke|p1|Whimsicott, L50, F|\n|poke|p1|Ogerpon-Cornerstone, L50, F|\n|poke|p1|Flutter Mane, L50|\n|poke|p1|Raging Bolt, L50|\n|poke|p1|Great Tusk, L50|\n|poke|p2|Tornadus, L50, M|\n|poke|p2|Kyogre, L50|\n|poke|p2|Zacian-*, L50|\n|poke|p2|Archaludon, L50, F|\n|poke|p2|Basculegion, L50, M|\n|poke|p2|Chien-Pao, L50|\n|teampreview|4\n|inactive|Battle timer is ON: inactive players will automatically lose when time's up. (requested by jpto5)\n|inactive|detective a has 60 seconds left.\n|\n|t:|1769822331\n|teamsize|p1|4\n|teamsize|p2|4\n|start\n|switch|p1a: Puck|Whimsicott, L50, F|100/100\n|switch|p1b: Orogrande|Raging Bolt, L50|100/100\n|switch|p2a: Tornadus|Tornadus, L50, M|100/100\n|switch|p2b: Kyogre|Kyogre, L50|100/100\n|-weather|RainDance|[from] ability: Drizzle|[of] p2b: Kyogre\n|turn|1\n|\n|t:|1769822352\n|-terastallize|p2b: Kyogre|Ground\n|move|p1a: Puck|Sunny Day|p1a: Puck\n|-weather|SunnyDay\n|-activate|p1b: Orogrande|ability: Protosynthesis\n|-start|p1b: Orogrande|protosynthesisspa\n|move|p2a: Tornadus|Taunt|p1a: Puck\n|-start|p1a: Puck|move: Taunt\n|move|p2b: Kyogre|Water Spout|p1b: Orogrande|[spread] p1a,p1b\n|-resisted|p1a: Puck\n|-resisted|p1b: Orogrande\n|-damage|p1a: Puck|70/100\n|-damage|p1b: Orogrande|90/100\n|move|p1b: Orogrande|Electroweb|p2b: Kyogre|[spread] p2a\n|-immune|p2b: Kyogre\n|-supereffective|p2a: Tornadus\n|-damage|p2a: Tornadus|23/100\n|-unboost|p2a: Tornadus|spe|1\n|\n|-weather|SunnyDay|[upkeep]\n|upkeep\n|turn|2\n|inactive|detective a has 30 seconds left.\n|\n|t:|1769822378\n|move|p2a: Tornadus|Tailwind|p2a: Tornadus\n|-sidestart|p2: jpto5|move: Tailwind\n|move|p2b: Kyogre|Tera Blast|p1b: Orogrande|[anim] Tera Blast Ground\n|-supereffective|p1b: Orogrande\n|-damage|p1b: Orogrande|16/100\n|move|p1a: Puck|Moonblast|p2a: Tornadus\n|-damage|p2a: Tornadus|0 fnt\n|faint|p2a: Tornadus\n|move|p1b: Orogrande|Draco Meteor|p2b: Kyogre\n|-damage|p2b: Kyogre|28/100\n|-unboost|p1b: Orogrande|spa|2\n|\n|-weather|SunnyDay|[upkeep]\n|upkeep\n|\n|t:|1769822395\n|switch|p2a: Zacian|Zacian-Crowned, L50|100/100\n|-ability|p2a: Zacian|Intrepid Sword|boost\n|-boost|p2a: Zacian|atk|1\n|turn|3\n|inactive|detective a has 30 seconds left.\n|\n|t:|1769822428\n|switch|p2b: Basculegion|Basculegion, L50, M|100/100\n|move|p1b: Orogrande|Thunderclap|p2a: Zacian\n|-damage|p2a: Zacian|75/100\n|move|p2a: Zacian|Behemoth Blade|p1a: Puck\n|-supereffective|p1a: Puck\n|-damage|p1a: Puck|0 fnt\n|faint|p1a: Puck\n|\n|-weather|SunnyDay|[upkeep]\n|upkeep\n|\n|t:|1769822442\n|switch|p1a: Spike|Great Tusk, L50|100/100\n|-activate|p1a: Spike|ability: Protosynthesis\n|-start|p1a: Spike|protosynthesisatk\n|turn|4\n|inactive|detective a has 30 seconds left.\n|inactive|jpto5 has 30 seconds left.\n|inactive|detective a has 20 seconds left.\n|\n|t:|1769822481\n|switch|p2a: Kyogre|Kyogre, L50, tera:Ground|28/100\n|-weather|RainDance|[from] ability: Drizzle|[of] p2a: Kyogre\n|-end|p1a: Spike|Protosynthesis\n|-end|p1b: Orogrande|Protosynthesis\n|move|p1b: Orogrande|Thunderclap||[still]\n|-fail|p1b: Orogrande\n|move|p2b: Basculegion|Wave Crash|p1a: Spike\n|-supereffective|p1a: Spike\n|-damage|p1a: Spike|0 fnt\n|faint|p1a: Spike\n|-end|p1a: Spike|Protosynthesis|[silent]\n|-damage|p2b: Basculegion|65/100|[from] Recoil\n|\n|-weather|RainDance|[upkeep]\n|upkeep\n|\n|t:|1769822486\n|switch|p1a: N's Reshiram|Reshiram, L50|100/100\n|-ability|p1a: N's Reshiram|Turboblaze\n|turn|5\n|inactive|jpto5 has 30 seconds left.\n|inactive|jpto5 has 20 seconds left.\n|inactive|jpto5 has 15 seconds left.\n|inactive|jpto5 has 10 seconds left.\n|\n|t:|1769822535\n|move|p1a: N's Reshiram|Protect|p1a: N's Reshiram\n|-singleturn|p1a: N's Reshiram|Protect\n|move|p1b: Orogrande|Thunderclap|p2b: Basculegion\n|-supereffective|p2b: Basculegion\n|-damage|p2b: Basculegion|19/100\n|move|p2b: Basculegion|Head Smash|p1a: N's Reshiram\n|-activate|p1a: N's Reshiram|move: Protect\n|move|p2a: Kyogre|Tera Blast|p1a: N's Reshiram|[anim] Tera Blast Ground\n|-activate|p1a: N's Reshiram|move: Protect\n|\n|-weather|RainDance|[upkeep]\n|-sideend|p2: jpto5|move: Tailwind\n|upkeep\n|turn|6\n|inactive|detective a has 30 seconds left.\n|inactive|detective a has 20 seconds left.\n|inactive|detective a has 15 seconds left.\n|\n|t:|1769822577\n|switch|p2b: Zacian|Zacian-Crowned, L50|75/100\n|-terastallize|p1a: N's Reshiram|Fire\n|move|p1b: Orogrande|Thunderclap||[still]\n|-fail|p1b: Orogrande\n|move|p2a: Kyogre|Tera Blast|p1b: Orogrande|[anim] Tera Blast Ground\n|-supereffective|p1b: Orogrande\n|-damage|p1b: Orogrande|0 fnt\n|faint|p1b: Orogrande\n|-end|p1b: Orogrande|Protosynthesis|[silent]\n|move|p1a: N's Reshiram|Blue Flare|p2a: Kyogre\n|-damage|p2a: Kyogre|0 fnt\n|faint|p2a: Kyogre\n|-damage|p1a: N's Reshiram|91/100|[from] item: Life Orb\n|\n|-weather|RainDance|[upkeep]\n|upkeep\n|\n|t:|1769822581\n|switch|p2a: Basculegion|Basculegion, L50, M|19/100\n|turn|7\n|\n|t:|1769822605\n|move|p1a: N's Reshiram|Protect|p1a: N's Reshiram\n|-singleturn|p1a: N's Reshiram|Protect\n|move|p2a: Basculegion|Wave Crash|p1a: N's Reshiram\n|-activate|p1a: N's Reshiram|move: Protect\n|move|p2b: Zacian|Sacred Sword|p1a: N's Reshiram\n|-activate|p1a: N's Reshiram|move: Protect\n|\n|-weather|RainDance|[upkeep]\n|upkeep\n|turn|8\n|\n|t:|1769822614\n|move|p2a: Basculegion|Wave Crash|p1a: N's Reshiram\n|-supereffective|p1a: N's Reshiram\n|-damage|p1a: N's Reshiram|0 fnt\n|faint|p1a: N's Reshiram\n|-damage|p2a: Basculegion|0 fnt|[from] Recoil\n|faint|p2a: Basculegion\n|\n|win|jpto5\n|raw|detective a's rating: 1057 &rarr; <strong>1042</strong><br />(-15 for losing)\n|raw|jpto5's rating: 1124 &rarr; <strong>1144</strong><br />(+20 for winning)\n|l|\u2606detective a\n|player|p1|\n","uploadtime":1769822621,"views":11,"formatid":"gen9vgc2026regi","rating":1042,"private":0,"password":null}