{"id":"gen9vgc2026regi-2546010582","format":"[Gen 9] VGC 2026 Reg I","players":["kedaruma","lalo's pollos"],"log":"|j|\u2606kedaruma\n|j|\u2606lalo's pollos\n|t:|1771913426\n|gametype|doubles\n|player|p1|kedaruma|101|1579\n|player|p2|lalo's pollos|2|1526\n|gen|9\n|tier|[Gen 9] VGC 2026 Reg I\n|rated|\n|rule|Species Clause: Limit one of each Pok\u00e9mon\n|rule|Item Clause: Limit 1 of each item\n|clearpoke\n|poke|p1|Calyrex-Shadow, L50|\n|poke|p1|Zamazenta-*, L50|\n|poke|p1|Raging Bolt, L50|\n|poke|p1|Smeargle, L50, F|\n|poke|p1|Rillaboom, L50, M|\n|poke|p1|Tornadus, L50, M|\n|poke|p2|Miraidon, L50|\n|poke|p2|Landorus, L50, M|\n|poke|p2|Incineroar, L50, F|\n|poke|p2|Iron Bundle, L50|\n|poke|p2|Farigiraf, L50, F|\n|poke|p2|Calyrex-Ice, L50|\n|teampreview|4\n|inactive|Battle timer is ON: inactive players will automatically lose when time's up. (requested by kedaruma)\n|inactive|lalo's pollos has 60 seconds left.\n|inactive|lalo's pollos has 30 seconds left.\n|inactive|lalo's pollos has 20 seconds left.\n|inactive|lalo's pollos has 15 seconds left.\n|inactive|lalo's pollos has 10 seconds left.\n|inactive|lalo's pollos has 5 seconds left.\n|\n|t:|1771913520\n|teamsize|p1|4\n|teamsize|p2|4\n|start\n|switch|p1a: Zamazenta|Zamazenta-Crowned, L50, shiny|100/100\n|switch|p1b: Calyrex|Calyrex-Shadow, L50|100/100\n|switch|p2a: Co-Star|Miraidon, L50|100/100\n|switch|p2b: Landorus|Landorus, L50, M|100/100\n|-ability|p1b: Calyrex|As One\n|-ability|p1b: Calyrex|Unnerve\n|-fieldstart|move: Electric Terrain|[from] ability: Hadron Engine|[of] p2a: Co-Star\n|-ability|p1a: Zamazenta|Dauntless Shield|boost\n|-boost|p1a: Zamazenta|def|1\n|turn|1\n|c|\u2606lalo's pollos|ran out of time\n|\n|t:|1771913539\n|move|p1a: Zamazenta|Protect|p1a: Zamazenta\n|-singleturn|p1a: Zamazenta|Protect\n|move|p1b: Calyrex|Astral Barrage|p2a: Co-Star|[spread] p2a,p2b\n|-damage|p2a: Co-Star|32/100\n|-damage|p2b: Landorus|24/100\n|-damage|p1b: Calyrex|91/100|[from] item: Life Orb\n|move|p2a: Co-Star|Volt Switch|p1a: Zamazenta\n|-activate|p1a: Zamazenta|move: Protect\n|move|p2b: Landorus|Sandsear Storm|p1a: Zamazenta|[spread] p1b\n|-activate|p1a: Zamazenta|move: Protect\n|-crit|p1b: Calyrex\n|-damage|p1b: Calyrex|0 fnt\n|faint|p1b: Calyrex\n|\n|upkeep\n|\n|t:|1771913557\n|switch|p1b: Rillaboom|Rillaboom, L50, M, shiny|100/100\n|-fieldstart|move: Grassy Terrain|[from] ability: Grassy Surge|[of] p1b: Rillaboom\n|turn|2\n|\n|t:|1771913570\n|move|p2b: Landorus|Protect|p2b: Landorus\n|-singleturn|p2b: Landorus|Protect\n|move|p2a: Co-Star|Volt Switch|p1a: Zamazenta\n|-damage|p1a: Zamazenta|65/100\n|\n|t:|1771913573\n|switch|p2a: Incineroar|Incineroar, L50, F|100/100|[from] Volt Switch\n|-ability|p2a: Incineroar|Intimidate|boost\n|-unboost|p1a: Zamazenta|atk|1\n|-unboost|p1b: Rillaboom|atk|1\n|move|p1a: Zamazenta|Body Press|p2a: Incineroar\n|-supereffective|p2a: Incineroar\n|-damage|p2a: Incineroar|8/100\n|move|p1b: Rillaboom|Wood Hammer|p2a: Incineroar\n|-resisted|p2a: Incineroar\n|-damage|p2a: Incineroar|0 fnt\n|faint|p2a: Incineroar\n|-damage|p1b: Rillaboom|98/100|[from] Recoil\n|\n|-heal|p1a: Zamazenta|71/100|[from] Grassy Terrain\n|-heal|p1b: Rillaboom|100/100|[from] Grassy Terrain\n|upkeep\n|\n|t:|1771913578\n|switch|p2a: Co-Star|Miraidon, L50|32/100\n|-fieldstart|move: Electric Terrain|[from] ability: Hadron Engine|[of] p2a: Co-Star\n|turn|3\n|\n|t:|1771913599\n|move|p1a: Zamazenta|Protect|p1a: Zamazenta\n|-singleturn|p1a: Zamazenta|Protect\n|move|p2a: Co-Star|Electro Drift|p1a: Zamazenta\n|-activate|p1a: Zamazenta|move: Protect\n|move|p2b: Landorus|Sludge Bomb|p1b: Rillaboom\n|-supereffective|p1b: Rillaboom\n|-damage|p1b: Rillaboom|31/100\n|move|p1b: Rillaboom|Wood Hammer|p2b: Landorus\n|-damage|p2b: Landorus|0 fnt\n|faint|p2b: Landorus\n|-damage|p1b: Rillaboom|24/100|[from] Recoil\n|\n|upkeep\n|\n|t:|1771913610\n|switch|p2b: the Star|Iron Bundle, L50|100/100\n|-activate|p2b: the Star|ability: Quark Drive\n|-start|p2b: the Star|quarkdrivespe\n|turn|4\n|\n|t:|1771913623\n|switch|p1b: Smeargle|Smeargle, L50, F, shiny|100/100\n|move|p1a: Zamazenta|Protect|p1a: Zamazenta\n|-singleturn|p1a: Zamazenta|Protect\n|move|p2b: the Star|Freeze-Dry|p1b: Smeargle\n|-damage|p1b: Smeargle|28/100\n|move|p2a: Co-Star|Electro Drift|p1a: Zamazenta\n|-activate|p1a: Zamazenta|move: Protect\n|\n|-ability|p1b: Smeargle|Moody|boost\n|-boost|p1b: Smeargle|spd|2\n|-unboost|p1b: Smeargle|spa|1\n|upkeep\n|turn|5\n|\n|t:|1771913640\n|move|p1b: Smeargle|Fake Out|p2a: Co-Star\n|-damage|p2a: Co-Star|26/100\n|move|p2b: the Star|Freeze-Dry|p1b: Smeargle\n|-damage|p1b: Smeargle|0 fnt\n|faint|p1b: Smeargle\n|cant|p2a: Co-Star|flinch\n|move|p1a: Zamazenta|Body Press|p2a: Co-Star\n|-damage|p2a: Co-Star|0 fnt\n|faint|p2a: Co-Star\n|\n|upkeep\n|c|\u2606lalo's pollos|sign\n|\n|t:|1771913653\n|switch|p1b: Rillaboom|Rillaboom, L50, M, shiny|24/100\n|-fieldstart|move: Grassy Terrain|[from] ability: Grassy Surge|[of] p1b: Rillaboom\n|-end|p2b: the Star|Quark Drive\n|turn|6\n|-message|lalo's pollos forfeited.\n|\n|win|kedaruma\n|raw|kedaruma's rating: 1579 &rarr; <strong>1596</strong><br />(+17 for winning)\n|raw|lalo&apos;s pollos's rating: 1526 &rarr; <strong>1509</strong><br />(-17 for losing)\n|l|\u2606lalo's pollos\n|player|p2|\n|l|\u2606kedaruma\n|player|p1|\n","uploadtime":1771913873,"views":36,"formatid":"gen9vgc2026regi","rating":1509,"private":0,"password":null}