{"id":"gen9vgc2026regi-2580330844","format":"[Gen 9] VGC 2026 Reg I","players":["Coreydfgh","lsslsssllsslsssl"],"log":"|j|\u2606Coreydfgh\n|j|\u2606lsslsssllsslsssl\n|t:|1775881347\n|gametype|doubles\n|player|p1|Coreydfgh|169|1407\n|player|p2|lsslsssllsslsssl|102|1432\n|gen|9\n|tier|[Gen 9] VGC 2026 Reg I\n|rated|\n|rule|Species Clause: Limit one of each Pok\u00e9mon\n|rule|Item Clause: Limit 1 of each item\n|clearpoke\n|poke|p1|Calyrex-Ice, L50|\n|poke|p1|Indeedee-F, L50, F|\n|poke|p1|Torkoal, L50, M|\n|poke|p1|Brute Bonnet, L50|\n|poke|p1|Lunala, L50|\n|poke|p1|Iron Hands, L50|\n|poke|p2|Koraidon, L50|\n|poke|p2|Calyrex-Ice, L50|\n|poke|p2|Incineroar, L50, M|\n|poke|p2|Smeargle, L50, M|\n|poke|p2|Rillaboom, L50, F|\n|poke|p2|Landorus, L50, M|\n|teampreview|4\n|j| 801344244b\nCoreydfgh has agreed to open team sheets.\n|\n|t:|1775881370\n|teamsize|p1|4\n|teamsize|p2|4\n|start\n|switch|p1a: Calyrex|Calyrex-Ice, L50|100/100\n|switch|p1b: Brute Bonnet|Brute Bonnet, L50|100/100\n|switch|p2a: Smeargle|Smeargle, L50, M|100/100\n|switch|p2b: Calyrex|Calyrex-Ice, L50|100/100\n|-ability|p2b: Calyrex|As One\n|-ability|p2b: Calyrex|Unnerve\n|-ability|p1a: Calyrex|As One\n|-ability|p1a: Calyrex|Unnerve\n|-enditem|p1b: Brute Bonnet|Booster Energy\n|-activate|p1b: Brute Bonnet|ability: Protosynthesis|[fromitem]\n|-start|p1b: Brute Bonnet|protosynthesisspd\n|turn|1\n|\n|t:|1775881395\n|move|p1a: Calyrex|Protect|p1a: Calyrex\n|-singleturn|p1a: Calyrex|Protect\n|move|p2a: Smeargle|Ruination|p1b: Brute Bonnet\n|-damage|p1b: Brute Bonnet|51/100\n|move|p1b: Brute Bonnet|Spore|p2b: Calyrex\n|-status|p2b: Calyrex|slp|[from] move: Spore\n|cant|p2b: Calyrex|slp\n|\n|-ability|p2a: Smeargle|Moody|boost\n|-boost|p2a: Smeargle|spd|2\n|-unboost|p2a: Smeargle|spe|1\n|upkeep\n|turn|2\n|\n|t:|1775881409\n|-curestatus|p2b: Calyrex|slp|[msg]\n|move|p2b: Calyrex|Protect|p2b: Calyrex\n|-singleturn|p2b: Calyrex|Protect\n|move|p2a: Smeargle|Spore|p1a: Calyrex\n|-status|p1a: Calyrex|slp|[from] move: Spore\n|move|p1b: Brute Bonnet|Seed Bomb|p2a: Smeargle\n|-damage|p2a: Smeargle|28/100\n|cant|p1a: Calyrex|slp\n|\n|-ability|p2a: Smeargle|Moody|boost\n|-boost|p2a: Smeargle|spd|2\n|-unboost|p2a: Smeargle|spe|1\n|upkeep\n|turn|3\n|\n|t:|1775881422\n|-curestatus|p1a: Calyrex|slp|[msg]\n|move|p1a: Calyrex|Protect|p1a: Calyrex\n|-singleturn|p1a: Calyrex|Protect\n|move|p2a: Smeargle|Follow Me|p2a: Smeargle\n|-singleturn|p2a: Smeargle|move: Follow Me\n|move|p1b: Brute Bonnet|Spore|p2a: Smeargle\n|-status|p2a: Smeargle|slp|[from] move: Spore\n|move|p2b: Calyrex|Glacial Lance|p1b: Brute Bonnet|[spread] p1b\n|-activate|p1a: Calyrex|move: Protect\n|-supereffective|p1b: Brute Bonnet\n|-damage|p1b: Brute Bonnet|0 fnt\n|faint|p1b: Brute Bonnet\n|-end|p1b: Brute Bonnet|Protosynthesis|[silent]\n|-ability|p2b: Calyrex|Chilling Neigh|boost\n|-boost|p2b: Calyrex|atk|1\n|\n|-ability|p2a: Smeargle|Moody|boost\n|-boost|p2a: Smeargle|atk|2\n|-unboost|p2a: Smeargle|spa|1\n|upkeep\n|\n|t:|1775881430\n|switch|p1b: Torkoal|Torkoal, L50, M|100/100\n|-weather|SunnyDay|[from] ability: Drought|[of] p1b: Torkoal\n|turn|4\n|\n|t:|1775881440\n|-terastallize|p1b: Torkoal|Fire\n|move|p2b: Calyrex|Protect|p2b: Calyrex\n|-singleturn|p2b: Calyrex|Protect\n|cant|p2a: Smeargle|slp\n|move|p1b: Torkoal|Heat Wave|p2a: Smeargle|[spread] p2a\n|-activate|p2b: Calyrex|move: Protect\n|-damage|p2a: Smeargle|0 fnt\n|faint|p2a: Smeargle\n|move|p1a: Calyrex|Trick Room|p1a: Calyrex\n|-fieldstart|move: Trick Room|[of] p1a: Calyrex\n|\n|-weather|SunnyDay|[upkeep]\n|upkeep\n|\n|t:|1775881451\n|switch|p2a: Incineroar|Incineroar, L50, M|100/100\n|-ability|p2a: Incineroar|Intimidate|boost\n|-fail|p1a: Calyrex|unboost|[from] item: Clear Amulet|[of] p1a: Calyrex\n|-unboost|p1b: Torkoal|atk|1\n|turn|5\n|\n|t:|1775881467\n|switch|p1b: Iron Hands|Iron Hands, L50|100/100\n|move|p1a: Calyrex|Protect|p1a: Calyrex\n|-singleturn|p1a: Calyrex|Protect\n|move|p2a: Incineroar|Fake Out|p1b: Iron Hands\n|-damage|p1b: Iron Hands|93/100\n|move|p2b: Calyrex|Leech Seed|p1a: Calyrex\n|-activate|p1a: Calyrex|move: Protect\n|\n|-weather|SunnyDay|[upkeep]\n|upkeep\n|turn|6\n|\n|t:|1775881516\n|-terastallize|p2a: Incineroar|Water\n|move|p1a: Calyrex|High Horsepower|p2b: Calyrex\n|-damage|p2b: Calyrex|74/100\n|move|p1b: Iron Hands|Low Kick|p2b: Calyrex\n|-damage|p2b: Calyrex|36/100\n|move|p2a: Incineroar|Knock Off|p1a: Calyrex\n|-supereffective|p1a: Calyrex\n|-damage|p1a: Calyrex|52/100\n|-enditem|p1a: Calyrex|Clear Amulet|[from] move: Knock Off|[of] p2a: Incineroar\n|move|p2b: Calyrex|Trick Room|p2b: Calyrex\n|-fieldend|move: Trick Room\n|\n|-weather|SunnyDay|[upkeep]\n|-heal|p2b: Calyrex|42/100|[from] item: Leftovers\n|upkeep\n|turn|7\n|\n|t:|1775881559\n|move|p1a: Calyrex|Protect|p1a: Calyrex\n|-singleturn|p1a: Calyrex|Protect\n|move|p2a: Incineroar|Flare Blitz|p1a: Calyrex\n|-activate|p1a: Calyrex|move: Protect\n|move|p1b: Iron Hands|Wild Charge|p2a: Incineroar\n|-supereffective|p2a: Incineroar\n|-damage|p2a: Incineroar|17/100\n|-damage|p1b: Iron Hands|77/100|[from] Recoil\n|move|p2b: Calyrex|Glacial Lance|p1b: Iron Hands|[spread] p1b\n|-activate|p1a: Calyrex|move: Protect\n|-damage|p1b: Iron Hands|28/100\n|\n|-weather|SunnyDay|[upkeep]\n|-heal|p2b: Calyrex|48/100|[from] item: Leftovers\n|upkeep\n|turn|8\n|\n|t:|1775881592\n|switch|p1a: Torkoal|Torkoal, L50, M, tera:Fire|100/100\n|move|p2a: Incineroar|Flare Blitz|p1a: Torkoal\n|-resisted|p1a: Torkoal\n|-damage|p1a: Torkoal|73/100\n|-damage|p2a: Incineroar|9/100|[from] Recoil\n|move|p1b: Iron Hands|Drain Punch|p2a: Incineroar\n|-damage|p2a: Incineroar|0 fnt\n|-heal|p1b: Iron Hands|31/100|[from] drain|[of] p2a: Incineroar\n|faint|p2a: Incineroar\n|move|p2b: Calyrex|Glacial Lance|p1b: Iron Hands|[spread] p1a,p1b\n|-resisted|p1a: Torkoal\n|-damage|p1a: Torkoal|43/100\n|-damage|p1b: Iron Hands|0 fnt\n|faint|p1b: Iron Hands\n|-end|p1b: Iron Hands|Quark Drive|[silent]\n|-ability|p2b: Calyrex|Chilling Neigh|boost\n|-boost|p2b: Calyrex|atk|1\n|\n|-weather|none\n|-heal|p2b: Calyrex|54/100|[from] item: Leftovers\n|upkeep\n|\n|t:|1775881609\n|switch|p2a: Koraidon|Koraidon, L50|100/100\n|switch|p1b: Calyrex|Calyrex-Ice, L50|52/100\n|-ability|p1b: Calyrex|As One\n|-ability|p1b: Calyrex|Unnerve\n|-weather|SunnyDay|[from] ability: Orichalcum Pulse|[of] p2a: Koraidon\n|-activate|p2a: Koraidon|Orichalcum Pulse|[source]\n|turn|9\n|\n|t:|1775881642\n|move|p2a: Koraidon|Flare Blitz|p1a: Torkoal\n|-resisted|p1a: Torkoal\n|-crit|p1a: Torkoal\n|-damage|p1a: Torkoal|0 fnt\n|faint|p1a: Torkoal\n|-damage|p2a: Koraidon|88/100|[from] Recoil\n|move|p1b: Calyrex|Glacial Lance|p2b: Calyrex|[spread] p2a,p2b\n|-supereffective|p2a: Koraidon\n|-resisted|p2b: Calyrex\n|-damage|p2a: Koraidon|0 fnt\n|-damage|p2b: Calyrex|36/100\n|faint|p2a: Koraidon\n|-ability|p1b: Calyrex|Chilling Neigh|boost\n|-boost|p1b: Calyrex|atk|1\n|move|p2b: Calyrex|Glacial Lance|p1b: Calyrex\n|-resisted|p1b: Calyrex\n|-damage|p1b: Calyrex|6/100\n|\n|-weather|SunnyDay|[upkeep]\n|-heal|p2b: Calyrex|42/100|[from] item: Leftovers\n|upkeep\n|turn|10\n|-message|Coreydfgh forfeited.\n|\n|win|lsslsssllsslsssl\n|raw|Coreydfgh's rating: 1407 &rarr; <strong>1388</strong><br />(-19 for losing)\n|raw|lsslsssllsslsssl's rating: 1432 &rarr; <strong>1451</strong><br />(+19 for winning)\n|l|\u2606Coreydfgh\n|player|p1|\n|l| 801344244b\n|l|\u2606lsslsssllsslsssl\n|player|p2|\n","uploadtime":1775881793,"views":8,"formatid":"gen9vgc2026regi","rating":1388,"private":0,"password":null}