{"id":"gen9vgc2026regi-2535256828","format":"[Gen 9] VGC 2026 Reg I","players":["Like a Fish","yubanmeiqin"],"log":"|j|\u2606Like a Fish\n|j|\u2606yubanmeiqin\n|t:|1770538413\n|gametype|doubles\n|player|p1|Like a Fish|n|1361\n|player|p2|yubanmeiqin|iono-masters|1470\n|gen|9\n|tier|[Gen 9] VGC 2026 Reg I\n|rated|\n|rule|Species Clause: Limit one of each Pok\u00e9mon\n|rule|Item Clause: Limit 1 of each item\n|clearpoke\n|poke|p1|Calyrex-Shadow, L50|\n|poke|p1|Zamazenta-*, L50|\n|poke|p1|Tornadus, L50, M|\n|poke|p1|Raging Bolt, L50|\n|poke|p1|Ogerpon-Hearthflame, L50, F|\n|poke|p1|Rillaboom, L50, F|\n|poke|p2|Calyrex-Shadow, L50|\n|poke|p2|Zamazenta-*, L50|\n|poke|p2|Rillaboom, L50, M|\n|poke|p2|Clefairy, L50, F|\n|poke|p2|Tornadus, L50, M|\n|poke|p2|Smeargle, L50, M|\n|teampreview|4\n|inactive|Battle timer is ON: inactive players will automatically lose when time's up. (requested by Like a Fish)\n|inactive|yubanmeiqin has 60 seconds left.\n|\n|t:|1770538448\n|teamsize|p1|4\n|teamsize|p2|4\n|start\n|switch|p1a: Rillaboom|Rillaboom, L50, F|100/100\n|switch|p1b: Calyrex|Calyrex-Shadow, L50|100/100\n|switch|p2a: Smeargle|Smeargle, L50, M, shiny|100/100\n|switch|p2b: Calyrex|Calyrex-Shadow, L50|100/100\n|-ability|p1b: Calyrex|As One\n|-ability|p1b: Calyrex|Unnerve\n|-ability|p2b: Calyrex|As One\n|-ability|p2b: Calyrex|Unnerve\n|-fieldstart|move: Grassy Terrain|[from] ability: Grassy Surge|[of] p1a: Rillaboom\n|turn|1\n|inactive|Like a Fish has 30 seconds left.\n|\n|t:|1770538481\n|-terastallize|p2b: Calyrex|Dark\n|move|p1b: Calyrex|Protect|p1b: Calyrex\n|-singleturn|p1b: Calyrex|Protect\n|move|p2a: Smeargle|Fake Out|p1a: Rillaboom\n|-damage|p1a: Rillaboom|96/100\n|cant|p1a: Rillaboom|flinch\n|move|p2b: Calyrex|Nasty Plot|p2b: Calyrex\n|-boost|p2b: Calyrex|spa|2\n|\n|-heal|p1a: Rillaboom|100/100|[from] Grassy Terrain\n|-ability|p2a: Smeargle|Moody|boost\n|-boost|p2a: Smeargle|atk|2\n|-unboost|p2a: Smeargle|def|1\n|upkeep\n|turn|2\n|inactive|yubanmeiqin has 30 seconds left.\n|\n|t:|1770538513\n|move|p2a: Smeargle|Wide Guard|p2a: Smeargle\n|-singleturn|p2a: Smeargle|Wide Guard\n|move|p1b: Calyrex|Encore|p2b: Calyrex\n|-start|p2b: Calyrex|Encore\n|move|p2b: Calyrex|Nasty Plot|p2b: Calyrex\n|-boost|p2b: Calyrex|spa|2\n|move|p1a: Rillaboom|U-turn|p2b: Calyrex\n|-supereffective|p2b: Calyrex\n|-damage|p2b: Calyrex|45/100\n|\n|t:|1770538527\n|switch|p1a: Zamazenta|Zamazenta-Crowned, L50|100/100|[from] U-turn\n|-ability|p1a: Zamazenta|Dauntless Shield|boost\n|-boost|p1a: Zamazenta|def|1\n|\n|-heal|p2b: Calyrex|51/100|[from] Grassy Terrain\n|-ability|p2a: Smeargle|Moody|boost\n|-boost|p2a: Smeargle|spe|2\n|-unboost|p2a: Smeargle|atk|1\n|upkeep\n|turn|3\n|\n|t:|1770538540\n|move|p2a: Smeargle|Spore|p1a: Zamazenta\n|-status|p1a: Zamazenta|slp|[from] move: Spore\n|move|p1b: Calyrex|Encore|p2a: Smeargle\n|-start|p2a: Smeargle|Encore\n|move|p2b: Calyrex|Nasty Plot|p2b: Calyrex\n|-boost|p2b: Calyrex|spa|2\n|cant|p1a: Zamazenta|slp\n|\n|-heal|p2b: Calyrex|57/100|[from] Grassy Terrain\n|-ability|p2a: Smeargle|Moody|boost\n|-boost|p2a: Smeargle|atk|2\n|-unboost|p2a: Smeargle|spa|1\n|upkeep\n|turn|4\n|\n|t:|1770538559\n|switch|p2a: Clefairy|Clefairy, L50, F|100/100\n|switch|p1b: Rillaboom|Rillaboom, L50, F|100/100\n|move|p2b: Calyrex|Nasty Plot|p2b: Calyrex\n|-boost|p2b: Calyrex|spa|0\n|cant|p1a: Zamazenta|slp\n|\n|-heal|p2b: Calyrex|63/100|[from] Grassy Terrain\n|-end|p2b: Calyrex|Encore\n|upkeep\n|turn|5\n|\n|t:|1770538583\n|move|p2b: Calyrex|Protect|p2b: Calyrex\n|-singleturn|p2b: Calyrex|Protect\n|move|p1b: Rillaboom|Fake Out|p2b: Calyrex\n|-activate|p2b: Calyrex|move: Protect\n|cant|p1a: Zamazenta|slp\n|move|p2a: Clefairy|Icy Wind|p1b: Rillaboom|[spread] p1a,p1b\n|-resisted|p1a: Zamazenta\n|-crit|p1a: Zamazenta\n|-supereffective|p1b: Rillaboom\n|-damage|p1a: Zamazenta|97/100 slp\n|-damage|p1b: Rillaboom|92/100\n|-unboost|p1a: Zamazenta|spe|1\n|-unboost|p1b: Rillaboom|spe|1\n|\n|-heal|p2b: Calyrex|69/100|[from] Grassy Terrain\n|-heal|p1a: Zamazenta|100/100 slp|[from] Grassy Terrain\n|-heal|p1b: Rillaboom|98/100|[from] Grassy Terrain\n|-fieldend|move: Grassy Terrain\n|upkeep\n|turn|6\n|\n|t:|1770538600\n|-curestatus|p1a: Zamazenta|slp|[msg]\n|move|p1a: Zamazenta|Wide Guard|p1a: Zamazenta\n|-singleturn|p1a: Zamazenta|Wide Guard\n|move|p2a: Clefairy|Follow Me|p2a: Clefairy\n|-singleturn|p2a: Clefairy|move: Follow Me\n|move|p2b: Calyrex|Psychic|p1b: Rillaboom\n|-damage|p1b: Rillaboom|0 fnt\n|faint|p1b: Rillaboom\n|-damage|p2b: Calyrex|59/100|[from] item: Life Orb\n|\n|upkeep\n|-message|Like a Fish forfeited.\n|\n|win|yubanmeiqin\n|raw|Like a Fish's rating: 1361 &rarr; <strong>1347</strong><br />(-14 for losing)\n|raw|yubanmeiqin's rating: 1470 &rarr; <strong>1484</strong><br />(+14 for winning)\n|l|\u2606Like a Fish\n|player|p1|\n|j| Esiolamond\n|j| shrimphuevo\n|l| shrimphuevo\n|l|\u2606yubanmeiqin\n|player|p2|\n|l| Esiolamond\n|j| wohaonanguo\n|j| shrimphuevo\n|j| Esiolamond\n|l| Esiolamond\n|j| Cookie.aoli\n|j| Endrain520\n|l| Endrain520\n","uploadtime":1770538616,"views":23,"formatid":"gen9vgc2026regi","rating":1347,"private":0,"password":null}