{"id":"gen9vgc2026regi-2539997980","format":"[Gen 9] VGC 2026 Reg I","players":["blackred123","shenmifusu"],"log":"|j|\u2606blackred123\n|j|\u2606shenmifusu\n|t:|1771141271\n|gametype|doubles\n|player|p1|blackred123|iono-masters|1358\n|player|p2|shenmifusu|1|1318\n|gen|9\n|tier|[Gen 9] VGC 2026 Reg I\n|rated|\n|rule|Species Clause: Limit one of each Pok\u00e9mon\n|rule|Item Clause: Limit 1 of each item\n|clearpoke\n|poke|p1|Zamazenta-*, L50|\n|poke|p1|Calyrex-Shadow, L50|\n|poke|p1|Rillaboom, L50, M|\n|poke|p1|Raging Bolt, L50|\n|poke|p1|Ogerpon-Cornerstone, L50, F|\n|poke|p1|Tornadus, L50, M|\n|poke|p2|Landorus, L50, M|\n|poke|p2|Kyogre, L50|\n|poke|p2|Tornadus, L50, M|\n|poke|p2|Incineroar, L50, M|\n|poke|p2|Zamazenta-*, L50|\n|poke|p2|Rillaboom, L50, M|\n|teampreview|4\n|inactive|Battle timer is ON: inactive players will automatically lose when time's up. (requested by blackred123)\n|\n|t:|1771141288\n|teamsize|p1|4\n|teamsize|p2|4\n|start\n|switch|p1a: \u6591\u9a6c\u662f\u9a74\uff01?|Calyrex-Shadow, L50|100/100\n|switch|p1b: \u98df\u5802\u5904|Rillaboom, L50, M|100/100\n|switch|p2a: Tornadus|Tornadus, L50, M, shiny|100/100\n|switch|p2b: Zamazenta|Zamazenta-Crowned, L50, shiny|100/100\n|-ability|p1a: \u6591\u9a6c\u662f\u9a74\uff01?|As One\n|-ability|p1a: \u6591\u9a6c\u662f\u9a74\uff01?|Unnerve\n|-ability|p2b: Zamazenta|Dauntless Shield|boost\n|-boost|p2b: Zamazenta|def|1\n|-fieldstart|move: Grassy Terrain|[from] ability: Grassy Surge|[of] p1b: \u98df\u5802\u5904\n|turn|1\n|\n|t:|1771141301\n|move|p2b: Zamazenta|Wide Guard|p2b: Zamazenta\n|-singleturn|p2b: Zamazenta|Wide Guard\n|move|p1b: \u98df\u5802\u5904|Fake Out|p2a: Tornadus\n|-damage|p2a: Tornadus|84/100\n|move|p2a: Tornadus|Tailwind|p2a: Tornadus\n|-sidestart|p2: shenmifusu|move: Tailwind\n|move|p1a: \u6591\u9a6c\u662f\u9a74\uff01?|Astral Barrage|p2a: Tornadus|[spread] \n|-activate|p2a: Tornadus|move: Wide Guard\n|-activate|p2b: Zamazenta|move: Wide Guard\n|\n|upkeep\n|turn|2\n|inactive|shenmifusu has 30 seconds left.\n|\n|t:|1771141331\n|switch|p2a: Incineroar|Incineroar, L50, M, shiny|100/100\n|-ability|p2a: Incineroar|Intimidate|boost\n|-unboost|p1a: \u6591\u9a6c\u662f\u9a74\uff01?|atk|1\n|-unboost|p1b: \u98df\u5802\u5904|atk|1\n|switch|p1a: \u5170\u534e|Zamazenta-Crowned, L50, shiny|100/100\n|-ability|p1a: \u5170\u534e|Dauntless Shield|boost\n|-boost|p1a: \u5170\u534e|def|1\n|switch|p1b: \u89c2\u540e\u611f:|Tornadus, L50, M|100/100\n|move|p2b: Zamazenta|Heavy Slam|p1a: \u5170\u534e\n|-resisted|p1a: \u5170\u534e\n|-damage|p1a: \u5170\u534e|97/100\n|\n|-heal|p1a: \u5170\u534e|100/100|[from] Grassy Terrain\n|upkeep\n|turn|3\n|inactive|shenmifusu has 30 seconds left.\n|inactive|shenmifusu has 20 seconds left.\n|inactive|shenmifusu has 15 seconds left.\n|j| Esiolamond\n|\n|t:|1771141373\n|-terastallize|p2b: Zamazenta|Dragon\n|move|p1b: \u89c2\u540e\u611f:|Protect|p1b: \u89c2\u540e\u611f:\n|-singleturn|p1b: \u89c2\u540e\u611f:|Protect\n|move|p1a: \u5170\u534e|Protect|p1a: \u5170\u534e\n|-singleturn|p1a: \u5170\u534e|Protect\n|move|p2b: Zamazenta|Body Press|p1a: \u5170\u534e\n|-activate|p1a: \u5170\u534e|move: Protect\n|move|p2a: Incineroar|Parting Shot|p1b: \u89c2\u540e\u611f:\n|-activate|p1b: \u89c2\u540e\u611f:|move: Protect\n|\n|upkeep\n|turn|4\n|c| Esiolamond|\ud83d\udc40\n|\n|t:|1771141391\n|switch|p2a: Tornadus|Tornadus, L50, M, shiny|84/100\n|-terastallize|p1a: \u5170\u534e|Dragon\n|move|p1b: \u89c2\u540e\u611f:|Tailwind|p1b: \u89c2\u540e\u611f:\n|-sidestart|p1: blackred123|move: Tailwind\n|move|p2b: Zamazenta|Body Press|p1a: \u5170\u534e\n|-damage|p1a: \u5170\u534e|73/100\n|move|p1a: \u5170\u534e|Body Press|p2a: Tornadus\n|-resisted|p2a: Tornadus\n|-damage|p2a: Tornadus|40/100\n|\n|-heal|p1a: \u5170\u534e|79/100|[from] Grassy Terrain\n|-sideend|p2: shenmifusu|move: Tailwind\n|upkeep\n|turn|5\n|\n|t:|1771141407\n|move|p1b: \u89c2\u540e\u611f:|Taunt|p2a: Tornadus\n|-start|p2a: Tornadus|move: Taunt\n|cant|p2a: Tornadus|move: Taunt|Tailwind\n|move|p1a: \u5170\u534e|Body Press|p2b: Zamazenta\n|-damage|p2b: Zamazenta|73/100\n|move|p2b: Zamazenta|Heavy Slam|p1a: \u5170\u534e\n|-damage|p1a: \u5170\u534e|73/100\n|\n|-heal|p1a: \u5170\u534e|79/100|[from] Grassy Terrain\n|-heal|p2b: Zamazenta|79/100|[from] Grassy Terrain\n|-fieldend|move: Grassy Terrain\n|upkeep\n|turn|6\n|c| Esiolamond|lol\n|inactive|shenmifusu has 30 seconds left.\n|\n|t:|1771141434\n|switch|p2a: Kyogre|Kyogre, L50, shiny|100/100\n|-weather|RainDance|[from] ability: Drizzle|[of] p2a: Kyogre\n|move|p1b: \u89c2\u540e\u611f:|Bleakwind Storm|p2a: Kyogre|[spread] p2a,p2b\n|-damage|p2a: Kyogre|74/100\n|-damage|p2b: Zamazenta|56/100\n|-unboost|p2b: Zamazenta|spe|1\n|move|p1a: \u5170\u534e|Body Press|p2b: Zamazenta\n|-damage|p2b: Zamazenta|31/100\n|move|p2b: Zamazenta|Body Press|p1a: \u5170\u534e\n|-damage|p1a: \u5170\u534e|54/100\n|\n|-weather|RainDance|[upkeep]\n|upkeep\n|turn|7\n|inactive|shenmifusu has 30 seconds left.\n|\n|t:|1771141467\n|move|p1b: \u89c2\u540e\u611f:|Bleakwind Storm|p2a: Kyogre|[spread] p2a,p2b\n|-damage|p2a: Kyogre|52/100\n|-damage|p2b: Zamazenta|8/100\n|-unboost|p2a: Kyogre|spe|1\n|-unboost|p2b: Zamazenta|spe|1\n|move|p1a: \u5170\u534e|Body Press|p2a: Kyogre\n|-damage|p2a: Kyogre|0 fnt\n|faint|p2a: Kyogre\n|move|p2b: Zamazenta|Body Press|p1a: \u5170\u534e\n|-damage|p1a: \u5170\u534e|29/100\n|\n|-weather|RainDance|[upkeep]\n|-sideend|p1: blackred123|move: Tailwind\n|upkeep\n|-message|shenmifusu forfeited.\n|\n|win|blackred123\n|raw|blackred123's rating: 1358 &rarr; <strong>1376</strong><br />(+18 for winning)\n|raw|shenmifusu's rating: 1318 &rarr; <strong>1300</strong><br />(-18 for losing)\n|l|\u2606shenmifusu\n|player|p2|\n|l| Esiolamond\n","uploadtime":1771141855,"views":29,"formatid":"gen9vgc2026regi","rating":1300,"private":0,"password":null}