{"id":"gen9vgc2026regi-2562552141","format":"[Gen 9] VGC 2026 Reg I","players":["phip-phop","CHR1SPHX"],"log":"|j|\u2606phip-phop\n|j|\u2606CHR1SPHX\n|t:|1773929615\n|gametype|doubles\n|player|p1|phip-phop|169|1181\n|player|p2|CHR1SPHX|hilbert|1265\n|gen|9\n|tier|[Gen 9] VGC 2026 Reg I\n|rated|\n|rule|Species Clause: Limit one of each Pok\u00e9mon\n|rule|Item Clause: Limit 1 of each item\n|clearpoke\n|poke|p1|Calyrex-Ice, L50|\n|poke|p1|Amoonguss, L50, F|\n|poke|p1|Urshifu-*, L50, M|\n|poke|p1|Volcarona, L50, F|\n|poke|p1|Miraidon, L50|\n|poke|p1|Incineroar, L50, M|\n|poke|p2|Flutter Mane, L50|\n|poke|p2|Incineroar, L50, M|\n|poke|p2|Ursaluna-Bloodmoon, L50, M|\n|poke|p2|Amoonguss, L50, M|\n|poke|p2|Koraidon, L50|\n|poke|p2|Lunala, L50|\n|teampreview|4\n|inactive|Battle timer is ON: inactive players will automatically lose when time's up. (requested by CHR1SPHX)\n|inactive|CHR1SPHX has 60 seconds left.\n|l|\u2606CHR1SPHX\n|inactive|CHR1SPHX disconnected and has a minute to reconnect!\n|player|p2|\n|j|\u2606CHR1SPHX\n|inactive|CHR1SPHX reconnected and has 45 seconds left.\n|player|p2|CHR1SPHX|hilbert|\n|\n|t:|1773929671\n|teamsize|p1|4\n|teamsize|p2|4\n|start\n|switch|p1a: Volcarona|Volcarona, L50, F|100/100\n|switch|p1b: Miraidon|Miraidon, L50|100/100\n|switch|p2a: Incineroar|Incineroar, L50, M|100/100\n|switch|p2b: Koraidon|Koraidon, L50|100/100\n|-fieldstart|move: Electric Terrain|[from] ability: Hadron Engine|[of] p1b: Miraidon\n|-enditem|p1a: Volcarona|Electric Seed\n|-boost|p1a: Volcarona|def|1|[from] item: Electric Seed\n|-weather|SunnyDay|[from] ability: Orichalcum Pulse|[of] p2b: Koraidon\n|-activate|p2b: Koraidon|Orichalcum Pulse|[source]\n|-ability|p2a: Incineroar|Intimidate|boost\n|-unboost|p1a: Volcarona|atk|1\n|-unboost|p1b: Miraidon|atk|1\n|turn|1\n|\n|t:|1773929689\n|switch|p1b: Incineroar|Incineroar, L50, M|100/100\n|-ability|p1b: Incineroar|Intimidate|boost\n|-unboost|p2a: Incineroar|atk|1\n|-fail|p2b: Koraidon|unboost|[from] item: Clear Amulet|[of] p2b: Koraidon\n|move|p2a: Incineroar|Fake Out|p1b: Incineroar\n|-damage|p1b: Incineroar|94/100\n|move|p2b: Koraidon|Flame Charge|p1a: Volcarona\n|-damage|p1a: Volcarona|78/100\n|-boost|p2b: Koraidon|spe|1\n|move|p1a: Volcarona|Quiver Dance|p1a: Volcarona\n|-boost|p1a: Volcarona|spa|1\n|-boost|p1a: Volcarona|spd|1\n|-boost|p1a: Volcarona|spe|1\n|\n|-weather|SunnyDay|[upkeep]\n|upkeep\n|turn|2\n|\n|t:|1773929708\n|move|p2b: Koraidon|Protect|p2b: Koraidon\n|-singleturn|p2b: Koraidon|Protect\n|move|p1b: Incineroar|Fake Out|p2b: Koraidon\n|-activate|p2b: Koraidon|move: Protect\n|move|p1a: Volcarona|Quiver Dance|p1a: Volcarona\n|-boost|p1a: Volcarona|spa|1\n|-boost|p1a: Volcarona|spd|1\n|-boost|p1a: Volcarona|spe|1\n|move|p2a: Incineroar|Parting Shot|p1a: Volcarona\n|-unboost|p1a: Volcarona|atk|1\n|-unboost|p1a: Volcarona|spa|1\n|\n|t:|1773929724\n|switch|p2a: Amoonguss|Amoonguss, L50, M, shiny|100/100|[from] Parting Shot\n|\n|-weather|SunnyDay|[upkeep]\n|upkeep\n|turn|3\n|\n|t:|1773929734\n|switch|p2a: Incineroar|Incineroar, L50, M|100/100\n|-ability|p2a: Incineroar|Intimidate|boost\n|-unboost|p1a: Volcarona|atk|1\n|-unboost|p1b: Incineroar|atk|1\n|move|p1a: Volcarona|Protect|p1a: Volcarona\n|-singleturn|p1a: Volcarona|Protect\n|move|p2b: Koraidon|Flare Blitz|p1a: Volcarona\n|-activate|p1a: Volcarona|move: Protect\n|move|p1b: Incineroar|Flare Blitz|p2a: Incineroar\n|-resisted|p2a: Incineroar\n|-damage|p2a: Incineroar|77/100\n|-damage|p1b: Incineroar|86/100|[from] Recoil\n|\n|-weather|SunnyDay|[upkeep]\n|upkeep\n|turn|4\n|inactive|phip-phop has 30 seconds left.\n|\n|t:|1773929761\n|move|p2a: Incineroar|Fake Out|p1a: Volcarona\n|-damage|p1a: Volcarona|69/100\n|move|p2b: Koraidon|Collision Course|p1b: Incineroar\n|-supereffective|p1b: Incineroar\n|-damage|p1b: Incineroar|0 fnt\n|faint|p1b: Incineroar\n|cant|p1a: Volcarona|flinch\n|\n|-weather|SunnyDay|[upkeep]\n|upkeep\n|\n|t:|1773929771\n|switch|p1b: Miraidon|Miraidon, L50|100/100\n|-activate|p1b: Miraidon|ability: Hadron Engine\n|turn|5\n|\n|t:|1773929793\n|switch|p2a: Amoonguss|Amoonguss, L50, M, shiny|100/100\n|-terastallize|p1b: Miraidon|Electric\n|move|p2b: Koraidon|Protect|p2b: Koraidon\n|-singleturn|p2b: Koraidon|Protect\n|move|p1b: Miraidon|Electro Drift|p2a: Amoonguss\n|-resisted|p2a: Amoonguss\n|-damage|p2a: Amoonguss|43/100\n|-damage|p1b: Miraidon|84/100|[from] item: Rocky Helmet|[of] p2a: Amoonguss\n|move|p1a: Volcarona|Fiery Dance|p2b: Koraidon\n|-activate|p2b: Koraidon|move: Protect\n|\n|-weather|none\n|-fieldend|move: Electric Terrain\n|upkeep\n|turn|6\n|inactive|CHR1SPHX has 30 seconds left.\n|inactive|phip-phop has 30 seconds left.\n|inactive|CHR1SPHX has 20 seconds left.\n|\n|t:|1773929829\n|-terastallize|p2b: Koraidon|Fire\n|move|p2b: Koraidon|Flare Blitz|p1a: Volcarona\n|-damage|p1a: Volcarona|27/100\n|-damage|p2b: Koraidon|86/100|[from] Recoil\n|move|p1b: Miraidon|Electro Drift|p2a: Amoonguss\n|-resisted|p2a: Amoonguss\n|-damage|p2a: Amoonguss|12/100\n|-damage|p1b: Miraidon|67/100|[from] item: Rocky Helmet|[of] p2a: Amoonguss\n|move|p1a: Volcarona|Quiver Dance|p1a: Volcarona\n|-boost|p1a: Volcarona|spa|1\n|-boost|p1a: Volcarona|spd|1\n|-boost|p1a: Volcarona|spe|1\n|move|p2a: Amoonguss|Spore|p1b: Miraidon\n|-status|p1b: Miraidon|slp|[from] move: Spore\n|\n|upkeep\n|turn|7\n|inactive|phip-phop has 30 seconds left.\n|\n|t:|1773929859\n|move|p2a: Amoonguss|Rage Powder|p2a: Amoonguss\n|-singleturn|p2a: Amoonguss|move: Rage Powder\n|move|p1a: Volcarona|Giga Drain|p2a: Amoonguss\n|-resisted|p2a: Amoonguss\n|-damage|p2a: Amoonguss|2/100\n|-heal|p1a: Volcarona|32/100|[from] drain|[of] p2a: Amoonguss\n|move|p2b: Koraidon|Flare Blitz|p1a: Volcarona\n|-damage|p1a: Volcarona|0 fnt\n|faint|p1a: Volcarona\n|-damage|p2b: Koraidon|75/100|[from] Recoil\n|cant|p1b: Miraidon|slp\n|\n|upkeep\n|\n|t:|1773929868\n|switch|p1a: Calyrex|Calyrex-Ice, L50|100/100\n|-ability|p1a: Calyrex|As One\n|-ability|p1a: Calyrex|Unnerve\n|turn|8\n|inactive|CHR1SPHX has 30 seconds left.\n|\n|t:|1773929894\n|switch|p2a: Incineroar|Incineroar, L50, M|77/100\n|-ability|p2a: Incineroar|Intimidate|boost\n|-fail|p1a: Calyrex|unboost|[from] item: Clear Amulet|[of] p1a: Calyrex\n|-unboost|p1b: Miraidon|atk|1\n|move|p1a: Calyrex|Protect|p1a: Calyrex\n|-singleturn|p1a: Calyrex|Protect\n|move|p2b: Koraidon|Flare Blitz|p1a: Calyrex\n|-activate|p1a: Calyrex|move: Protect\n|-curestatus|p1b: Miraidon|slp|[msg]\n|move|p1b: Miraidon|Electro Drift|p2b: Koraidon\n|-damage|p2b: Koraidon|12/100\n|\n|upkeep\n|turn|9\n|inactive|CHR1SPHX has 30 seconds left.\n|inactive|CHR1SPHX has 20 seconds left.\n|inactive|CHR1SPHX has 15 seconds left.\n|\n|t:|1773929936\n|move|p2a: Incineroar|Fake Out|p1a: Calyrex\n|-damage|p1a: Calyrex|94/100\n|move|p2b: Koraidon|Flare Blitz|p1b: Miraidon\n|-damage|p1b: Miraidon|16/100\n|-damage|p2b: Koraidon|0 fnt|[from] Recoil\n|faint|p2b: Koraidon\n|move|p1b: Miraidon|Electro Drift|p2a: Incineroar\n|-damage|p2a: Incineroar|15/100\n|cant|p1a: Calyrex|flinch\n|\n|upkeep\n|\n|t:|1773929941\n|switch|p2b: Lunala|Lunala, L50, shiny|100/100\n|turn|10\n|\n|t:|1773929960\n|switch|p2a: Amoonguss|Amoonguss, L50, M, shiny|35/100\n|move|p2b: Lunala|Wide Guard|p2b: Lunala\n|-singleturn|p2b: Lunala|Wide Guard\n|move|p1b: Miraidon|Electro Drift|p2b: Lunala\n|-crit|p2b: Lunala\n|-damage|p2b: Lunala|63/100\n|move|p1a: Calyrex|Glacial Lance|p2b: Lunala|[spread] \n|-activate|p2a: Amoonguss|move: Wide Guard\n|-activate|p2b: Lunala|move: Wide Guard\n|\n|upkeep\n|turn|11\n|\n|t:|1773929985\n|move|p2a: Amoonguss|Rage Powder|p2a: Amoonguss\n|-singleturn|p2a: Amoonguss|move: Rage Powder\n|move|p1b: Miraidon|Electro Drift|p2a: Amoonguss\n|-resisted|p2a: Amoonguss\n|-damage|p2a: Amoonguss|3/100\n|-damage|p1b: Miraidon|0 fnt|[from] item: Rocky Helmet|[of] p2a: Amoonguss\n|faint|p1b: Miraidon\n|move|p2b: Lunala|Moongeist Beam|p1a: Calyrex\n|-supereffective|p1a: Calyrex\n|-damage|p1a: Calyrex|24/100\n|move|p1a: Calyrex|Glacial Lance|p2b: Lunala|[spread] p2a,p2b\n|-supereffective|p2a: Amoonguss\n|-damage|p2a: Amoonguss|0 fnt\n|-damage|p2b: Lunala|26/100\n|faint|p2a: Amoonguss\n|-ability|p1a: Calyrex|Chilling Neigh|boost\n|-boost|p1a: Calyrex|atk|1\n|\n|upkeep\n|\n|t:|1773929996\n|switch|p2a: Incineroar|Incineroar, L50, M|15/100\n|-ability|p2a: Incineroar|Intimidate|boost\n|-fail|p1a: Calyrex|unboost|[from] item: Clear Amulet|[of] p1a: Calyrex\n|turn|12\n|\n|t:|1773930005\n|move|p1a: Calyrex|Protect|p1a: Calyrex\n|-singleturn|p1a: Calyrex|Protect\n|move|p2a: Incineroar|Fake Out|p1a: Calyrex\n|-activate|p1a: Calyrex|move: Protect\n|move|p2b: Lunala|Moongeist Beam|p1a: Calyrex\n|-activate|p1a: Calyrex|move: Protect\n|\n|upkeep\n|turn|13\n|\n|t:|1773930016\n|move|p2b: Lunala|Moongeist Beam|p1a: Calyrex\n|-supereffective|p1a: Calyrex\n|-damage|p1a: Calyrex|0 fnt\n|faint|p1a: Calyrex\n|\n|win|CHR1SPHX\n|raw|phip-phop's rating: 1181 &rarr; <strong>1162</strong><br />(-19 for losing)\n|raw|CHR1SPHX's rating: 1265 &rarr; <strong>1284</strong><br />(+19 for winning)\n|l|\u2606phip-phop\n|player|p1|\n|l|\u2606CHR1SPHX\n|player|p2|\n|j|\u2606CHR1SPHX\n|player|p2|CHR1SPHX|hilbert|\n","uploadtime":1773930077,"views":20,"formatid":"gen9vgc2026regi","rating":1162,"private":0,"password":null}