{"id":"gen9vgc2026regi-2572266214","format":"[Gen 9] VGC 2026 Reg I","players":["benjiapollo","KaiMVGC"],"log":"|j|\u2606benjiapollo\n|j|\u2606KaiMVGC\n|t:|1775003536\n|gametype|doubles\n|player|p1|benjiapollo|giovanni|1398\n|player|p2|KaiMVGC|boarder|1494\n|gen|9\n|tier|[Gen 9] VGC 2026 Reg I\n|rated|\n|rule|Species Clause: Limit one of each Pok\u00e9mon\n|rule|Item Clause: Limit 1 of each item\n|clearpoke\n|poke|p1|Calyrex-Shadow, L50|\n|poke|p1|Zamazenta-*, L50|\n|poke|p1|Urshifu-*, L50, F|\n|poke|p1|Incineroar, L50, F|\n|poke|p1|Rillaboom, L50, M|\n|poke|p1|Archaludon, L50, M|\n|poke|p2|Calyrex-Shadow, L50|\n|poke|p2|Zamazenta-*, L50|\n|poke|p2|Rillaboom, L50, M|\n|poke|p2|Raging Bolt, L50|\n|poke|p2|Smeargle, L50, M|\n|poke|p2|Tornadus, L50, M|\n|teampreview|4\n|\n|t:|1775003548\n|teamsize|p1|4\n|teamsize|p2|4\n|start\n|switch|p1a: Calyrex|Calyrex-Shadow, L50|100/100\n|switch|p1b: Zamazenta|Zamazenta-Crowned, L50|100/100\n|switch|p2a: T-Wind|Tornadus, L50, M|100/100\n|switch|p2b: Dark Void X|Smeargle, L50, M|100/100\n|-ability|p1a: Calyrex|As One\n|-ability|p1a: Calyrex|Unnerve\n|-ability|p1b: Zamazenta|Dauntless Shield|boost\n|-boost|p1b: Zamazenta|def|1\n|turn|1\n|inactive|Battle timer is ON: inactive players will automatically lose when time's up. (requested by benjiapollo)\n|inactive|KaiMVGC has 60 seconds left.\n|\n|t:|1775003582\n|switch|p1b: Rillaboom|Rillaboom, L50, M|100/100\n|-fieldstart|move: Grassy Terrain|[from] ability: Grassy Surge|[of] p1b: Rillaboom\n|move|p2b: Dark Void X|Fake Out|p1b: Rillaboom\n|-damage|p1b: Rillaboom|96/100\n|move|p1a: Calyrex|Psychic|p2b: Dark Void X\n|-enditem|p2b: Dark Void X|Focus Sash\n|-damage|p2b: Dark Void X|1/100\n|move|p2a: T-Wind|Bleakwind Storm|p1a: Calyrex|[spread] p1a,p1b\n|-supereffective|p1b: Rillaboom\n|-damage|p1a: Calyrex|51/100\n|-damage|p1b: Rillaboom|37/100\n|-unboost|p1b: Rillaboom|spe|1\n|\n|-heal|p1a: Calyrex|56/100|[from] Grassy Terrain\n|-heal|p2b: Dark Void X|7/100|[from] Grassy Terrain\n|-heal|p1b: Rillaboom|43/100|[from] Grassy Terrain\n|-ability|p2b: Dark Void X|Moody|boost\n|-boost|p2b: Dark Void X|spd|2\n|-unboost|p2b: Dark Void X|spa|1\n|upkeep\n|turn|2\n|\n|t:|1775003606\n|switch|p2b: 50 Zent|Zamazenta-Crowned, L50|100/100\n|-ability|p2b: 50 Zent|Dauntless Shield|boost\n|-boost|p2b: 50 Zent|def|1\n|move|p1a: Calyrex|Protect|p1a: Calyrex\n|-singleturn|p1a: Calyrex|Protect\n|move|p1b: Rillaboom|Grassy Glide|p2b: 50 Zent\n|-resisted|p2b: 50 Zent\n|-damage|p2b: 50 Zent|94/100\n|move|p2a: T-Wind|Bleakwind Storm|p1a: Calyrex|[spread] p1b\n|-activate|p1a: Calyrex|move: Protect\n|-supereffective|p1b: Rillaboom\n|-damage|p1b: Rillaboom|0 fnt\n|faint|p1b: Rillaboom\n|\n|-heal|p1a: Calyrex|62/100|[from] Grassy Terrain\n|-heal|p2b: 50 Zent|100/100|[from] Grassy Terrain\n|upkeep\n|j| thundersnd77\n|\n|t:|1775003621\n|switch|p1b: Zamazenta|Zamazenta-Crowned, L50|100/100\n|turn|3\n|\n|t:|1775003628\n|move|p1b: Zamazenta|Wide Guard|p1b: Zamazenta\n|-singleturn|p1b: Zamazenta|Wide Guard\n|move|p2a: T-Wind|Taunt|p1b: Zamazenta\n|-start|p1b: Zamazenta|move: Taunt\n|move|p1a: Calyrex|Psychic|p2b: 50 Zent\n|-damage|p2b: 50 Zent|61/100\n|move|p2b: 50 Zent|Heavy Slam|p1a: Calyrex\n|-damage|p1a: Calyrex|2/100\n|\n|-heal|p1a: Calyrex|8/100|[from] Grassy Terrain\n|-heal|p2b: 50 Zent|67/100|[from] Grassy Terrain\n|upkeep\n|turn|4\n|\n|t:|1775003644\n|move|p1a: Calyrex|Protect|p1a: Calyrex\n|-singleturn|p1a: Calyrex|Protect\n|move|p2a: T-Wind|Tailwind|p2a: T-Wind\n|-sidestart|p2: KaiMVGC|move: Tailwind\n|move|p2b: 50 Zent|Body Press|p1b: Zamazenta\n|-supereffective|p1b: Zamazenta\n|-damage|p1b: Zamazenta|24/100\n|move|p1b: Zamazenta|Body Press|p2b: 50 Zent\n|-supereffective|p2b: 50 Zent\n|-damage|p2b: 50 Zent|29/100\n|\n|-heal|p2b: 50 Zent|35/100|[from] Grassy Terrain\n|-heal|p1a: Calyrex|14/100|[from] Grassy Terrain\n|-heal|p1b: Zamazenta|31/100|[from] Grassy Terrain\n|upkeep\n|turn|5\n|\n|t:|1775003663\n|move|p2b: 50 Zent|Heavy Slam|p1a: Calyrex\n|-damage|p1a: Calyrex|0 fnt\n|faint|p1a: Calyrex\n|move|p2a: T-Wind|Bleakwind Storm|p1b: Zamazenta\n|-damage|p1b: Zamazenta|0 fnt\n|faint|p1b: Zamazenta\n|\n|-heal|p2b: 50 Zent|41/100|[from] Grassy Terrain\n|-fieldend|move: Grassy Terrain\n|upkeep\n|-message|benjiapollo forfeited.\n|\n|win|KaiMVGC\n|raw|benjiapollo's rating: 1398 &rarr; <strong>1383</strong><br />(-15 for losing)\n|raw|KaiMVGC's rating: 1494 &rarr; <strong>1509</strong><br />(+15 for winning)\n|l|\u2606KaiMVGC\n|player|p2|\n","uploadtime":1775003680,"views":15,"formatid":"gen9vgc2026regi","rating":1383,"private":0,"password":null}