{"id":"gen9vgc2026regi-2589995522","format":"[Gen 9] VGC 2026 Reg I","players":["stupid test7","Onedoctors"],"log":"|j|\u2606stupid test7\n|j|\u2606Onedoctors\n|t:|1776780055\n|gametype|doubles\n|player|p1|stupid test7|265|1423\n|player|p2|Onedoctors|veteran|1367\n|gen|9\n|tier|[Gen 9] VGC 2026 Reg I\n|rated|\n|rule|Species Clause: Limit one of each Pok\u00e9mon\n|rule|Item Clause: Limit 1 of each item\n|clearpoke\n|poke|p1|Kyogre, L50|\n|poke|p1|Indeedee-F, L50, F|\n|poke|p1|Ludicolo, L50, M|\n|poke|p1|Urshifu-*, L50, M|\n|poke|p1|Calyrex-Ice, L50|\n|poke|p1|Wyrdeer, L50, M|\n|poke|p2|Groudon, L50|\n|poke|p2|Walking Wake, L50|\n|poke|p2|Flutter Mane, L50|\n|poke|p2|Koraidon, L50|\n|poke|p2|Tornadus, L50, M|\n|poke|p2|Torkoal, L50, M|\n|teampreview|4\n|\n|t:|1776780109\n|teamsize|p1|4\n|teamsize|p2|4\n|start\n|switch|p1a: Indeedee|Indeedee-F, L50, F|100/100\n|switch|p1b: Wyrdeer|Wyrdeer, L50, M|100/100\n|switch|p2a: Groudon|Groudon, L50|100/100\n|switch|p2b: Walking Wake|Walking Wake, L50|100/100\n|-weather|SunnyDay|[from] ability: Drought|[of] p2a: Groudon\n|-activate|p2b: Walking Wake|ability: Protosynthesis\n|-start|p2b: Walking Wake|protosynthesisspe\n|-fieldstart|move: Psychic Terrain|[from] ability: Psychic Surge|[of] p1a: Indeedee\n|-enditem|p1a: Indeedee|Psychic Seed\n|-boost|p1a: Indeedee|spd|1|[from] item: Psychic Seed\n|-ability|p1b: Wyrdeer|Intimidate|boost\n|-fail|p2a: Groudon|unboost|[from] item: Clear Amulet|[of] p2a: Groudon\n|-unboost|p2b: Walking Wake|atk|1\n|turn|1\n|\n|t:|1776780131\n|move|p2b: Walking Wake|Hydro Steam|p1a: Indeedee\n|-damage|p1a: Indeedee|45/100\n|-damage|p2b: Walking Wake|91/100|[from] item: Life Orb\n|move|p2a: Groudon|Precipice Blades|p1b: Wyrdeer|[spread] p1a\n|-miss|p2a: Groudon|p1b: Wyrdeer\n|-damage|p1a: Indeedee|0 fnt\n|faint|p1a: Indeedee\n|move|p1b: Wyrdeer|Gravity|p1b: Wyrdeer\n|-fieldstart|move: Gravity\n|\n|-weather|SunnyDay|[upkeep]\n|upkeep\n|\n|t:|1776780142\n|switch|p1a: Kyogre|Kyogre, L50|100/100\n|-weather|RainDance|[from] ability: Drizzle|[of] p1a: Kyogre\n|-end|p2b: Walking Wake|Protosynthesis\n|turn|2\n|\n|t:|1776780157\n|switch|p2a: Torkoal|Torkoal, L50, M|100/100\n|-weather|SunnyDay|[from] ability: Drought|[of] p2a: Torkoal\n|-activate|p2b: Walking Wake|ability: Protosynthesis\n|-start|p2b: Walking Wake|protosynthesisspe\n|move|p2b: Walking Wake|Hydro Steam|p1b: Wyrdeer\n|-damage|p1b: Wyrdeer|40/100\n|-damage|p2b: Walking Wake|81/100|[from] item: Life Orb\n|move|p1a: Kyogre|Water Spout|p2a: Torkoal|[spread] p2a,p2b\n|-supereffective|p2a: Torkoal\n|-resisted|p2b: Walking Wake\n|-damage|p2a: Torkoal|56/100\n|-damage|p2b: Walking Wake|72/100\n|move|p1b: Wyrdeer|Hypnosis|p2b: Walking Wake\n|-status|p2b: Walking Wake|slp|[from] move: Hypnosis\n|\n|-weather|SunnyDay|[upkeep]\n|upkeep\n|turn|3\n|\n|t:|1776780187\n|-terastallize|p1a: Kyogre|Water\n|-terastallize|p2a: Torkoal|Grass\n|cant|p2b: Walking Wake|slp\n|move|p1a: Kyogre|Water Spout|p2a: Torkoal|[spread] p2a,p2b\n|-resisted|p2a: Torkoal\n|-resisted|p2b: Walking Wake\n|-damage|p2a: Torkoal|41/100\n|-damage|p2b: Walking Wake|60/100 slp\n|move|p2a: Torkoal|Solar Beam||[still]\n|-prepare|p2a: Torkoal|Solar Beam\n|-anim|p2a: Torkoal|Solar Beam|p1a: Kyogre\n|-supereffective|p1a: Kyogre\n|-damage|p1a: Kyogre|28/100\n|move|p1b: Wyrdeer|Trick Room|p1b: Wyrdeer\n|-fieldstart|move: Trick Room|[of] p1b: Wyrdeer\n|\n|-weather|SunnyDay|[upkeep]\n|upkeep\n|turn|4\n|\n|t:|1776780214\n|switch|p1a: Calyrex|Calyrex-Ice, L50|100/100\n|-ability|p1a: Calyrex|As One\n|-ability|p1a: Calyrex|Unnerve\n|move|p2a: Torkoal|Solar Beam||[still]\n|-prepare|p2a: Torkoal|Solar Beam\n|-anim|p2a: Torkoal|Solar Beam|p1b: Wyrdeer\n|-damage|p1b: Wyrdeer|6/100\n|move|p1b: Wyrdeer|Hypnosis|p2a: Torkoal\n|-status|p2a: Torkoal|slp|[from] move: Hypnosis\n|cant|p2b: Walking Wake|slp\n|\n|-weather|SunnyDay|[upkeep]\n|upkeep\n|turn|5\n|\n|t:|1776780250\n|cant|p2a: Torkoal|slp\n|move|p1b: Wyrdeer|Expanding Force|p2a: Torkoal|[spread] p2a,p2b\n|-damage|p2a: Torkoal|10/100 slp\n|-damage|p2b: Walking Wake|14/100 slp\n|move|p1a: Calyrex|Glacial Lance|p2b: Walking Wake|[spread] p2a,p2b\n|-supereffective|p2a: Torkoal\n|-crit|p2a: Torkoal\n|-damage|p2a: Torkoal|0 fnt\n|-damage|p2b: Walking Wake|0 fnt\n|faint|p2a: Torkoal\n|faint|p2b: Walking Wake\n|-end|p2b: Walking Wake|Protosynthesis|[silent]\n|-ability|p1a: Calyrex|Chilling Neigh|boost\n|-boost|p1a: Calyrex|atk|2\n|\n|-weather|SunnyDay|[upkeep]\n|-fieldend|move: Gravity\n|-fieldend|move: Psychic Terrain\n|upkeep\n|-message|Onedoctors forfeited.\n|\n|win|stupid test7\n|raw|stupid test7's rating: 1423 &rarr; <strong>1440</strong><br />(+17 for winning)\n|raw|Onedoctors's rating: 1367 &rarr; <strong>1350</strong><br />(-17 for losing)\n|l|\u2606Onedoctors\n|player|p2|\n|l|\u2606stupid test7\n|player|p1|\n","uploadtime":1776780493,"views":9,"formatid":"gen9vgc2026regi","rating":1350,"private":0,"password":null}