{"id":"gen9vgc2026regi-2568225054","format":"[Gen 9] VGC 2026 Reg I","players":["lattewave","Highkage2"],"log":"|j|\u2606lattewave\n|j|\u203dHighkage2\n|t:|1774557425\n|gametype|doubles\n|player|p1|lattewave|sisandbro|1497\n|player|p2|Highkage2|doubleteam|1608\n|gen|9\n|tier|[Gen 9] VGC 2026 Reg I\n|rated|\n|rule|Species Clause: Limit one of each Pok\u00e9mon\n|rule|Item Clause: Limit 1 of each item\n|clearpoke\n|poke|p1|Terapagos, L50, M|\n|poke|p1|Ogerpon-Wellspring, L50, F|\n|poke|p1|Toxapex, L50, F|\n|poke|p1|Ditto, L50|\n|poke|p1|Gouging Fire, L50|\n|poke|p1|Zacian-*, L50|\n|poke|p2|Incineroar, L50, F|\n|poke|p2|Calyrex-Ice, L50|\n|poke|p2|Miraidon, L50|\n|poke|p2|Iron Treads, L50|\n|poke|p2|Volcarona, L50, M|\n|poke|p2|Farigiraf, L50, M|\n|teampreview|4\n|inactive|Battle timer is ON: inactive players will automatically lose when time's up. (requested by lattewave)\n|inactive|Highkage2 has 60 seconds left.\n|\n|t:|1774557474\n|teamsize|p1|4\n|teamsize|p2|4\n|start\n|switch|p1a: Toxapex|Toxapex, L50, F|100/100\n|switch|p1b: Terapagos|Terapagos, L50, M|100/100\n|switch|p2a: Volcarona|Volcarona, L50, M|100/100\n|switch|p2b: Incineroar|Incineroar, L50, F|100/100\n|-activate|p1b: Terapagos|ability: Tera Shift\n|detailschange|p1b: Terapagos|Terapagos-Terastal, L50, M\n|-heal|p1b: Terapagos|100/100|[silent]\n|-ability|p2b: Incineroar|Intimidate|boost\n|-unboost|p1a: Toxapex|atk|1\n|-unboost|p1b: Terapagos|atk|1\n|turn|1\n|\n|t:|1774557489\n|move|p2a: Volcarona|Struggle Bug|p1a: Toxapex|[spread] p1a,p1b\n|-resisted|p1a: Toxapex\n|-activate|p1b: Terapagos|ability: Tera Shell\n|-resisted|p1b: Terapagos\n|-damage|p1a: Toxapex|94/100\n|-damage|p1b: Terapagos|94/100\n|-unboost|p1a: Toxapex|spa|1\n|-unboost|p1b: Terapagos|spa|1\n|move|p1b: Terapagos|Tera Starstorm|p2a: Volcarona\n|-damage|p2a: Volcarona|57/100\n|move|p2b: Incineroar|Knock Off|p1b: Terapagos\n|-damage|p1b: Terapagos|61/100\n|-enditem|p1b: Terapagos|Choice Specs|[from] move: Knock Off|[of] p2b: Incineroar\n|move|p1a: Toxapex|Infestation|p2a: Volcarona\n|-resisted|p2a: Volcarona\n|-damage|p2a: Volcarona|56/100\n|-activate|p2a: Volcarona|move: Infestation|[of] p1a: Toxapex\n|-damage|p1a: Toxapex|78/100|[from] item: Rocky Helmet|[of] p2a: Volcarona\n|\n|-damage|p2a: Volcarona|40/100|[from] move: Infestation|[partiallytrapped]\n|upkeep\n|turn|2\n|j| Chedda Bawls\n|inactive|Highkage2 has 30 seconds left.\n|\n|t:|1774557514\n|move|p2a: Volcarona|Will-O-Wisp|p1b: Terapagos\n|-status|p1b: Terapagos|brn\n|move|p1b: Terapagos|Tera Starstorm|p2b: Incineroar\n|-damage|p2b: Incineroar|78/100\n|move|p2b: Incineroar|U-turn|p1b: Terapagos\n|-damage|p1b: Terapagos|47/100 brn\n|\n|t:|1774557523\n|switch|p2b: Miraidon|Miraidon, L50|100/100|[from] U-turn\n|-fieldstart|move: Electric Terrain|[from] ability: Hadron Engine|[of] p2b: Miraidon\n|move|p1a: Toxapex|Infestation|p2b: Miraidon\n|-damage|p2b: Miraidon|98/100\n|-activate|p2b: Miraidon|move: Infestation|[of] p1a: Toxapex\n|\n|-damage|p1b: Terapagos|41/100 brn|[from] brn\n|-damage|p2b: Miraidon|82/100|[from] move: Infestation|[partiallytrapped]\n|-damage|p2a: Volcarona|23/100|[from] move: Infestation|[partiallytrapped]\n|upkeep\n|turn|3\n|\n|t:|1774557544\n|-terastallize|p1a: Toxapex|Ground\n|move|p2b: Miraidon|Volt Switch|p1b: Terapagos\n|-crit|p1b: Terapagos\n|-damage|p1b: Terapagos|0 fnt\n|faint|p1b: Terapagos\n|\n|t:|1774557552\n|switch|p2b: Iron Treads|Iron Treads, L50|100/100|[from] Volt Switch\n|-activate|p2b: Iron Treads|ability: Quark Drive\n|-start|p2b: Iron Treads|quarkdrivespe\n|move|p2a: Volcarona|Struggle Bug|p1a: Toxapex\n|-damage|p1a: Toxapex|60/100\n|-unboost|p1a: Toxapex|spa|1\n|move|p1a: Toxapex|Recover|p1a: Toxapex\n|-heal|p1a: Toxapex|100/100\n|\n|-damage|p2a: Volcarona|6/100|[from] move: Infestation|[partiallytrapped]\n|upkeep\n|\n|t:|1774557568\n|switch|p1b: Zacian|Zacian-Crowned, L50|100/100\n|-ability|p1b: Zacian|Intrepid Sword|boost\n|-boost|p1b: Zacian|atk|1\n|turn|4\n|\n|t:|1774557575\n|move|p1b: Zacian|Protect|p1b: Zacian\n|-singleturn|p1b: Zacian|Protect\n|move|p1a: Toxapex|Baneful Bunker|p1a: Toxapex\n|-singleturn|p1a: Toxapex|move: Protect\n|move|p2b: Iron Treads|High Horsepower|p1b: Zacian\n|-activate|p1b: Zacian|move: Protect\n|move|p2a: Volcarona|Overheat|p1a: Toxapex\n|-activate|p1a: Toxapex|move: Protect\n|\n|-damage|p2a: Volcarona|0 fnt|[from] move: Infestation|[partiallytrapped]\n|faint|p2a: Volcarona\n|upkeep\n|\n|t:|1774557587\n|switch|p2a: Miraidon|Miraidon, L50|82/100\n|-activate|p2a: Miraidon|ability: Hadron Engine\n|turn|5\n|\n|t:|1774557598\n|move|p2b: Iron Treads|High Horsepower|p1b: Zacian\n|-supereffective|p1b: Zacian\n|-damage|p1b: Zacian|0 fnt\n|faint|p1b: Zacian\n|move|p2a: Miraidon|Draco Meteor|p1a: Toxapex\n|-damage|p1a: Toxapex|3/100\n|-unboost|p2a: Miraidon|spa|2\n|move|p1a: Toxapex|Infestation|p2a: Miraidon\n|-damage|p2a: Miraidon|81/100\n|-activate|p2a: Miraidon|move: Infestation|[of] p1a: Toxapex\n|\n|-damage|p2a: Miraidon|64/100|[from] move: Infestation|[partiallytrapped]\n|upkeep\n|\n|t:|1774557608\n|switch|p1b: Ditto|Ditto, L50|100/100\n|-transform|p1b: Ditto|p2a: Miraidon|[from] ability: Imposter\n|-activate|p1b: Ditto|ability: Hadron Engine\n|turn|6\n|\n|t:|1774557625\n|move|p2b: Iron Treads|High Horsepower|p1b: Ditto\n|-supereffective|p1b: Ditto\n|-enditem|p1b: Ditto|Focus Sash\n|-damage|p1b: Ditto|1/100\n|move|p2a: Miraidon|Draco Meteor|p1b: Ditto\n|-supereffective|p1b: Ditto\n|-damage|p1b: Ditto|0 fnt\n|-unboost|p2a: Miraidon|spa|2\n|faint|p1b: Ditto\n|move|p1a: Toxapex|Recover|p1a: Toxapex\n|-heal|p1a: Toxapex|53/100\n|\n|-damage|p2a: Miraidon|48/100|[from] move: Infestation|[partiallytrapped]\n|-fieldend|move: Electric Terrain\n|-end|p2b: Iron Treads|Quark Drive\n|upkeep\n|turn|7\n|\n|t:|1774557644\n|-end|p2b: Iron Treads|Quark Drive|[silent]\n|switch|p2b: Incineroar|Incineroar, L50, F|78/100\n|-ability|p2b: Incineroar|Intimidate|boost\n|-unboost|p1a: Toxapex|atk|1\n|move|p2a: Miraidon|Draco Meteor|p1a: Toxapex\n|-damage|p1a: Toxapex|24/100\n|-unboost|p2a: Miraidon|spa|2\n|move|p1a: Toxapex|Recover|p1a: Toxapex\n|-heal|p1a: Toxapex|74/100\n|\n|-damage|p2a: Miraidon|32/100|[from] move: Infestation|[partiallytrapped]\n|upkeep\n|turn|8\n|\n|t:|1774557664\n|switch|p2b: Iron Treads|Iron Treads, L50|100/100\n|move|p1a: Toxapex|Baneful Bunker|p1a: Toxapex\n|-singleturn|p1a: Toxapex|move: Protect\n|move|p2a: Miraidon|Draco Meteor|p1a: Toxapex\n|-activate|p1a: Toxapex|move: Protect\n|\n|-damage|p2a: Miraidon|16/100|[from] move: Infestation|[partiallytrapped]\n|upkeep\n|turn|9\n|\n|t:|1774557671\n|move|p2a: Miraidon|Draco Meteor|p1a: Toxapex\n|-damage|p1a: Toxapex|53/100\n|move|p2b: Iron Treads|Iron Head|p1a: Toxapex\n|-damage|p1a: Toxapex|13/100\n|move|p1a: Toxapex|Recover|p1a: Toxapex\n|-heal|p1a: Toxapex|63/100\n|\n|-damage|p2a: Miraidon|0 fnt|[from] move: Infestation|[partiallytrapped]\n|faint|p2a: Miraidon\n|upkeep\n|\n|t:|1774557679\n|switch|p2a: Incineroar|Incineroar, L50, F|78/100\n|-ability|p2a: Incineroar|Intimidate|boost\n|-unboost|p1a: Toxapex|atk|1\n|turn|10\n|\n|t:|1774557690\n|move|p1a: Toxapex|Baneful Bunker|p1a: Toxapex\n|-singleturn|p1a: Toxapex|move: Protect\n|move|p2a: Incineroar|Fake Out|p1a: Toxapex\n|-activate|p1a: Toxapex|move: Protect\n|-status|p2a: Incineroar|psn\n|move|p2b: Iron Treads|Iron Head|p1a: Toxapex\n|-activate|p1a: Toxapex|move: Protect\n|\n|-damage|p2a: Incineroar|66/100 psn|[from] psn\n|upkeep\n|turn|11\n|\n|t:|1774557699\n|move|p2b: Iron Treads|Iron Head|p1a: Toxapex\n|-damage|p1a: Toxapex|22/100\n|move|p2a: Incineroar|Flare Blitz|p1a: Toxapex\n|-damage|p1a: Toxapex|0 fnt\n|faint|p1a: Toxapex\n|-damage|p2a: Incineroar|60/100 psn|[from] Recoil\n|\n|win|Highkage2\n|raw|lattewave's rating: 1497 &rarr; <strong>1483</strong><br />(-14 for losing)\n|raw|Highkage2's rating: 1608 &rarr; <strong>1622</strong><br />(+14 for winning)\n|l|\u2606lattewave\n|player|p1|\n|l| Chedda Bawls\n|l|\u203dHighkage2\n|player|p2|\n","uploadtime":1774557963,"views":9,"formatid":"gen9vgc2026regi","rating":1483,"private":0,"password":null}