{"id":"gen9vgc2026regi-2553609418","format":"[Gen 9] VGC 2026 Reg I","players":["KaiMVGC","NK47B"],"log":"|j|\u2606KaiMVGC\n|j|\u2606NK47B\n|t:|1772850498\n|gametype|doubles\n|player|p1|KaiMVGC|boarder|1204\n|player|p2|NK47B|102|1171\n|gen|9\n|tier|[Gen 9] VGC 2026 Reg I\n|rated|\n|rule|Species Clause: Limit one of each Pok\u00e9mon\n|rule|Item Clause: Limit 1 of each item\n|clearpoke\n|poke|p1|Calyrex-Shadow, L50|\n|poke|p1|Zamazenta-*, L50|\n|poke|p1|Incineroar, L50, M|\n|poke|p1|Rillaboom, L50, F|\n|poke|p1|Amoonguss, L50, F|\n|poke|p1|Urshifu-*, L50, M|\n|poke|p2|Kyurem-White, L50|\n|poke|p2|Ninetales-Alola, L50, F|\n|poke|p2|Tornadus, L50, M|\n|poke|p2|Zamazenta-*, L50|\n|poke|p2|Chi-Yu, L50|\n|poke|p2|Ogerpon-Wellspring, L50, F|\n|teampreview|4\n|inactive|Battle timer is ON: inactive players will automatically lose when time's up. (requested by NK47B)\n|c|\u2606NK47B|gl hf\n|c|\u2606KaiMVGC|u too\n|\n|t:|1772850556\n|teamsize|p1|4\n|teamsize|p2|4\n|start\n|switch|p1a: Calyrex|Calyrex-Shadow, L50|100/100\n|switch|p1b: Incineroar|Incineroar, L50, M|100/100\n|switch|p2a: Ninetales|Ninetales-Alola, L50, F|100/100\n|switch|p2b: Tornadus|Tornadus, L50, M|100/100\n|-ability|p1a: Calyrex|As One\n|-ability|p1a: Calyrex|Unnerve\n|-weather|Snowscape|[from] ability: Snow Warning|[of] p2a: Ninetales\n|-ability|p1b: Incineroar|Intimidate|boost\n|-unboost|p2a: Ninetales|atk|1\n|-unboost|p2b: Tornadus|atk|1\n|turn|1\n|\n|t:|1772850564\n|-terastallize|p2a: Ninetales|Ghost\n|move|p1b: Incineroar|Fake Out|p2a: Ninetales\n|-immune|p2a: Ninetales\n|move|p2b: Tornadus|Tailwind|p2b: Tornadus\n|-sidestart|p2: NK47B|move: Tailwind\n|move|p2a: Ninetales|Aurora Veil|p2a: Ninetales\n|-sidestart|p2: NK47B|move: Aurora Veil\n|move|p1a: Calyrex|Nasty Plot|p1a: Calyrex\n|-boost|p1a: Calyrex|spa|2\n|\n|-weather|Snowscape|[upkeep]\n|upkeep\n|turn|2\n|\n|t:|1772850579\n|move|p1a: Calyrex|Protect|p1a: Calyrex\n|-singleturn|p1a: Calyrex|Protect\n|move|p2a: Ninetales|Icy Wind|p1b: Incineroar|[spread] p1b\n|-activate|p1a: Calyrex|move: Protect\n|-resisted|p1b: Incineroar\n|-damage|p1b: Incineroar|93/100\n|-unboost|p1b: Incineroar|spe|1\n|move|p2b: Tornadus|Bleakwind Storm|p1b: Incineroar|[spread] p1b\n|-activate|p1a: Calyrex|move: Protect\n|-damage|p1b: Incineroar|65/100\n|move|p1b: Incineroar|Knock Off|p2b: Tornadus\n|-damage|p2b: Tornadus|76/100\n|-enditem|p2b: Tornadus|Covert Cloak|[from] move: Knock Off|[of] p1b: Incineroar\n|\n|-weather|Snowscape|[upkeep]\n|upkeep\n|turn|3\n|\n|t:|1772850597\n|-terastallize|p1a: Calyrex|Ghost\n|move|p2a: Ninetales|Icy Wind|p1b: Incineroar|[spread] p1a,p1b\n|-resisted|p1b: Incineroar\n|-damage|p1a: Calyrex|83/100\n|-damage|p1b: Incineroar|58/100\n|-unboost|p1a: Calyrex|spe|1\n|-unboost|p1b: Incineroar|spe|1\n|move|p2b: Tornadus|Bleakwind Storm|p1b: Incineroar|[spread] \n|-miss|p2b: Tornadus|p1a: Calyrex\n|-miss|p2b: Tornadus|p1b: Incineroar\n|move|p1a: Calyrex|Astral Barrage|p2b: Tornadus|[spread] p2a,p2b\n|-supereffective|p2a: Ninetales\n|-enditem|p2a: Ninetales|Focus Sash\n|-damage|p2a: Ninetales|1/100\n|-damage|p2b: Tornadus|0 fnt\n|faint|p2b: Tornadus\n|-ability|p1a: Calyrex|Grim Neigh|boost\n|-boost|p1a: Calyrex|spa|1\n|move|p1b: Incineroar|Parting Shot|p2a: Ninetales\n|-unboost|p2a: Ninetales|atk|1\n|-unboost|p2a: Ninetales|spa|1\n|\n|t:|1772850604\n|switch|p1b: Zamazenta|Zamazenta-Crowned, L50|100/100|[from] Parting Shot\n|-ability|p1b: Zamazenta|Dauntless Shield|boost\n|-boost|p1b: Zamazenta|def|1\n|\n|-weather|Snowscape|[upkeep]\n|upkeep\n|\n|t:|1772850613\n|switch|p2b: Kyurem|Kyurem-White, L50|100/100\n|-ability|p2b: Kyurem|Turboblaze\n|turn|4\n|\n|t:|1772850629\n|move|p2a: Ninetales|Icy Wind|p1b: Zamazenta|[spread] p1a,p1b\n|-resisted|p1b: Zamazenta\n|-damage|p1a: Calyrex|73/100\n|-damage|p1b: Zamazenta|97/100\n|-unboost|p1a: Calyrex|spe|1\n|-unboost|p1b: Zamazenta|spe|1\n|move|p2b: Kyurem|Fusion Flare|p1b: Zamazenta\n|-supereffective|p1b: Zamazenta\n|-damage|p1b: Zamazenta|46/100\n|move|p1a: Calyrex|Astral Barrage|p2b: Kyurem|[spread] p2a,p2b\n|-supereffective|p2a: Ninetales\n|-damage|p2a: Ninetales|0 fnt\n|-damage|p2b: Kyurem|33/100\n|faint|p2a: Ninetales\n|-ability|p1a: Calyrex|Grim Neigh|boost\n|-boost|p1a: Calyrex|spa|1\n|move|p1b: Zamazenta|Body Press|p2b: Kyurem\n|-supereffective|p2b: Kyurem\n|-damage|p2b: Kyurem|0 fnt\n|faint|p2b: Kyurem\n|\n|-weather|Snowscape|[upkeep]\n|-sideend|p2: NK47B|move: Tailwind\n|upkeep\n|\n|t:|1772850645\n|switch|p2b: Zamazenta|Zamazenta-Crowned, L50|100/100\n|-ability|p2b: Zamazenta|Dauntless Shield|boost\n|-boost|p2b: Zamazenta|def|1\n|turn|5\n|c|\u2606NK47B|gg\n|c|\u2606KaiMVGC|gg\n|\n|t:|1772850654\n|move|p2b: Zamazenta|Behemoth Bash|p1a: Calyrex\n|-damage|p1a: Calyrex|25/100\n|move|p1a: Calyrex|Psychic|p2b: Zamazenta\n|-damage|p2b: Zamazenta|28/100\n|move|p1b: Zamazenta|Body Press|p2b: Zamazenta\n|-supereffective|p2b: Zamazenta\n|-damage|p2b: Zamazenta|0 fnt\n|faint|p2b: Zamazenta\n|\n|win|KaiMVGC\n|raw|KaiMVGC's rating: 1204 &rarr; <strong>1227</strong><br />(+23 for winning)\n|raw|NK47B's rating: 1171 &rarr; <strong>1148</strong><br />(-23 for losing)\n","uploadtime":1772850658,"views":18,"formatid":"gen9vgc2026regi","rating":1148,"private":0,"password":null}