{"id":"gen9vgc2026regi-2560894129","format":"[Gen 9] VGC 2026 Reg I","players":["ohko_muk","hfyssgtslaaa"],"log":"|j|\u2606ohko_muk\n|j|\u2606hfyssgtslaaa\n|t:|1773744032\n|gametype|doubles\n|player|p1|ohko_muk|gambler|1234\n|player|p2|hfyssgtslaaa|may-masters2|1186\n|gen|9\n|tier|[Gen 9] VGC 2026 Reg I\n|rated|\n|rule|Species Clause: Limit one of each Pok\u00e9mon\n|rule|Item Clause: Limit 1 of each item\n|clearpoke\n|poke|p1|Ogerpon, L50, F|\n|poke|p1|Farigiraf, L50, M|\n|poke|p1|Torkoal, L50, M|\n|poke|p1|Smeargle, L50, M|\n|poke|p1|Enamorus-Therian, L50, F|\n|poke|p1|Flamigo, L50, M|\n|poke|p2|Raging Bolt, L50|\n|poke|p2|Chien-Pao, L50|\n|poke|p2|Calyrex-Shadow, L50|\n|poke|p2|Rillaboom, L50, M|\n|poke|p2|Amoonguss, L50, F|\n|poke|p2|Zamazenta-*, L50|\n|teampreview|4\n|inactive|Battle timer is ON: inactive players will automatically lose when time's up. (requested by hfyssgtslaaa)\n|inactive|ohko_muk has 60 seconds left.\n|inactive|hfyssgtslaaa has 60 seconds left.\n|inactive|ohko_muk has 30 seconds left.\n|\n|t:|1773744097\n|teamsize|p1|4\n|teamsize|p2|4\n|start\n|switch|p1a: Farigiraf|Farigiraf, L50, M|100/100\n|switch|p1b: Smeargle|Smeargle, L50, M|100/100\n|switch|p2a: Calyrex|Calyrex-Shadow, L50|100/100\n|switch|p2b: Zamazenta|Zamazenta-Crowned, L50|100/100\n|-ability|p2a: Calyrex|As One\n|-ability|p2a: Calyrex|Unnerve\n|-ability|p2b: Zamazenta|Dauntless Shield|boost\n|-boost|p2b: Zamazenta|def|1\n|turn|1\n|\n|t:|1773744115\n|move|p1b: Smeargle|Fake Out|p2b: Zamazenta\n|-resisted|p2b: Zamazenta\n|-damage|p2b: Zamazenta|99/100\n|move|p2a: Calyrex|Astral Barrage|p1a: Farigiraf|[spread] \n|-immune|p1a: Farigiraf\n|-immune|p1b: Smeargle\n|cant|p2b: Zamazenta|flinch\n|move|p1a: Farigiraf|Trick Room|p1a: Farigiraf\n|-fieldstart|move: Trick Room|[of] p1a: Farigiraf\n|\n|-ability|p1b: Smeargle|Moody|boost\n|-boost|p1b: Smeargle|spa|2\n|-unboost|p1b: Smeargle|def|1\n|-enditem|p1b: Smeargle|Eject Pack\n|upkeep\n|inactive|ohko_muk has 30 seconds left.\n|\n|t:|1773744140\n|switch|p1b: Torkoal|Torkoal, L50, M|100/100\n|-weather|SunnyDay|[from] ability: Drought|[of] p1b: Torkoal\n|turn|2\n|\n|t:|1773744154\n|-terastallize|p1b: Torkoal|Fire\n|-terastallize|p2b: Zamazenta|Water\n|move|p2a: Calyrex|Protect|p2a: Calyrex\n|-singleturn|p2a: Calyrex|Protect\n|move|p1b: Torkoal|Eruption|p2a: Calyrex|[spread] p2b\n|-activate|p2a: Calyrex|move: Protect\n|-resisted|p2b: Zamazenta\n|-crit|p2b: Zamazenta\n|-damage|p2b: Zamazenta|42/100\n|move|p1a: Farigiraf|Psychic|p2a: Calyrex\n|-activate|p2a: Calyrex|move: Protect\n|move|p2b: Zamazenta|Body Press|p1b: Torkoal\n|-damage|p1b: Torkoal|47/100\n|\n|-weather|SunnyDay|[upkeep]\n|upkeep\n|turn|3\n|\n|t:|1773744177\n|switch|p2a: Raging Bolt|Raging Bolt, L50|100/100\n|-activate|p2a: Raging Bolt|ability: Protosynthesis\n|-start|p2a: Raging Bolt|protosynthesisspa\n|move|p1b: Torkoal|Weather Ball|p2a: Raging Bolt\n|-resisted|p2a: Raging Bolt\n|-damage|p2a: Raging Bolt|61/100\n|move|p1a: Farigiraf|Psychic|p2a: Raging Bolt\n|-damage|p2a: Raging Bolt|26/100\n|move|p2b: Zamazenta|Body Press|p1b: Torkoal\n|-damage|p1b: Torkoal|0 fnt\n|faint|p1b: Torkoal\n|\n|-weather|SunnyDay|[upkeep]\n|upkeep\n|\n|t:|1773744182\n|switch|p1b: Enamorus|Enamorus-Therian, L50, F|100/100\n|turn|4\n|\n|t:|1773744196\n|move|p2a: Raging Bolt|Protect|p2a: Raging Bolt\n|-singleturn|p2a: Raging Bolt|Protect\n|move|p2b: Zamazenta|Protect|p2b: Zamazenta\n|-singleturn|p2b: Zamazenta|Protect\n|move|p1b: Enamorus|Dazzling Gleam|p2a: Raging Bolt|[spread] \n|-activate|p2a: Raging Bolt|move: Protect\n|-activate|p2b: Zamazenta|move: Protect\n|move|p1a: Farigiraf|Hyper Voice|p2a: Raging Bolt|[spread] \n|-activate|p2a: Raging Bolt|move: Protect\n|-activate|p2b: Zamazenta|move: Protect\n|\n|-weather|SunnyDay|[upkeep]\n|upkeep\n|turn|5\n|\n|t:|1773744217\n|move|p1b: Enamorus|Moonblast|p2b: Zamazenta\n|-damage|p2b: Zamazenta|0 fnt\n|faint|p2b: Zamazenta\n|-damage|p1b: Enamorus|91/100|[from] item: Life Orb\n|move|p1a: Farigiraf|Psychic|p2a: Raging Bolt\n|-damage|p2a: Raging Bolt|0 fnt\n|faint|p2a: Raging Bolt\n|-end|p2a: Raging Bolt|Protosynthesis|[silent]\n|\n|-weather|SunnyDay|[upkeep]\n|-fieldend|move: Trick Room\n|upkeep\n|\n|t:|1773744228\n|switch|p2b: Chien-Pao|Chien-Pao, L50|100/100\n|switch|p2a: Calyrex|Calyrex-Shadow, L50|100/100\n|-ability|p2a: Calyrex|As One\n|-ability|p2a: Calyrex|Unnerve\n|-ability|p2b: Chien-Pao|Sword of Ruin\n|turn|6\n|\n|t:|1773744245\n|move|p2a: Calyrex|Astral Barrage|p1a: Farigiraf|[spread] p1b\n|-immune|p1a: Farigiraf\n|-damage|p1b: Enamorus|37/100\n|move|p2b: Chien-Pao|Taunt|p1a: Farigiraf\n|-start|p1a: Farigiraf|move: Taunt\n|move|p1b: Enamorus|Dazzling Gleam|p2b: Chien-Pao|[spread] p2a,p2b\n|-supereffective|p2b: Chien-Pao\n|-damage|p2a: Calyrex|52/100\n|-damage|p2b: Chien-Pao|0 fnt\n|faint|p2b: Chien-Pao\n|-damage|p1b: Enamorus|27/100|[from] item: Life Orb\n|cant|p1a: Farigiraf|move: Taunt|Trick Room\n|\n|-weather|none\n|upkeep\n|turn|7\n|-message|hfyssgtslaaa forfeited.\n|\n|win|ohko_muk\n|raw|ohko_muk's rating: 1234 &rarr; <strong>1256</strong><br />(+22 for winning)\n|raw|hfyssgtslaaa's rating: 1186 &rarr; <strong>1164</strong><br />(-22 for losing)\n|l|\u2606hfyssgtslaaa\n|player|p2|\n|l|\u2606ohko_muk\n|player|p1|\n","uploadtime":1773744428,"views":10,"formatid":"gen9vgc2026regi","rating":1164,"private":0,"password":null}