{"id":"gen9vgc2026regi-2573404481","format":"[Gen 9] VGC 2026 Reg I","players":["itsxaver","chenxiangruxie"],"log":"|j|\u2606itsxaver\n|j|\u2606chenxiangruxie\n|t:|1775133256\n|gametype|doubles\n|player|p1|itsxaver|102|1443\n|player|p2|chenxiangruxie|dawn-gen4pt|1662\n|gen|9\n|tier|[Gen 9] VGC 2026 Reg I\n|rated|\n|rule|Species Clause: Limit one of each Pok\u00e9mon\n|rule|Item Clause: Limit 1 of each item\n|clearpoke\n|poke|p1|Miraidon, L50|\n|poke|p1|Groudon, L50|\n|poke|p1|Flutter Mane, L50|\n|poke|p1|Dragonite, L50, M|\n|poke|p1|Chien-Pao, L50|\n|poke|p1|Chi-Yu, L50|\n|poke|p2|Tornadus, L50, M|\n|poke|p2|Miraidon, L50|\n|poke|p2|Iron Moth, L50|\n|poke|p2|Urshifu-*, L50, M|\n|poke|p2|Calyrex-Ice, L50|\n|poke|p2|Landorus, L50, M|\n|teampreview|4\n|inactive|Battle timer is ON: inactive players will automatically lose when time's up. (requested by itsxaver)\nitsxaver rejected open team sheets.\n|\n|t:|1775133293\n|teamsize|p1|4\n|teamsize|p2|4\n|start\n|switch|p1a: Groudon|Groudon, L50|100/100\n|switch|p1b: Dragonite|Dragonite, L50, M|100/100\n|switch|p2a: Tornadus|Tornadus, L50, M|100/100\n|switch|p2b: Iron Moth|Iron Moth, L50|100/100\n|-weather|SunnyDay|[from] ability: Drought|[of] p1a: Groudon\n|turn|1\n|inactive|itsxaver has 30 seconds left.\n|inactive|chenxiangruxie has 30 seconds left.\n|\n|t:|1775133323\n|-terastallize|p1b: Dragonite|Normal\n|move|p1a: Groudon|Helping Hand|p1b: Dragonite\n|-singleturn|p1b: Dragonite|Helping Hand|[of] p1a: Groudon\n|move|p2b: Iron Moth|Protect|p2b: Iron Moth\n|-singleturn|p2b: Iron Moth|Protect\n|move|p1b: Dragonite|Extreme Speed|p2a: Tornadus\n|-enditem|p2a: Tornadus|Focus Sash\n|-damage|p2a: Tornadus|1/100\n|move|p2a: Tornadus|Bleakwind Storm|p1b: Dragonite|[spread] p1a\n|-miss|p2a: Tornadus|p1b: Dragonite\n|-crit|p1a: Groudon\n|-damage|p1a: Groudon|54/100\n|\n|-weather|SunnyDay|[upkeep]\n|upkeep\n|turn|2\n|inactive|itsxaver has 30 seconds left.\n|inactive|chenxiangruxie has 30 seconds left.\n|inactive|itsxaver has 20 seconds left.\n|inactive|chenxiangruxie has 20 seconds left.\n|inactive|itsxaver has 15 seconds left.\n|\n|t:|1775133365\n|move|p1a: Groudon|Helping Hand|p1b: Dragonite\n|-singleturn|p1b: Dragonite|Helping Hand|[of] p1a: Groudon\n|move|p1b: Dragonite|Extreme Speed|p2b: Iron Moth\n|-damage|p2b: Iron Moth|0 fnt\n|faint|p2b: Iron Moth\n|-end|p2b: Iron Moth|Quark Drive|[silent]\n|move|p2a: Tornadus|Bleakwind Storm|p1a: Groudon|[spread] p1a,p1b\n|-damage|p1a: Groudon|20/100\n|-damage|p1b: Dragonite|66/100\n|\n|-weather|SunnyDay|[upkeep]\n|upkeep\n|\n|t:|1775133378\n|switch|p2b: Landorus|Landorus, L50, M|100/100\n|turn|3\n|\n|t:|1775133389\n|move|p1a: Groudon|Helping Hand|p1b: Dragonite\n|-singleturn|p1b: Dragonite|Helping Hand|[of] p1a: Groudon\n|move|p2b: Landorus|Protect|p2b: Landorus\n|-singleturn|p2b: Landorus|Protect\n|move|p1b: Dragonite|Extreme Speed|p2b: Landorus\n|-activate|p2b: Landorus|move: Protect\n|move|p2a: Tornadus|Bleakwind Storm|p1b: Dragonite|[spread] p1b\n|-miss|p2a: Tornadus|p1a: Groudon\n|-damage|p1b: Dragonite|29/100\n|-unboost|p1b: Dragonite|spe|1\n|\n|-weather|SunnyDay|[upkeep]\n|upkeep\n|turn|4\n|\n|t:|1775133408\n|move|p2b: Landorus|Protect|p2b: Landorus\n|-singleturn|p2b: Landorus|Protect\n|move|p1a: Groudon|Protect|p1a: Groudon\n|-singleturn|p1a: Groudon|Protect\n|move|p1b: Dragonite|Extreme Speed|p2a: Tornadus\n|-damage|p2a: Tornadus|0 fnt\n|faint|p2a: Tornadus\n|\n|-weather|SunnyDay|[upkeep]\n|upkeep\n|\n|t:|1775133417\n|switch|p2a: Miraidon|Miraidon, L50|100/100\n|-fieldstart|move: Electric Terrain|[from] ability: Hadron Engine|[of] p2a: Miraidon\n|turn|5\n|\n|t:|1775133430\n|move|p1a: Groudon|Helping Hand|p1b: Dragonite\n|-singleturn|p1b: Dragonite|Helping Hand|[of] p1a: Groudon\n|move|p1b: Dragonite|Extreme Speed|p2a: Miraidon\n|-damage|p2a: Miraidon|0 fnt\n|faint|p2a: Miraidon\n|move|p2b: Landorus|Sandsear Storm|p1b: Dragonite|[spread] p1b\n|-miss|p2b: Landorus|p1a: Groudon\n|-damage|p1b: Dragonite|0 fnt\n|faint|p1b: Dragonite\n|\n|-weather|none\n|upkeep\n|\n|t:|1775133454\n|switch|p1b: Chi-Yu|Chi-Yu, L50|100/100\n|-ability|p1b: Chi-Yu|Beads of Ruin\n|turn|6\n|\n|t:|1775133472\n|-terastallize|p2b: Landorus|Water\n|move|p1a: Groudon|Helping Hand|p1b: Chi-Yu\n|-singleturn|p1b: Chi-Yu|Helping Hand|[of] p1a: Groudon\n|move|p1b: Chi-Yu|Flamethrower|p2b: Landorus\n|-resisted|p2b: Landorus\n|-damage|p2b: Landorus|43/100\n|move|p2b: Landorus|Sandsear Storm|p1a: Groudon|[spread] p1a\n|-miss|p2b: Landorus|p1b: Chi-Yu\n|-crit|p1a: Groudon\n|-damage|p1a: Groudon|0 fnt\n|faint|p1a: Groudon\n|\n|upkeep\n|\n|t:|1775133477\n|switch|p1a: Chien-Pao|Chien-Pao, L50|100/100\n|-ability|p1a: Chien-Pao|Sword of Ruin\n|turn|7\n|-message|chenxiangruxie forfeited.\n|\n|win|itsxaver\n|raw|itsxaver's rating: 1443 &rarr; <strong>1474</strong><br />(+31 for winning)\n|raw|chenxiangruxie's rating: 1662 &rarr; <strong>1631</strong><br />(-31 for losing)\n|l|\u2606chenxiangruxie\n|player|p2|\n|l|\u2606itsxaver\n|player|p1|\n","uploadtime":1775133650,"views":13,"formatid":"gen9vgc2026regi","rating":1474,"private":0,"password":null}