{"id":"gen9vgc2026regi-2527491588","format":"[Gen 9] VGC 2026 Reg I","players":["ramons","Schimmli"],"log":"|j|\u203dramons\n|j|\u2606Schimmli\n|t:|1769543150\n|gametype|doubles\n|player|p1|ramons|169|1325\n|player|p2|Schimmli|101|1432\n|gen|9\n|tier|[Gen 9] VGC 2026 Reg I\n|rated|\n|rule|Species Clause: Limit one of each Pok\u00e9mon\n|rule|Item Clause: Limit 1 of each item\n|clearpoke\n|poke|p1|Koraidon, L50|\n|poke|p1|Necrozma-Dawn-Wings, L50|\n|poke|p1|Entei, L50|\n|poke|p1|Whimsicott, L50, F|\n|poke|p1|Klefki, L50, F|\n|poke|p1|Hitmonchan, L50, M|\n|poke|p2|Kyogre, L50|\n|poke|p2|Tornadus, L50, M|\n|poke|p2|Urshifu-*, L50, M|\n|poke|p2|Landorus, L50, M|\n|poke|p2|Flutter Mane, L50|\n|poke|p2|Zamazenta-*, L50|\n|teampreview|4\n|\n|t:|1769543202\n|teamsize|p1|4\n|teamsize|p2|4\n|start\n|switch|p1a: Klefki|Klefki, L50, F|100/100\n|switch|p1b: Hitmonchan|Hitmonchan, L50, M|100/100\n|switch|p2a: Tornadus|Tornadus, L50, M|100/100\n|switch|p2b: Landorus|Landorus, L50, M|100/100\n|turn|1\n|\n|t:|1769543217\n|move|p1b: Hitmonchan|Fake Out|p2b: Landorus\n|-damage|p2b: Landorus|87/100\n|move|p2a: Tornadus|Bleakwind Storm|p1a: Klefki|[spread] p1a\n|-miss|p2a: Tornadus|p1b: Hitmonchan\n|-resisted|p1a: Klefki\n|-damage|p1a: Klefki|84/100\n|cant|p2b: Landorus|flinch\n|move|p1a: Klefki|Trick Room|p1a: Klefki\n|-fieldstart|move: Trick Room|[of] p1a: Klefki\n|\n|upkeep\n|turn|2\n|\n|t:|1769543252\n|move|p1a: Klefki|Dazzling Gleam|p2a: Tornadus|[spread] p2a,p2b\n|-damage|p2a: Tornadus|81/100\n|-damage|p2b: Landorus|69/100\n|move|p1b: Hitmonchan|Poison Jab|p2a: Tornadus\n|-damage|p2a: Tornadus|57/100\n|move|p2b: Landorus|Sandsear Storm|p1b: Hitmonchan|[spread] p1a,p1b\n|-supereffective|p1a: Klefki\n|-damage|p1a: Klefki|0 fnt\n|-damage|p1b: Hitmonchan|26/100\n|faint|p1a: Klefki\n|move|p2a: Tornadus|Bleakwind Storm|p1b: Hitmonchan|[miss]\n|-miss|p2a: Tornadus|p1b: Hitmonchan\n|\n|upkeep\n|\n|t:|1769543266\n|switch|p1a: Necrozma|Necrozma-Dawn-Wings, L50|100/100\n|turn|3\n|\n|t:|1769543276\n|move|p2a: Tornadus|Protect|p2a: Tornadus\n|-singleturn|p2a: Tornadus|Protect\n|move|p2b: Landorus|Protect|p2b: Landorus\n|-singleturn|p2b: Landorus|Protect\n|move|p1b: Hitmonchan|Poison Jab|p2a: Tornadus\n|-activate|p2a: Tornadus|move: Protect\n|move|p1a: Necrozma|Meteor Beam||[still]\n|-prepare|p1a: Necrozma|Meteor Beam\n|-boost|p1a: Necrozma|spa|1\n|\n|upkeep\n|turn|4\n|\n|t:|1769543305\n|move|p1b: Hitmonchan|Poison Jab|p2a: Tornadus\n|-damage|p2a: Tornadus|30/100\n|move|p1a: Necrozma|Meteor Beam|p2b: Landorus|[from] lockedmove\n|-damage|p2b: Landorus|0 fnt\n|faint|p2b: Landorus\n|move|p2a: Tornadus|Bleakwind Storm|p1a: Necrozma|[spread] p1a,p1b\n|-supereffective|p1b: Hitmonchan\n|-crit|p1b: Hitmonchan\n|-damage|p1a: Necrozma|77/100\n|-damage|p1b: Hitmonchan|0 fnt\n|faint|p1b: Hitmonchan\n|\n|upkeep\n|\n|t:|1769543321\n|switch|p1b: Koraidon|Koraidon, L50|100/100\n|switch|p2b: Zamazenta|Zamazenta-Crowned, L50|100/100\n|-weather|SunnyDay|[from] ability: Orichalcum Pulse|[of] p1b: Koraidon\n|-activate|p1b: Koraidon|Orichalcum Pulse|[source]\n|-ability|p2b: Zamazenta|Dauntless Shield|boost\n|-boost|p2b: Zamazenta|def|1\n|turn|5\n|\n|t:|1769543336\n|move|p2b: Zamazenta|Protect|p2b: Zamazenta\n|-singleturn|p2b: Zamazenta|Protect\n|move|p2a: Tornadus|Tailwind|p2a: Tornadus\n|-sidestart|p2: Schimmli|move: Tailwind\n|move|p1a: Necrozma|Photon Geyser|p2b: Zamazenta\n|-activate|p2b: Zamazenta|move: Protect\n|move|p1b: Koraidon|Collision Course|p2b: Zamazenta\n|-activate|p2b: Zamazenta|move: Protect\n|\n|-weather|SunnyDay|[upkeep]\n|-fieldend|move: Trick Room\n|upkeep\n|turn|6\n|\n|t:|1769543369\n|-terastallize|p2b: Zamazenta|Dragon\n|move|p2a: Tornadus|Rain Dance|p2a: Tornadus\n|-weather|RainDance\n|move|p2b: Zamazenta|Body Press|p1b: Koraidon\n|-damage|p1b: Koraidon|46/100\n|move|p1b: Koraidon|Collision Course|p2b: Zamazenta\n|-damage|p2b: Zamazenta|80/100\n|move|p1a: Necrozma|Photon Geyser|p2a: Tornadus\n|-damage|p2a: Tornadus|0 fnt\n|faint|p2a: Tornadus\n|\n|-weather|RainDance|[upkeep]\n|upkeep\n|\n|t:|1769543381\n|switch|p2a: Kyogre|Kyogre, L50|100/100\n|turn|7\n|\n|t:|1769543394\n|move|p2b: Zamazenta|Body Press|p1b: Koraidon\n|-damage|p1b: Koraidon|0 fnt\n|faint|p1b: Koraidon\n|move|p2a: Kyogre|Water Spout|p1a: Necrozma\n|-damage|p1a: Necrozma|0 fnt\n|faint|p1a: Necrozma\n|\n|win|Schimmli\n|raw|ramons's rating: 1325 &rarr; <strong>1311</strong><br />(-14 for losing)\n|raw|Schimmli's rating: 1432 &rarr; <strong>1446</strong><br />(+14 for winning)\n|l|\u203dramons\n|player|p1|\n|l|\u2606Schimmli\n|player|p2|\n","uploadtime":1769543658,"views":25,"formatid":"gen9vgc2026regi","rating":1311,"private":0,"password":null}