{"id":"gen9vgc2026regi-2527173549","format":"[Gen 9] VGC 2026 Reg I","players":["ky123456","yukiko_denene"],"log":"|j|\u2606ky123456\n|j|\u2606yukiko_denene\n|t:|1769507901\n|gametype|doubles\n|player|p1|ky123456|cynthia-gen4|1538\n|player|p2|yukiko_denene|roxie|1317\n|gen|9\n|tier|[Gen 9] VGC 2026 Reg I\n|rated|\n|rule|Species Clause: Limit one of each Pok\u00e9mon\n|rule|Item Clause: Limit 1 of each item\n|clearpoke\n|poke|p1|Kyogre, L50|\n|poke|p1|Calyrex-Ice, L50|\n|poke|p1|Grimmsnarl, L50, M|\n|poke|p1|Rillaboom, L50, F|\n|poke|p1|Landorus, L50, M|\n|poke|p1|Urshifu-*, L50, M|\n|poke|p2|Ho-Oh, L50|\n|poke|p2|Raging Bolt, L50|\n|poke|p2|Amoonguss, L50, M|\n|poke|p2|Incineroar, L50, F|\n|poke|p2|Ting-Lu, L50|\n|poke|p2|Calyrex-Shadow, L50|\n|teampreview|4\n|\n|t:|1769507966\n|teamsize|p1|4\n|teamsize|p2|4\n|start\n|switch|p1a: Calyrex|Calyrex-Ice, L50|100/100\n|switch|p1b: Grimmsnarl|Grimmsnarl, L50, M|100/100\n|switch|p2a: Raging Bolt|Raging Bolt, L50|100/100\n|switch|p2b: Calyrex|Calyrex-Shadow, L50|100/100\n|-ability|p2b: Calyrex|As One\n|-ability|p2b: Calyrex|Unnerve\n|-ability|p1a: Calyrex|As One\n|-ability|p1a: Calyrex|Unnerve\n|turn|1\n|\n|t:|1769508003\n|-terastallize|p1a: Calyrex|Fairy\n|move|p1b: Grimmsnarl|Light Screen|p1b: Grimmsnarl\n|-sidestart|p1: ky123456|move: Light Screen\n|move|p2b: Calyrex|Astral Barrage|p1b: Grimmsnarl|[spread] p1a,p1b\n|-resisted|p1b: Grimmsnarl\n|-damage|p1a: Calyrex|78/100\n|-damage|p1b: Grimmsnarl|80/100\n|move|p2a: Raging Bolt|Thunderbolt|p1a: Calyrex\n|-damage|p1a: Calyrex|58/100\n|move|p1a: Calyrex|Glacial Lance|p2b: Calyrex|[spread] p2a,p2b\n|-supereffective|p2a: Raging Bolt\n|-damage|p2a: Raging Bolt|19/100\n|-damage|p2b: Calyrex|39/100\n|\n|-heal|p1a: Calyrex|64/100|[from] item: Leftovers\n|upkeep\n|turn|2\n|\n|t:|1769508031\n|-end|p2a: Raging Bolt|Protosynthesis|[silent]\n|switch|p2a: Ho-Oh|Ho-Oh, L50|100/100\n|move|p2b: Calyrex|Protect|p2b: Calyrex\n|-singleturn|p2b: Calyrex|Protect\n|move|p1b: Grimmsnarl|Thunder Wave|p2b: Calyrex\n|-activate|p2b: Calyrex|move: Protect\n|move|p1a: Calyrex|Glacial Lance|p2b: Calyrex|[spread] p2a\n|-activate|p2b: Calyrex|move: Protect\n|-damage|p2a: Ho-Oh|56/100\n|\n|-heal|p1a: Calyrex|70/100|[from] item: Leftovers\n|upkeep\n|turn|3\n|j| SaltyCore69\n|\n|t:|1769508058\n|move|p1a: Calyrex|Protect|p1a: Calyrex\n|-singleturn|p1a: Calyrex|Protect\n|move|p2b: Calyrex|Encore|p1b: Grimmsnarl\n|-start|p1b: Grimmsnarl|Encore\n|move|p2a: Ho-Oh|Sacred Fire|p1a: Calyrex\n|-activate|p1a: Calyrex|move: Protect\n|move|p1b: Grimmsnarl|Thunder Wave|p2a: Ho-Oh\n|-status|p2a: Ho-Oh|par\n|\n|-heal|p1a: Calyrex|76/100|[from] item: Leftovers\n|upkeep\n|turn|4\n|\n|t:|1769508078\n|switch|p1a: Kyogre|Kyogre, L50|100/100\n|-weather|RainDance|[from] ability: Drizzle|[of] p1a: Kyogre\n|move|p1b: Grimmsnarl|Thunder Wave|p2b: Calyrex\n|-status|p2b: Calyrex|par\n|cant|p2b: Calyrex|par\n|move|p2a: Ho-Oh|Sacred Fire|p1a: Kyogre\n|-resisted|p1a: Kyogre\n|-damage|p1a: Kyogre|89/100\n|-status|p1a: Kyogre|brn\n|\n|-weather|RainDance|[upkeep]\n|-damage|p1a: Kyogre|83/100 brn|[from] brn\n|upkeep\n|turn|5\n|\n|t:|1769508097\n|switch|p2b: Amoonguss|Amoonguss, L50, M|100/100\n|switch|p1b: Landorus|Landorus, L50, M|100/100\n|move|p2a: Ho-Oh|Protect|p2a: Ho-Oh\n|-singleturn|p2a: Ho-Oh|Protect\n|move|p1a: Kyogre|Water Spout|p2a: Ho-Oh|[spread] p2b\n|-activate|p2a: Ho-Oh|move: Protect\n|-resisted|p2b: Amoonguss\n|-damage|p2b: Amoonguss|57/100\n|\n|-weather|RainDance|[upkeep]\n|-damage|p1a: Kyogre|77/100 brn|[from] brn\n|upkeep\n|turn|6\n|-message|yukiko_denene forfeited.\n|\n|win|ky123456\n|raw|ky123456's rating: 1538 &rarr; <strong>1547</strong><br />(+9 for winning)\n|raw|yukiko_denene's rating: 1317 &rarr; <strong>1308</strong><br />(-9 for losing)\n|l|\u2606yukiko_denene\n|player|p2|\n|l|\u2606ky123456\n|player|p1|\n|l| SaltyCore69\n","uploadtime":1769508391,"views":13,"formatid":"gen9vgc2026regi","rating":1308,"private":0,"password":null}