{"id":"gen9vgc2026regi-2563580745","format":"[Gen 9] VGC 2026 Reg I","players":["Highkage2","thathorsetho"],"log":"|j|\u203dHighkage2\n|j|\u2606thathorsetho\n|t:|1774039184\n|gametype|doubles\n|player|p1|Highkage2|doubleteam|1519\n|player|p2|thathorsetho|youngcouple-gen4dp|1421\n|gen|9\n|tier|[Gen 9] VGC 2026 Reg I\n|rated|\n|rule|Species Clause: Limit one of each Pok\u00e9mon\n|rule|Item Clause: Limit 1 of each item\n|clearpoke\n|poke|p1|Incineroar, L50, F|\n|poke|p1|Calyrex-Ice, L50|\n|poke|p1|Miraidon, L50|\n|poke|p1|Farigiraf, L50, M|\n|poke|p1|Pelipper, L50, M|\n|poke|p1|Iron Treads, L50|\n|poke|p2|Miraidon, L50|\n|poke|p2|Calyrex-Ice, L50|\n|poke|p2|Incineroar, L50, F|\n|poke|p2|Landorus, L50, M|\n|poke|p2|Urshifu-*, L50, F|\n|poke|p2|Grimmsnarl, L50, M|\n|teampreview|4\n|inactive|Battle timer is ON: inactive players will automatically lose when time's up. (requested by Highkage2)\n|inactive|thathorsetho has 60 seconds left.\n|inactive|thathorsetho has 30 seconds left.\n|inactive|thathorsetho has 20 seconds left.\n|inactive|thathorsetho has 15 seconds left.\n|inactive|thathorsetho has 10 seconds left.\n|\n|t:|1774039268\n|teamsize|p1|4\n|teamsize|p2|4\n|start\n|switch|p1a: Miraidon|Miraidon, L50|100/100\n|switch|p1b: Incineroar|Incineroar, L50, F|100/100\n|switch|p2a: Calyrex|Calyrex-Ice, L50|100/100\n|switch|p2b: Grimmsnarl|Grimmsnarl, L50, M|100/100\n|-ability|p2a: Calyrex|As One\n|-ability|p2a: Calyrex|Unnerve\n|-fieldstart|move: Electric Terrain|[from] ability: Hadron Engine|[of] p1a: Miraidon\n|-ability|p1b: Incineroar|Intimidate|boost\n|-unboost|p2a: Calyrex|atk|1\n|-unboost|p2b: Grimmsnarl|atk|1\n|turn|1\n|inactive|thathorsetho has 30 seconds left.\n|\n|t:|1774039299\n|move|p1b: Incineroar|Fake Out|p2a: Calyrex\n|-damage|p2a: Calyrex|93/100\n|move|p2b: Grimmsnarl|Light Screen|p2b: Grimmsnarl\n|-sidestart|p2: thathorsetho|move: Light Screen\n|move|p1a: Miraidon|Volt Switch|p2b: Grimmsnarl\n|-damage|p2b: Grimmsnarl|40/100\n|\n|t:|1774039309\n|switch|p1a: Iron Treads|Iron Treads, L50|100/100|[from] Volt Switch\n|-activate|p1a: Iron Treads|ability: Quark Drive\n|-start|p1a: Iron Treads|quarkdrivespe\n|cant|p2a: Calyrex|flinch\n|\n|-heal|p2a: Calyrex|99/100|[from] item: Leftovers\n|upkeep\n|turn|2\n|inactive|thathorsetho has 30 seconds left.\n|inactive|thathorsetho has 20 seconds left.\n|inactive|thathorsetho has 15 seconds left.\n|\n|t:|1774039350\n|-terastallize|p2a: Calyrex|Water\n|move|p2b: Grimmsnarl|Reflect|p2b: Grimmsnarl\n|-sidestart|p2: thathorsetho|Reflect\n|move|p1a: Iron Treads|Steel Roller|p2a: Calyrex\n|-resisted|p2a: Calyrex\n|-damage|p2a: Calyrex|80/100\n|-fieldend|move: Electric Terrain\n|-end|p1a: Iron Treads|Quark Drive\n|move|p1b: Incineroar|Flare Blitz|p2a: Calyrex\n|-resisted|p2a: Calyrex\n|-damage|p2a: Calyrex|71/100\n|-damage|p1b: Incineroar|98/100|[from] Recoil\n|move|p2a: Calyrex|Trick Room|p2a: Calyrex\n|-fieldstart|move: Trick Room|[of] p2a: Calyrex\n|\n|-heal|p2a: Calyrex|77/100|[from] item: Leftovers\n|upkeep\n|turn|3\n|inactive|thathorsetho has 30 seconds left.\n|inactive|thathorsetho has 20 seconds left.\n|inactive|thathorsetho has 15 seconds left.\n|\n|t:|1774039393\n|-end|p1a: Iron Treads|Quark Drive|[silent]\n|switch|p1a: Calyrex|Calyrex-Ice, L50|100/100\n|-ability|p1a: Calyrex|As One\n|-ability|p1a: Calyrex|Unnerve\n|move|p2a: Calyrex|Leech Seed|p1a: Calyrex\n|-start|p1a: Calyrex|move: Leech Seed\n|move|p1b: Incineroar|Knock Off|p2a: Calyrex\n|-damage|p2a: Calyrex|61/100\n|-enditem|p2a: Calyrex|Leftovers|[from] move: Knock Off|[of] p1b: Incineroar\n|move|p2b: Grimmsnarl|Spirit Break|p1a: Calyrex\n|-damage|p1a: Calyrex|87/100\n|-unboost|p1a: Calyrex|spa|1\n|\n|-heal|p1a: Calyrex|93/100|[from] item: Leftovers\n|-damage|p1a: Calyrex|81/100|[from] Leech Seed|[of] p2a: Calyrex\n|-heal|p2a: Calyrex|73/100|[silent]\n|upkeep\n|turn|4\n|inactive|Highkage2 has 30 seconds left.\n|inactive|thathorsetho has 30 seconds left.\n|inactive|Highkage2 has 20 seconds left.\n|inactive|thathorsetho has 20 seconds left.\n|inactive|Highkage2 has 15 seconds left.\n|\n|t:|1774039436\n|switch|p1a: Iron Treads|Iron Treads, L50|100/100\n|move|p2b: Grimmsnarl|Thunder Wave|p1a: Iron Treads\n|-immune|p1a: Iron Treads\n|move|p1b: Incineroar|U-turn|p2a: Calyrex\n|-damage|p2a: Calyrex|66/100\n|\n|t:|1774039444\n|switch|p1b: Calyrex|Calyrex-Ice, L50|81/100|[from] U-turn\n|-ability|p1b: Calyrex|As One\n|-ability|p1b: Calyrex|Unnerve\n|move|p2a: Calyrex|Trick Room|p2a: Calyrex\n|-fieldend|move: Trick Room\n|\n|-heal|p1b: Calyrex|86/100|[from] item: Leftovers\n|upkeep\n|turn|5\n|inactive|thathorsetho has 30 seconds left.\n|\n|t:|1774039475\n|move|p2b: Grimmsnarl|Thunder Wave|p1b: Calyrex\n|-status|p1b: Calyrex|par\n|move|p1a: Iron Treads|Iron Head|p2b: Grimmsnarl\n|-supereffective|p2b: Grimmsnarl\n|-damage|p2b: Grimmsnarl|0 fnt\n|faint|p2b: Grimmsnarl\n|move|p2a: Calyrex|Leech Seed|p1b: Calyrex\n|-start|p1b: Calyrex|move: Leech Seed\n|move|p1b: Calyrex|Leech Seed|p2a: Calyrex\n|-start|p2a: Calyrex|move: Leech Seed\n|\n|-heal|p1b: Calyrex|92/100 par|[from] item: Leftovers\n|-damage|p2a: Calyrex|54/100|[from] Leech Seed|[of] p1b: Calyrex\n|-heal|p1b: Calyrex|100/100 par|[silent]\n|-damage|p1b: Calyrex|88/100 par|[from] Leech Seed|[of] p2a: Calyrex\n|-heal|p2a: Calyrex|66/100|[silent]\n|upkeep\n|\n|t:|1774039498\n|switch|p2b: Landorus|Landorus, L50, M|100/100\n|turn|6\n|inactive|Highkage2 has 30 seconds left.\n|inactive|thathorsetho has 30 seconds left.\n|inactive|thathorsetho has 20 seconds left.\n|inactive|thathorsetho has 15 seconds left.\n|\n|t:|1774039540\n|-end|p1a: Iron Treads|Quark Drive|[silent]\n|switch|p1a: Incineroar|Incineroar, L50, F|98/100\n|-ability|p1a: Incineroar|Intimidate|boost\n|-unboost|p2a: Calyrex|atk|1\n|-unboost|p2b: Landorus|atk|1\n|move|p2b: Landorus|Protect|p2b: Landorus\n|-singleturn|p2b: Landorus|Protect\n|move|p2a: Calyrex|Leech Seed|p1a: Incineroar\n|-start|p1a: Incineroar|move: Leech Seed\n|move|p1b: Calyrex|Glacial Lance|p2a: Calyrex|[spread] p2a\n|-activate|p2b: Landorus|move: Protect\n|-resisted|p2a: Calyrex\n|-damage|p2a: Calyrex|54/100\n|\n|-heal|p1b: Calyrex|94/100 par|[from] item: Leftovers\n|-damage|p1a: Incineroar|85/100|[from] Leech Seed|[of] p2a: Calyrex\n|-heal|p2a: Calyrex|66/100|[silent]\n|-damage|p2a: Calyrex|54/100|[from] Leech Seed|[of] p1b: Calyrex\n|-heal|p1b: Calyrex|100/100 par|[silent]\n|-damage|p1b: Calyrex|88/100 par|[from] Leech Seed|[of] p2a: Calyrex\n|-heal|p2a: Calyrex|66/100|[silent]\n|upkeep\n|turn|7\n|inactive|thathorsetho has 30 seconds left.\n|\n|t:|1774039572\n|switch|p2b: Miraidon|Miraidon, L50, shiny|100/100\n|-fieldstart|move: Electric Terrain|[from] ability: Hadron Engine|[of] p2b: Miraidon\n|move|p1a: Incineroar|Fake Out|p2b: Miraidon\n|-damage|p2b: Miraidon|94/100\n|move|p2a: Calyrex|Leech Seed||[still]\n|-fail|p2a: Calyrex\n|move|p1b: Calyrex|Glacial Lance|p2a: Calyrex|[spread] p2a,p2b\n|-resisted|p2a: Calyrex\n|-supereffective|p2b: Miraidon\n|-damage|p2a: Calyrex|55/100\n|-damage|p2b: Miraidon|26/100\n|\n|-heal|p1b: Calyrex|94/100 par|[from] item: Leftovers\n|-damage|p1a: Incineroar|73/100|[from] Leech Seed|[of] p2a: Calyrex\n|-heal|p2a: Calyrex|67/100|[silent]\n|-damage|p2a: Calyrex|55/100|[from] Leech Seed|[of] p1b: Calyrex\n|-heal|p1b: Calyrex|100/100 par|[silent]\n|-damage|p1b: Calyrex|88/100 par|[from] Leech Seed|[of] p2a: Calyrex\n|-heal|p2a: Calyrex|67/100|[silent]\n|upkeep\n|turn|8\n|inactive|Highkage2 has 30 seconds left.\n|inactive|Highkage2 has 20 seconds left.\n|inactive|Highkage2 has 15 seconds left.\n|\n|t:|1774039616\n|switch|p2a: Landorus|Landorus, L50, M|100/100\n|switch|p1b: Iron Treads|Iron Treads, L50|100/100\n|-activate|p1b: Iron Treads|ability: Quark Drive\n|-start|p1b: Iron Treads|quarkdrivespe\n|move|p2b: Miraidon|Electro Drift|p1b: Iron Treads\n|-immune|p1b: Iron Treads\n|move|p1a: Incineroar|U-turn|p2b: Miraidon\n|-damage|p2b: Miraidon|15/100\n|\n|t:|1774039633\n|switch|p1a: Miraidon|Miraidon, L50|100/100|[from] U-turn\n|-activate|p1a: Miraidon|ability: Hadron Engine\n|\n|-sideend|p2: thathorsetho|move: Light Screen\n|upkeep\n|turn|9\n|l|\u2606thathorsetho\n|inactive|thathorsetho disconnected and has a minute to reconnect!\n|player|p2|\n|j|\u2606thathorsetho\n|inactive|thathorsetho reconnected and has 35 seconds left.\n|player|p2|thathorsetho|youngcouple-gen4dp|\n|inactive|Highkage2 has 30 seconds left.\n|inactive|thathorsetho has 30 seconds left.\n|inactive|Highkage2 has 20 seconds left.\n|\n|t:|1774039673\n|switch|p2b: Calyrex|Calyrex-Ice, L50, tera:Water|67/100\n|-ability|p2b: Calyrex|As One\n|-ability|p2b: Calyrex|Unnerve\n|move|p1b: Iron Treads|High Horsepower|p2b: Calyrex\n|-damage|p2b: Calyrex|42/100\n|move|p1a: Miraidon|Draco Meteor|p2a: Landorus\n|-damage|p2a: Landorus|0 fnt\n|-unboost|p1a: Miraidon|spa|2\n|faint|p2a: Landorus\n|\n|-sideend|p2: thathorsetho|Reflect\n|upkeep\n|\n|t:|1774039685\n|switch|p2a: Miraidon|Miraidon, L50, shiny|15/100\n|-activate|p2a: Miraidon|ability: Hadron Engine\n|turn|10\n|\n|t:|1774039697\n|switch|p1a: Incineroar|Incineroar, L50, F|73/100\n|-ability|p1a: Incineroar|Intimidate|boost\n|-unboost|p2a: Miraidon|atk|1\n|-unboost|p2b: Calyrex|atk|1\n|move|p1b: Iron Treads|High Horsepower|p2a: Miraidon\n|-supereffective|p2a: Miraidon\n|-damage|p2a: Miraidon|0 fnt\n|faint|p2a: Miraidon\n|move|p2b: Calyrex|Glacial Lance|p1a: Incineroar|[spread] p1a,p1b\n|-resisted|p1a: Incineroar\n|-damage|p1a: Incineroar|60/100\n|-damage|p1b: Iron Treads|67/100\n|\n|upkeep\n|turn|11\n|-message|thathorsetho forfeited.\n|\n|win|Highkage2\n|raw|Highkage2's rating: 1519 &rarr; <strong>1534</strong><br />(+15 for winning)\n|raw|thathorsetho's rating: 1421 &rarr; <strong>1406</strong><br />(-15 for losing)\n|l|\u2606thathorsetho\n|player|p2|\n|j|\u2606thathorsetho\n|player|p2|thathorsetho|youngcouple-gen4dp|\n|l|\u2606thathorsetho\n|player|p2|\n","uploadtime":1774039916,"views":18,"formatid":"gen9vgc2026regi","rating":1406,"private":0,"password":null}