{"id":"gen9vgc2026regi-2525864871","format":"[Gen 9] VGC 2026 Reg I","players":["darkest_contender","zonavideovigilada"],"log":"|j|\u2606darkest_contender\n|j|\u2606zonavideovigilada\n|t:|1769342446\n|gametype|doubles\n|player|p1|darkest_contender|mable|1399\n|player|p2|zonavideovigilada|2|1501\n|gen|9\n|tier|[Gen 9] VGC 2026 Reg I\n|rated|\n|rule|Species Clause: Limit one of each Pok\u00e9mon\n|rule|Item Clause: Limit 1 of each item\n|clearpoke\n|poke|p1|Calyrex-Shadow, L50|\n|poke|p1|Zamazenta-*, L50|\n|poke|p1|Ogerpon-Cornerstone, L50, F|\n|poke|p1|Flutter Mane, L50|\n|poke|p1|Whimsicott, L50, F|\n|poke|p1|Torkoal, L50, M|\n|poke|p2|Calyrex-Shadow, L50|\n|poke|p2|Zamazenta-*, L50|\n|poke|p2|Amoonguss, L50, M|\n|poke|p2|Chi-Yu, L50|\n|poke|p2|Urshifu-*, L50, F|\n|poke|p2|Tornadus, L50, M|\n|teampreview|4\n|inactive|Battle timer is ON: inactive players will automatically lose when time's up. (requested by darkest_contender)\n|\n|t:|1769342476\n|teamsize|p1|4\n|teamsize|p2|4\n|start\n|switch|p1a: Calyrex|Calyrex-Shadow, L50|100/100\n|switch|p1b: Whimsicott|Whimsicott, L50, F|100/100\n|switch|p2a: Calyrex|Calyrex-Shadow, L50|100/100\n|switch|p2b: Tornadus|Tornadus, L50, M|100/100\n|-ability|p1a: Calyrex|As One\n|-ability|p1a: Calyrex|Unnerve\n|-ability|p2a: Calyrex|As One\n|-ability|p2a: Calyrex|Unnerve\n|turn|1\n|\n|t:|1769342488\n|-terastallize|p1a: Calyrex|Dark\n|move|p1b: Whimsicott|Tailwind|p1b: Whimsicott\n|-sidestart|p1: darkest_contender|move: Tailwind\n|move|p2b: Tornadus|Tailwind|p2b: Tornadus\n|-sidestart|p2: zonavideovigilada|move: Tailwind\n|move|p1a: Calyrex|Astral Barrage|p2a: Calyrex|[spread] p2a,p2b\n|-supereffective|p2a: Calyrex\n|-enditem|p2a: Calyrex|Focus Sash\n|-damage|p2a: Calyrex|1/100\n|-damage|p2b: Tornadus|40/100\n|move|p2a: Calyrex|Astral Barrage|p1b: Whimsicott|[spread] p1a,p1b\n|-resisted|p1a: Calyrex\n|-damage|p1a: Calyrex|72/100\n|-damage|p1b: Whimsicott|15/100\n|\n|upkeep\n|turn|2\n|\n|t:|1769342512\n|switch|p2b: Chi-Yu|Chi-Yu, L50|100/100\n|-ability|p2b: Chi-Yu|Beads of Ruin\n|move|p2a: Calyrex|Protect|p2a: Calyrex\n|-singleturn|p2a: Calyrex|Protect\n|move|p1a: Calyrex|Astral Barrage|p2b: Chi-Yu|[spread] p2b\n|-activate|p2a: Calyrex|move: Protect\n|-resisted|p2b: Chi-Yu\n|-damage|p2b: Chi-Yu|69/100\n|move|p1b: Whimsicott|Moonblast|p2b: Chi-Yu\n|-damage|p2b: Chi-Yu|33/100\n|-unboost|p2b: Chi-Yu|spa|1\n|\n|upkeep\n|turn|3\n|\n|t:|1769342530\n|move|p1a: Calyrex|Protect|p1a: Calyrex\n|-singleturn|p1a: Calyrex|Protect\n|move|p2b: Chi-Yu|Heat Wave|p1a: Calyrex|[spread] p1b\n|-activate|p1a: Calyrex|move: Protect\n|-supereffective|p1b: Whimsicott\n|-damage|p1b: Whimsicott|0 fnt\n|faint|p1b: Whimsicott\n|move|p2a: Calyrex|Astral Barrage|p1a: Calyrex\n|-activate|p1a: Calyrex|move: Protect\n|\n|upkeep\n|\n|t:|1769342539\n|switch|p1b: Flutter Mane|Flutter Mane, L50|100/100\n|-enditem|p1b: Flutter Mane|Booster Energy\n|-activate|p1b: Flutter Mane|ability: Protosynthesis|[fromitem]\n|-start|p1b: Flutter Mane|protosynthesisspe\n|turn|4\n|\n|t:|1769342556\n|move|p2a: Calyrex|Protect|p2a: Calyrex\n|-singleturn|p2a: Calyrex|Protect\n|move|p1b: Flutter Mane|Icy Wind|p2b: Chi-Yu|[spread] p2b\n|-activate|p2a: Calyrex|move: Protect\n|-resisted|p2b: Chi-Yu\n|-damage|p2b: Chi-Yu|24/100\n|-unboost|p2b: Chi-Yu|spe|1\n|move|p1a: Calyrex|Astral Barrage|p2a: Calyrex|[spread] p2b\n|-activate|p2a: Calyrex|move: Protect\n|-resisted|p2b: Chi-Yu\n|-damage|p2b: Chi-Yu|0 fnt\n|faint|p2b: Chi-Yu\n|-ability|p1a: Calyrex|Grim Neigh|boost\n|-boost|p1a: Calyrex|spa|1\n|\n|-sideend|p2: zonavideovigilada|move: Tailwind\n|-sideend|p1: darkest_contender|move: Tailwind\n|upkeep\n|\n|t:|1769342562\n|switch|p2b: Tornadus|Tornadus, L50, M|40/100\n|turn|5\n|inactive|zonavideovigilada has 30 seconds left.\n|\n|t:|1769342592\n|switch|p2a: Zamazenta|Zamazenta-Crowned, L50|100/100\n|-ability|p2a: Zamazenta|Dauntless Shield|boost\n|-boost|p2a: Zamazenta|def|1\n|move|p2b: Tornadus|Tailwind|p2b: Tornadus\n|-sidestart|p2: zonavideovigilada|move: Tailwind\n|move|p1b: Flutter Mane|Icy Wind|p2a: Zamazenta|[spread] p2a,p2b\n|-resisted|p2a: Zamazenta\n|-supereffective|p2b: Tornadus\n|-damage|p2a: Zamazenta|95/100\n|-damage|p2b: Tornadus|9/100\n|-unboost|p2a: Zamazenta|spe|1\n|-unboost|p2b: Tornadus|spe|1\n|move|p1a: Calyrex|Astral Barrage|p2a: Zamazenta|[spread] p2a,p2b\n|-damage|p2a: Zamazenta|35/100\n|-damage|p2b: Tornadus|0 fnt\n|faint|p2b: Tornadus\n|-ability|p1a: Calyrex|Grim Neigh|boost\n|-boost|p1a: Calyrex|spa|1\n|\n|upkeep\n|\n|t:|1769342601\n|switch|p2b: Calyrex|Calyrex-Shadow, L50|1/100\n|-ability|p2b: Calyrex|As One\n|-ability|p2b: Calyrex|Unnerve\n|turn|6\n|\n|t:|1769342613\n|move|p2b: Calyrex|Astral Barrage|p1a: Calyrex|[spread] p1a,p1b\n|-resisted|p1a: Calyrex\n|-supereffective|p1b: Flutter Mane\n|-damage|p1a: Calyrex|45/100\n|-damage|p1b: Flutter Mane|0 fnt\n|faint|p1b: Flutter Mane\n|-end|p1b: Flutter Mane|Protosynthesis|[silent]\n|-ability|p2b: Calyrex|Grim Neigh|boost\n|-boost|p2b: Calyrex|spa|1\n|move|p1a: Calyrex|Dark Pulse|p2b: Calyrex\n|-supereffective|p2b: Calyrex\n|-damage|p2b: Calyrex|0 fnt\n|faint|p2b: Calyrex\n|-ability|p1a: Calyrex|Grim Neigh|boost\n|-boost|p1a: Calyrex|spa|1\n|move|p2a: Zamazenta|Body Press|p1a: Calyrex\n|-supereffective|p1a: Calyrex\n|-damage|p1a: Calyrex|0 fnt\n|faint|p1a: Calyrex\n|\n|upkeep\n|\n|t:|1769342627\n|switch|p1a: Zamazenta|Zamazenta-Crowned, L50|100/100\n|-ability|p1a: Zamazenta|Dauntless Shield|boost\n|-boost|p1a: Zamazenta|def|1\n|turn|7\n|\n|t:|1769342633\n|-terastallize|p2a: Zamazenta|Dragon\n|move|p2a: Zamazenta|Body Press|p1a: Zamazenta\n|-supereffective|p1a: Zamazenta\n|-damage|p1a: Zamazenta|44/100\n|move|p1a: Zamazenta|Body Press|p2a: Zamazenta\n|-damage|p2a: Zamazenta|9/100\n|\n|upkeep\n|turn|8\n|\n|t:|1769342642\n|move|p2a: Zamazenta|Body Press|p1a: Zamazenta\n|-supereffective|p1a: Zamazenta\n|-damage|p1a: Zamazenta|0 fnt\n|faint|p1a: Zamazenta\n|\n|win|zonavideovigilada\n|raw|darkest_contender's rating: 1399 &rarr; <strong>1385</strong><br />(-14 for losing)\n|raw|zonavideovigilada's rating: 1501 &rarr; <strong>1515</strong><br />(+14 for winning)\n|l|\u2606darkest_contender\n|player|p1|\n|c|\u2606zonavideovigilada|No protect\n|c|\u2606zonavideovigilada|?\n|l|\u2606zonavideovigilada\n|player|p2|\n","uploadtime":1769342864,"views":16,"formatid":"gen9vgc2026regi","rating":1385,"private":0,"password":null}