{"id":"gen9vgc2026regi-2519977825","format":"[Gen 9] VGC 2026 Reg I","players":["Voth","porygon-epilepz"],"log":"|j|\u2606Voth\n|j|\u2606porygon-epilepz\n|t:|1768576664\n|gametype|doubles\n|player|p1|Voth|dawn|1267\n|player|p2|porygon-epilepz|ghetsis-gen5bw|1343\n|gen|9\n|tier|[Gen 9] VGC 2026 Reg I\n|rated|\n|rule|Species Clause: Limit one of each Pok\u00e9mon\n|rule|Item Clause: Limit 1 of each item\n|clearpoke\n|poke|p1|Urshifu-*, L50, M|\n|poke|p1|Calyrex-Ice, L50|\n|poke|p1|Tornadus, L50, M|\n|poke|p1|Landorus, L50, M|\n|poke|p1|Rillaboom, L50, F|\n|poke|p1|Kyogre, L50|\n|poke|p2|Farigiraf, L50, M|\n|poke|p2|Miraidon, L50|\n|poke|p2|Incineroar, L50, F|\n|poke|p2|Landorus, L50, M|\n|poke|p2|Urshifu-*, L50, M|\n|poke|p2|Calyrex-Ice, L50|\n|teampreview|4\n|inactive|Battle timer is ON: inactive players will automatically lose when time's up. (requested by Voth)\n|\n|t:|1768576701\n|teamsize|p1|4\n|teamsize|p2|4\n|start\n|switch|p1a: Korra|Calyrex-Ice, L50|100/100\n|switch|p1b: Kaul Hilo|Landorus, L50, M|100/100\n|switch|p2a: Calyrex|Calyrex-Ice, L50|100/100\n|switch|p2b: Landorus|Landorus, L50, M|100/100\n|-ability|p1a: Korra|As One\n|-ability|p1a: Korra|Unnerve\n|-ability|p2a: Calyrex|As One\n|-ability|p2a: Calyrex|Unnerve\n|turn|1\n|\n|t:|1768576726\n|-terastallize|p2b: Landorus|Water\n|move|p1b: Kaul Hilo|Protect|p1b: Kaul Hilo\n|-singleturn|p1b: Kaul Hilo|Protect\n|move|p2b: Landorus|Sandsear Storm|p1b: Kaul Hilo|[spread] p1a\n|-activate|p1b: Kaul Hilo|move: Protect\n|-damage|p1a: Korra|63/100\n|move|p1a: Korra|Leech Seed|p2a: Calyrex\n|-start|p2a: Calyrex|move: Leech Seed\n|move|p2a: Calyrex|Glacial Lance|p1b: Kaul Hilo|[spread] p1a\n|-activate|p1b: Kaul Hilo|move: Protect\n|-resisted|p1a: Korra\n|-damage|p1a: Korra|45/100\n|\n|-heal|p1a: Korra|51/100|[from] item: Leftovers\n|-damage|p2a: Calyrex|88/100|[from] Leech Seed|[of] p1a: Korra\n|-heal|p1a: Korra|63/100|[silent]\n|upkeep\n|turn|2\n|inactive|Voth has 30 seconds left.\n|inactive|Voth has 20 seconds left.\n|inactive|Voth has 15 seconds left.\n|inactive|Voth has 10 seconds left.\n|\n|t:|1768576772\n|switch|p1b: Nuke|Kyogre, L50|100/100\n|-weather|RainDance|[from] ability: Drizzle|[of] p1b: Nuke\n|move|p2b: Landorus|Sandsear Storm|p1a: Korra|[spread] p1a,p1b\n|-damage|p1a: Korra|23/100\n|-damage|p1b: Nuke|59/100\n|move|p1a: Korra|Leech Seed|p2b: Landorus\n|-start|p2b: Landorus|move: Leech Seed\n|move|p2a: Calyrex|Glacial Lance|p1b: Nuke|[spread] p1a,p1b\n|-resisted|p1a: Korra\n|-resisted|p1b: Nuke\n|-damage|p1a: Korra|6/100\n|-damage|p1b: Nuke|32/100\n|\n|-weather|RainDance|[upkeep]\n|-heal|p1a: Korra|12/100|[from] item: Leftovers\n|-damage|p2b: Landorus|88/100|[from] Leech Seed|[of] p1a: Korra\n|-heal|p1a: Korra|23/100|[silent]\n|-damage|p2a: Calyrex|76/100|[from] Leech Seed|[of] p1a: Korra\n|-heal|p1a: Korra|35/100|[silent]\n|upkeep\n|turn|3\n|\n|t:|1768576793\n|switch|p1b: Harambe|Rillaboom, L50, F|100/100\n|-fieldstart|move: Grassy Terrain|[from] ability: Grassy Surge|[of] p1b: Harambe\n|move|p1a: Korra|Protect|p1a: Korra\n|-singleturn|p1a: Korra|Protect\n|move|p2b: Landorus|Sandsear Storm|p1b: Harambe|[spread] p1b\n|-activate|p1a: Korra|move: Protect\n|-resisted|p1b: Harambe\n|-damage|p1b: Harambe|79/100\n|move|p2a: Calyrex|Glacial Lance|p1b: Harambe|[spread] p1b\n|-activate|p1a: Korra|move: Protect\n|-supereffective|p1b: Harambe\n|-damage|p1b: Harambe|0 fnt\n|faint|p1b: Harambe\n|-ability|p2a: Calyrex|Chilling Neigh|boost\n|-boost|p2a: Calyrex|atk|1\n|\n|-weather|RainDance|[upkeep]\n|-heal|p2b: Landorus|94/100|[from] Grassy Terrain\n|-heal|p1a: Korra|41/100|[from] Grassy Terrain\n|-heal|p1a: Korra|47/100|[from] item: Leftovers\n|-heal|p2a: Calyrex|82/100|[from] Grassy Terrain\n|-damage|p2b: Landorus|82/100|[from] Leech Seed|[of] p1a: Korra\n|-heal|p1a: Korra|58/100|[silent]\n|-damage|p2a: Calyrex|70/100|[from] Leech Seed|[of] p1a: Korra\n|-heal|p1a: Korra|71/100|[silent]\n|upkeep\n|\n|t:|1768576814\n|switch|p1b: Kaul Hilo|Landorus, L50, M|100/100\n|turn|4\n|\n|t:|1768576820\n|move|p1b: Kaul Hilo|Sandsear Storm|p2b: Landorus|[spread] p2a,p2b\n|-damage|p2a: Calyrex|32/100\n|-damage|p2b: Landorus|14/100\n|move|p2b: Landorus|Sandsear Storm|p1a: Korra|[spread] p1a\n|-immune|p1b: Kaul Hilo\n|-damage|p1a: Korra|32/100\n|move|p1a: Korra|Glacial Lance|p2b: Landorus|[spread] p2a,p2b\n|-resisted|p2a: Calyrex\n|-resisted|p2b: Landorus\n|-damage|p2a: Calyrex|16/100\n|-damage|p2b: Landorus|0 fnt\n|faint|p2b: Landorus\n|-ability|p1a: Korra|Chilling Neigh|boost\n|-boost|p1a: Korra|atk|1\n|move|p2a: Calyrex|Glacial Lance|p1b: Kaul Hilo|[spread] p1a,p1b\n|-resisted|p1a: Korra\n|-supereffective|p1b: Kaul Hilo\n|-damage|p1a: Korra|7/100\n|-damage|p1b: Kaul Hilo|0 fnt\n|faint|p1b: Kaul Hilo\n|-ability|p2a: Calyrex|Chilling Neigh|boost\n|-boost|p2a: Calyrex|atk|1\n|\n|-weather|RainDance|[upkeep]\n|-heal|p1a: Korra|13/100|[from] Grassy Terrain\n|-heal|p1a: Korra|18/100|[from] item: Leftovers\n|-heal|p2a: Calyrex|22/100|[from] Grassy Terrain\n|-damage|p2a: Calyrex|10/100|[from] Leech Seed|[of] p1a: Korra\n|-heal|p1a: Korra|30/100|[silent]\n|upkeep\n|\n|t:|1768576837\n|switch|p1b: Nuke|Kyogre, L50|32/100\n|switch|p2b: Miraidon|Miraidon, L50|100/100\n|-fieldstart|move: Electric Terrain|[from] ability: Hadron Engine|[of] p2b: Miraidon\n|turn|5\n|\n|t:|1768576856\n|switch|p2a: Farigiraf|Farigiraf, L50, M|100/100\n|-enditem|p2a: Farigiraf|Electric Seed\n|-boost|p2a: Farigiraf|def|1|[from] item: Electric Seed\n|move|p1b: Nuke|Protect|p1b: Nuke\n|-singleturn|p1b: Nuke|Protect\n|move|p1a: Korra|Protect|p1a: Korra\n|-singleturn|p1a: Korra|Protect\n|move|p2b: Miraidon|Electro Drift|p1a: Korra\n|-activate|p1a: Korra|move: Protect\n|\n|-weather|RainDance|[upkeep]\n|-heal|p1a: Korra|36/100|[from] item: Leftovers\n|upkeep\n|turn|6\n|\n|t:|1768576879\n|move|p2b: Miraidon|Electro Drift|p1b: Nuke\n|-supereffective|p1b: Nuke\n|-damage|p1b: Nuke|0 fnt\n|faint|p1b: Nuke\n|move|p2a: Farigiraf|Foul Play|p1a: Korra\n|-supereffective|p1a: Korra\n|-damage|p1a: Korra|0 fnt\n|faint|p1a: Korra\n|\n|win|porygon-epilepz\n|raw|Voth's rating: 1267 &rarr; <strong>1247</strong><br />(-20 for losing)\n|raw|porygon-epilepz's rating: 1343 &rarr; <strong>1359</strong><br />(+16 for winning)\n","uploadtime":1768576879,"views":14,"formatid":"gen9vgc2026regi","rating":1247,"private":0,"password":null}