{"id":"gen9vgc2026regi-2547588258","format":"[Gen 9] VGC 2026 Reg I","players":["Javike","xiaoliyunVGC"],"log":"|j|\u2606Javike\n|j|\u2606xiaoliyunVGC\n|t:|1772112410\n|gametype|doubles\n|player|p1|Javike|crasherwake|1327\n|player|p2|xiaoliyunVGC|liko|1442\n|gen|9\n|tier|[Gen 9] VGC 2026 Reg I\n|rated|\n|rule|Species Clause: Limit one of each Pok\u00e9mon\n|rule|Item Clause: Limit 1 of each item\n|clearpoke\n|poke|p1|Kyogre, L50|\n|poke|p1|Miraidon, L50|\n|poke|p1|Farigiraf, L50, M|\n|poke|p1|Whimsicott, L50, M|\n|poke|p1|Gastrodon, L50, M|\n|poke|p1|Sneasler, L50, M|\n|poke|p2|Zamazenta-*, L50|\n|poke|p2|Kyogre, L50|\n|poke|p2|Raichu, L50, F|\n|poke|p2|Flutter Mane, L50|\n|poke|p2|Tornadus, L50, M|\n|poke|p2|Kingambit, L50, F|\n|teampreview|4\n|inactive|Battle timer is ON: inactive players will automatically lose when time's up. (requested by Javike)\n|inactive|xiaoliyunVGC also wants the timer to be on.\n|inactive|xiaoliyunVGC has 60 seconds left.\n|\n|t:|1772112442\n|teamsize|p1|4\n|teamsize|p2|4\n|start\n|switch|p1a: Miraidon|Miraidon, L50|100/100\n|switch|p1b: Sneasler|Sneasler, L50, M|100/100\n|switch|p2a: Zamazenta|Zamazenta-Crowned, L50, shiny|100/100\n|switch|p2b: Tornadus|Tornadus, L50, M, shiny|100/100\n|-fieldstart|move: Electric Terrain|[from] ability: Hadron Engine|[of] p1a: Miraidon\n|-ability|p2a: Zamazenta|Dauntless Shield|boost\n|-boost|p2a: Zamazenta|def|1\n|turn|1\n|\n|t:|1772112457\n|switch|p2b: Raichu|Raichu, L50, F|100/100\n|move|p1b: Sneasler|Fake Out|p2b: Raichu\n|-enditem|p1b: Sneasler|Normal Gem|[from] gem\n|-damage|p2b: Raichu|65/100\n|move|p1a: Miraidon|Electro Drift|p2b: Raichu\n|-activate|p2b: Raichu|ability: Lightning Rod\n|-ability|p2b: Raichu|Lightning Rod|boost\n|-boost|p2b: Raichu|spa|1\n|move|p2a: Zamazenta|Behemoth Bash|p1b: Sneasler\n|-crit|p1b: Sneasler\n|-damage|p1b: Sneasler|3/100\n|\n|upkeep\n|turn|2\n|\n|t:|1772112477\n|switch|p1a: Farigiraf|Farigiraf, L50, M|100/100\n|move|p2b: Raichu|Feint||[still]\n|cant|p1a: Farigiraf|ability: Armor Tail|Feint|[of] p2b: Raichu\n|move|p1b: Sneasler|Dire Claw|p2b: Raichu\n|-damage|p2b: Raichu|0 fnt\n|faint|p2b: Raichu\n|move|p2a: Zamazenta|Body Press|p1a: Farigiraf\n|-damage|p1a: Farigiraf|39/100\n|\n|upkeep\n|\n|t:|1772112496\n|switch|p2b: Tornadus|Tornadus, L50, M, shiny|100/100\n|turn|3\n|\n|t:|1772112508\n|move|p1b: Sneasler|Dire Claw|p2b: Tornadus\n|-damage|p2b: Tornadus|43/100\n|move|p2b: Tornadus|Hurricane|p1b: Sneasler\n|-supereffective|p1b: Sneasler\n|-damage|p1b: Sneasler|0 fnt\n|faint|p1b: Sneasler\n|move|p2a: Zamazenta|Body Press|p1a: Farigiraf\n|-damage|p1a: Farigiraf|0 fnt\n|faint|p1a: Farigiraf\n|\n|upkeep\n|\n|t:|1772112521\n|switch|p1b: Miraidon|Miraidon, L50|100/100\n|switch|p1a: Gastrodon|Gastrodon, L50, M|100/100\n|-activate|p1b: Miraidon|ability: Hadron Engine\n|turn|4\n|\n|t:|1772112532\n|move|p2a: Zamazenta|Protect|p2a: Zamazenta\n|-singleturn|p2a: Zamazenta|Protect\n|move|p2b: Tornadus|Tailwind|p2b: Tornadus\n|-sidestart|p2: xiaoliyunVGC|move: Tailwind\n|move|p1b: Miraidon|Electro Drift|p2a: Zamazenta\n|-activate|p2a: Zamazenta|move: Protect\n|move|p1a: Gastrodon|Muddy Water|p2b: Tornadus|[spread] \n|-activate|p2a: Zamazenta|move: Protect\n|-miss|p1a: Gastrodon|p2b: Tornadus\n|\n|upkeep\n|turn|5\n|\n|t:|1772112554\n|switch|p2b: Kingambit|Kingambit, L50, F|100/100\n|-terastallize|p2a: Zamazenta|Fighting\n|move|p2a: Zamazenta|Body Press|p1b: Miraidon\n|-damage|p1b: Miraidon|14/100\n|move|p1b: Miraidon|Electro Drift|p2a: Zamazenta\n|-damage|p2a: Zamazenta|12/100\n|move|p1a: Gastrodon|Muddy Water|p2a: Zamazenta|[spread] p2b\n|-miss|p1a: Gastrodon|p2a: Zamazenta\n|-damage|p2b: Kingambit|76/100\n|\n|-fieldend|move: Electric Terrain\n|upkeep\n|turn|6\n|inactive|xiaoliyunVGC has 30 seconds left.\n|\n|t:|1772112580\n|move|p2a: Zamazenta|Body Press|p1b: Miraidon\n|-damage|p1b: Miraidon|0 fnt\n|faint|p1b: Miraidon\n|move|p2b: Kingambit|Kowtow Cleave|p1a: Gastrodon\n|-damage|p1a: Gastrodon|28/100\n|move|p1a: Gastrodon|Muddy Water|p2b: Kingambit|[spread] p2a,p2b\n|-damage|p2a: Zamazenta|0 fnt\n|-damage|p2b: Kingambit|55/100\n|faint|p2a: Zamazenta\n|\n|-heal|p1a: Gastrodon|34/100|[from] item: Leftovers\n|upkeep\n|\n|t:|1772112592\n|switch|p2a: Tornadus|Tornadus, L50, M, shiny|43/100\n|turn|7\n|\n|t:|1772112602\n|move|p1a: Gastrodon|Protect|p1a: Gastrodon\n|-singleturn|p1a: Gastrodon|Protect\n|move|p2a: Tornadus|Hurricane|p1a: Gastrodon\n|-activate|p1a: Gastrodon|move: Protect\n|move|p2b: Kingambit|Kowtow Cleave|p1a: Gastrodon\n|-activate|p1a: Gastrodon|move: Protect\n|\n|-heal|p1a: Gastrodon|40/100|[from] item: Leftovers\n|-sideend|p2: xiaoliyunVGC|move: Tailwind\n|upkeep\n|turn|8\n|\n|t:|1772112615\n|move|p2a: Tornadus|Tailwind|p2a: Tornadus\n|-sidestart|p2: xiaoliyunVGC|move: Tailwind\n|move|p2b: Kingambit|Kowtow Cleave|p1a: Gastrodon\n|-damage|p1a: Gastrodon|0 fnt\n|faint|p1a: Gastrodon\n|\n|win|xiaoliyunVGC\n|raw|Javike's rating: 1327 &rarr; <strong>1313</strong><br />(-14 for losing)\n|raw|xiaoliyunVGC's rating: 1442 &rarr; <strong>1456</strong><br />(+14 for winning)\n|l|\u2606Javike\n|player|p1|\n|l|\u2606xiaoliyunVGC\n|player|p2|\n","uploadtime":1772112865,"views":12,"formatid":"gen9vgc2026regi","rating":1313,"private":0,"password":null}