{"id":"gen9vgc2026regi-2530482516","format":"[Gen 9] VGC 2026 Reg I","players":["blackred123","wmjjqz"],"log":"|j|\u2606blackred123\n|j|\u2606wmjjqz\n|t:|1769923842\n|gametype|doubles\n|player|p1|blackred123|iono-masters|1398\n|player|p2|wmjjqz|furisodegirl-black|1295\n|gen|9\n|tier|[Gen 9] VGC 2026 Reg I\n|rated|\n|rule|Species Clause: Limit one of each Pok\u00e9mon\n|rule|Item Clause: Limit 1 of each item\n|clearpoke\n|poke|p1|Calyrex-Shadow, L50|\n|poke|p1|Koraidon, L50|\n|poke|p1|Flutter Mane, L50|\n|poke|p1|Incineroar, L50, F|\n|poke|p1|Raging Bolt, L50|\n|poke|p1|Tornadus, L50, M|\n|poke|p2|Lunala, L50|\n|poke|p2|Koraidon, L50|\n|poke|p2|Flutter Mane, L50|\n|poke|p2|Brute Bonnet, L50|\n|poke|p2|Ursaluna, L50, M|\n|poke|p2|Chi-Yu, L50|\n|teampreview|4\n|inactive|Battle timer is ON: inactive players will automatically lose when time's up. (requested by wmjjqz)\n|inactive|blackred123 also wants the timer to be on.\n|\n|t:|1769923859\n|teamsize|p1|4\n|teamsize|p2|4\n|start\n|switch|p1a: \u56fa\u5927\u5305\u52d2|Koraidon, L50|100/100\n|switch|p1b: \u6536\u957f\u5934\u53d1\uff5e|Flutter Mane, L50|100/100\n|switch|p2a: T^T|Flutter Mane, L50|100/100\n|switch|p2b: \ud83d\udca4|Brute Bonnet, L50, shiny|100/100\n|-weather|SunnyDay|[from] ability: Orichalcum Pulse|[of] p1a: \u56fa\u5927\u5305\u52d2\n|-activate|p1b: \u6536\u957f\u5934\u53d1\uff5e|ability: Protosynthesis\n|-start|p1b: \u6536\u957f\u5934\u53d1\uff5e|protosynthesisspe\n|-activate|p2a: T^T|ability: Protosynthesis\n|-start|p2a: T^T|protosynthesisspe\n|-activate|p2b: \ud83d\udca4|ability: Protosynthesis\n|-start|p2b: \ud83d\udca4|protosynthesisdef\n|-activate|p1a: \u56fa\u5927\u5305\u52d2|Orichalcum Pulse|[source]\n|turn|1\n|c|\u2606wmjjqz|\u4f60\u597d\n|\n|t:|1769923881\n|-terastallize|p1a: \u56fa\u5927\u5305\u52d2|Fire\n|-terastallize|p2b: \ud83d\udca4|Water\n|move|p2b: \ud83d\udca4|Rage Powder|p2b: \ud83d\udca4\n|-singleturn|p2b: \ud83d\udca4|move: Rage Powder\n|move|p2a: T^T|Shadow Ball|p1b: \u6536\u957f\u5934\u53d1\uff5e\n|-supereffective|p1b: \u6536\u957f\u5934\u53d1\uff5e\n|-damage|p1b: \u6536\u957f\u5934\u53d1\uff5e|2/100\n|move|p1b: \u6536\u957f\u5934\u53d1\uff5e|Icy Wind|p2b: \ud83d\udca4|[spread] p2a,p2b\n|-resisted|p2b: \ud83d\udca4\n|-damage|p2a: T^T|84/100\n|-damage|p2b: \ud83d\udca4|95/100\n|-unboost|p2a: T^T|spe|1\n|-unboost|p2b: \ud83d\udca4|spe|1\n|move|p1a: \u56fa\u5927\u5305\u52d2|Close Combat|p2b: \ud83d\udca4\n|-damage|p2b: \ud83d\udca4|50/100\n|-unboost|p1a: \u56fa\u5927\u5305\u52d2|def|1\n|-unboost|p1a: \u56fa\u5927\u5305\u52d2|spd|1\n|-enditem|p2b: \ud83d\udca4|Sitrus Berry|[eat]\n|-heal|p2b: \ud83d\udca4|74/100|[from] item: Sitrus Berry\n|\n|-weather|SunnyDay|[upkeep]\n|upkeep\n|turn|2\n|inactive|wmjjqz has 30 seconds left.\n|\n|t:|1769923907\n|switch|p1a: Raging Bolt|Raging Bolt, L50|100/100\n|-activate|p1a: Raging Bolt|ability: Protosynthesis\n|-start|p1a: Raging Bolt|protosynthesisspa\n|move|p1b: \u6536\u957f\u5934\u53d1\uff5e|Protect|p1b: \u6536\u957f\u5934\u53d1\uff5e\n|-singleturn|p1b: \u6536\u957f\u5934\u53d1\uff5e|Protect\n|move|p2b: \ud83d\udca4|Rage Powder|p2b: \ud83d\udca4\n|-singleturn|p2b: \ud83d\udca4|move: Rage Powder\n|move|p2a: T^T|Icy Wind|p1b: \u6536\u957f\u5934\u53d1\uff5e|[spread] p1a\n|-activate|p1b: \u6536\u957f\u5934\u53d1\uff5e|move: Protect\n|-supereffective|p1a: Raging Bolt\n|-damage|p1a: Raging Bolt|73/100\n|\n|-weather|SunnyDay|[upkeep]\n|upkeep\n|turn|3\n|inactive|blackred123 has 30 seconds left.\n|\n|t:|1769923939\n|-end|p2b: \ud83d\udca4|Protosynthesis|[silent]\n|switch|p2b: ^_^|Koraidon, L50, shiny|100/100\n|-activate|p2b: ^_^|ability: Orichalcum Pulse\n|move|p1b: \u6536\u957f\u5934\u53d1\uff5e|Shadow Ball|p2a: T^T\n|-supereffective|p2a: T^T\n|-damage|p2a: T^T|0 fnt\n|faint|p2a: T^T\n|-end|p2a: T^T|Protosynthesis|[silent]\n|move|p1a: Raging Bolt|Thunderbolt|p2b: ^_^\n|-resisted|p2b: ^_^\n|-damage|p2b: ^_^|68/100\n|-status|p2b: ^_^|par\n|\n|-weather|SunnyDay|[upkeep]\n|upkeep\n|\n|t:|1769923950\n|switch|p2a: \ud83d\udca4|Brute Bonnet, L50, shiny, tera:Water|74/100\n|-activate|p2a: \ud83d\udca4|ability: Protosynthesis\n|-start|p2a: \ud83d\udca4|protosynthesisdef\n|turn|4\n|\n|t:|1769923958\n|move|p2a: \ud83d\udca4|Sucker Punch|p1b: \u6536\u957f\u5934\u53d1\uff5e\n|-damage|p1b: \u6536\u957f\u5934\u53d1\uff5e|0 fnt\n|faint|p1b: \u6536\u957f\u5934\u53d1\uff5e\n|-end|p1b: \u6536\u957f\u5934\u53d1\uff5e|Protosynthesis|[silent]\n|move|p1a: Raging Bolt|Thunderbolt|p2a: \ud83d\udca4\n|-supereffective|p2a: \ud83d\udca4\n|-crit|p2a: \ud83d\udca4\n|-damage|p2a: \ud83d\udca4|0 fnt\n|faint|p2a: \ud83d\udca4\n|-end|p2a: \ud83d\udca4|Protosynthesis|[silent]\n|cant|p2b: ^_^|par\n|\n|-weather|SunnyDay|[upkeep]\n|upkeep\n|\n|t:|1769923970\n|switch|p1b: \u6211\u8fd1\u89c6|Calyrex-Shadow, L50|100/100\n|switch|p2a: =_=|Chi-Yu, L50, shiny|100/100\n|-ability|p1b: \u6211\u8fd1\u89c6|As One\n|-ability|p1b: \u6211\u8fd1\u89c6|Unnerve\n|-ability|p2a: =_=|Beads of Ruin\n|turn|5\n|\n|t:|1769923983\n|switch|p1b: \u56fa\u5927\u5305\u52d2|Koraidon, L50, tera:Fire|100/100\n|-activate|p1b: \u56fa\u5927\u5305\u52d2|ability: Orichalcum Pulse\n|move|p2a: =_=|Dark Pulse|p1b: \u56fa\u5927\u5305\u52d2\n|-damage|p1b: \u56fa\u5927\u5305\u52d2|36/100\n|move|p1a: Raging Bolt|Draco Meteor|p2b: ^_^\n|-supereffective|p2b: ^_^\n|-damage|p2b: ^_^|0 fnt\n|-unboost|p1a: Raging Bolt|spa|2\n|faint|p2b: ^_^\n|\n|-weather|none\n|-end|p1a: Raging Bolt|Protosynthesis\n|upkeep\n|turn|6\n|\n|t:|1769924002\n|-end|p1a: Raging Bolt|Protosynthesis|[silent]\n|switch|p1a: \u6211\u8fd1\u89c6|Calyrex-Shadow, L50|100/100\n|-ability|p1a: \u6211\u8fd1\u89c6|As One\n|-ability|p1a: \u6211\u8fd1\u89c6|Unnerve\n|move|p1b: \u56fa\u5927\u5305\u52d2|Protect|p1b: \u56fa\u5927\u5305\u52d2\n|-singleturn|p1b: \u56fa\u5927\u5305\u52d2|Protect\n|move|p2a: =_=|Dark Pulse|p1b: \u56fa\u5927\u5305\u52d2\n|-activate|p1b: \u56fa\u5927\u5305\u52d2|move: Protect\n|\n|upkeep\n|turn|7\n|\n|t:|1769924021\n|switch|p1b: Raging Bolt|Raging Bolt, L50|73/100\n|move|p2a: =_=|Dark Pulse|p1b: Raging Bolt\n|-damage|p1b: Raging Bolt|22/100\n|move|p1a: \u6211\u8fd1\u89c6|Astral Barrage|p2a: =_=\n|-resisted|p2a: =_=\n|-damage|p2a: =_=|41/100\n|\n|upkeep\n|turn|8\n|-message|wmjjqz forfeited.\n|\n|win|blackred123\n|raw|blackred123's rating: 1398 &rarr; <strong>1412</strong><br />(+14 for winning)\n|raw|wmjjqz's rating: 1295 &rarr; <strong>1277</strong><br />(-18 for losing)\n|l|\u2606wmjjqz\n|player|p2|\n","uploadtime":1769924223,"views":12,"formatid":"gen9vgc2026regi","rating":1277,"private":0,"password":null}