{"id":"gen9vgc2026regi-2537837152","format":"[Gen 9] VGC 2026 Reg I","players":["pzyxhic","mnmnmnmnm6"],"log":"|j|\u2606pzyxhic\n|j|\u2606mnmnmnmnm6\n|t:|1770853547\n|gametype|doubles\n|player|p1|pzyxhic|102|1319\n|player|p2|mnmnmnmnm6|chuck|1368\n|gen|9\n|tier|[Gen 9] VGC 2026 Reg I\n|rated|\n|rule|Species Clause: Limit one of each Pok\u00e9mon\n|rule|Item Clause: Limit 1 of each item\n|clearpoke\n|poke|p1|Giratina-Origin, L50|\n|poke|p1|Zamazenta-*, L50|\n|poke|p1|Incineroar, L50, F|\n|poke|p1|Amoonguss, L50, F|\n|poke|p1|Urshifu-*, L50, F|\n|poke|p1|Grimmsnarl, L50, M|\n|poke|p2|Miraidon, L50|\n|poke|p2|Landorus-Therian, L50, M|\n|poke|p2|Farigiraf, L50, F|\n|poke|p2|Chi-Yu, L50|\n|poke|p2|Tornadus, L50, M|\n|poke|p2|Zamazenta-*, L50|\n|teampreview|4\n|inactive|Battle timer is ON: inactive players will automatically lose when time's up. (requested by mnmnmnmnm6)\n|\n|t:|1770853575\n|teamsize|p1|4\n|teamsize|p2|4\n|start\n|switch|p1a: Urshifu|Urshifu-Rapid-Strike, L50, F|100/100\n|switch|p1b: Incineroar|Incineroar, L50, F|100/100\n|switch|p2a: Chi-Yu|Chi-Yu, L50|100/100\n|switch|p2b: Miraidon|Miraidon, L50|100/100\n|-ability|p2a: Chi-Yu|Beads of Ruin\n|-fieldstart|move: Electric Terrain|[from] ability: Hadron Engine|[of] p2b: Miraidon\n|-ability|p1b: Incineroar|Intimidate|boost\n|-unboost|p2a: Chi-Yu|atk|1\n|-unboost|p2b: Miraidon|atk|1\n|turn|1\n|\n|t:|1770853595\n|switch|p2a: Farigiraf|Farigiraf, L50, F|100/100\n|switch|p1b: Giratina|Giratina-Origin, L50|100/100\n|move|p1a: Urshifu|Coaching|p1b: Giratina\n|-boost|p1b: Giratina|atk|1\n|-boost|p1b: Giratina|def|1\n|move|p2b: Miraidon|Volt Switch|p1a: Urshifu\n|-supereffective|p1a: Urshifu\n|-damage|p1a: Urshifu|0 fnt\n|faint|p1a: Urshifu\n|-damage|p2b: Miraidon|91/100|[from] item: Life Orb\n|\n|t:|1770853607\n|switch|p2b: Chi-Yu|Chi-Yu, L50|100/100|[from] Volt Switch\n|-ability|p2b: Chi-Yu|Beads of Ruin\n|\n|upkeep\n|\n|t:|1770853613\n|switch|p1a: Incineroar|Incineroar, L50, F|100/100\n|-ability|p1a: Incineroar|Intimidate|boost\n|-unboost|p2a: Farigiraf|atk|1\n|-unboost|p2b: Chi-Yu|atk|1\n|turn|2\n|\n|t:|1770853633\n|switch|p2b: Miraidon|Miraidon, L50|91/100\n|-activate|p2b: Miraidon|ability: Hadron Engine\n|move|p1b: Giratina|Protect|p1b: Giratina\n|-singleturn|p1b: Giratina|Protect\n|move|p1a: Incineroar|U-turn|p2a: Farigiraf\n|-supereffective|p2a: Farigiraf\n|-damage|p2a: Farigiraf|65/100\n|\n|t:|1770853642\n|switch|p1a: Grimmsnarl|Grimmsnarl, L50, M|100/100|[from] U-turn\n|move|p2a: Farigiraf|Roar|p1b: Giratina\n|drag|p1b: Incineroar|Incineroar, L50, F|100/100\n|-ability|p1b: Incineroar|Intimidate|boost\n|-unboost|p2a: Farigiraf|atk|1\n|-unboost|p2b: Miraidon|atk|1\n|\n|upkeep\n|turn|3\n|inactive|mnmnmnmnm6 has 30 seconds left.\n|\n|t:|1770853671\n|move|p2a: Farigiraf|Helping Hand|p2b: Miraidon\n|-singleturn|p2b: Miraidon|Helping Hand|[of] p2a: Farigiraf\n|move|p1a: Grimmsnarl|Light Screen|p1a: Grimmsnarl\n|-sidestart|p1: pzyxhic|move: Light Screen\n|move|p2b: Miraidon|Draco Meteor|p1b: Incineroar\n|-damage|p1b: Incineroar|36/100\n|-unboost|p2b: Miraidon|spa|2\n|-damage|p2b: Miraidon|81/100|[from] item: Life Orb\n|move|p1b: Incineroar|Knock Off|p2b: Miraidon\n|-damage|p2b: Miraidon|44/100\n|-enditem|p2b: Miraidon|Life Orb|[from] move: Knock Off|[of] p1b: Incineroar\n|\n|upkeep\n|turn|4\n|\n|t:|1770853690\n|move|p2b: Miraidon|Volt Switch|p1b: Incineroar\n|-damage|p1b: Incineroar|22/100\n|\n|t:|1770853694\n|switch|p2b: Chi-Yu|Chi-Yu, L50|100/100|[from] Volt Switch\n|-ability|p2b: Chi-Yu|Beads of Ruin\n|move|p1b: Incineroar|Knock Off|p2a: Farigiraf\n|-supereffective|p2a: Farigiraf\n|-damage|p2a: Farigiraf|0 fnt\n|-enditem|p2a: Farigiraf|Mental Herb|[from] move: Knock Off|[of] p1b: Incineroar\n|faint|p2a: Farigiraf\n|move|p1a: Grimmsnarl|Spirit Break|p2b: Chi-Yu\n|-damage|p2b: Chi-Yu|49/100\n|-unboost|p2b: Chi-Yu|spa|1\n|\n|upkeep\n|j| Blaidan\n|\n|t:|1770853702\n|switch|p2a: Miraidon|Miraidon, L50|44/100\n|-activate|p2a: Miraidon|ability: Hadron Engine\n|turn|5\n|\n|t:|1770853724\n|move|p2b: Chi-Yu|Heat Wave|p1a: Grimmsnarl|[spread] p1b\n|-miss|p2b: Chi-Yu|p1a: Grimmsnarl\n|-resisted|p1b: Incineroar\n|-damage|p1b: Incineroar|15/100\n|move|p2a: Miraidon|Volt Switch|p1b: Incineroar\n|-damage|p1b: Incineroar|0 fnt\n|faint|p1b: Incineroar\n|\n|t:|1770853732\n|switch|p2a: Zamazenta|Zamazenta-Crowned, L50|100/100|[from] Volt Switch\n|-ability|p2a: Zamazenta|Dauntless Shield|boost\n|-boost|p2a: Zamazenta|def|1\n|move|p1a: Grimmsnarl|Spirit Break|p2a: Zamazenta\n|-damage|p2a: Zamazenta|90/100\n|-unboost|p2a: Zamazenta|spa|1\n|\n|-fieldend|move: Electric Terrain\n|upkeep\n|\n|t:|1770853742\n|switch|p1b: Giratina|Giratina-Origin, L50|100/100\n|turn|6\n|\n|t:|1770853751\n|move|p1a: Grimmsnarl|Thunder Wave|p2a: Zamazenta\n|-status|p2a: Zamazenta|par\n|move|p2b: Chi-Yu|Heat Wave|p1b: Giratina|[spread] p1a,p1b\n|-resisted|p1b: Giratina\n|-damage|p1a: Grimmsnarl|79/100\n|-damage|p1b: Giratina|93/100\n|move|p1b: Giratina|Breaking Swipe|p2a: Zamazenta|[spread] p2a,p2b\n|-resisted|p2a: Zamazenta\n|-damage|p2a: Zamazenta|85/100 par\n|-damage|p2b: Chi-Yu|0 fnt\n|-unboost|p2a: Zamazenta|atk|1\n|faint|p2b: Chi-Yu\n|cant|p2a: Zamazenta|par\n|\n|upkeep\n|\n|t:|1770853764\n|switch|p2b: Miraidon|Miraidon, L50|44/100\n|-fieldstart|move: Electric Terrain|[from] ability: Hadron Engine|[of] p2b: Miraidon\n|turn|7\n|\n|t:|1770853782\n|move|p1b: Giratina|Protect|p1b: Giratina\n|-singleturn|p1b: Giratina|Protect\n|move|p2b: Miraidon|Electro Drift|p1a: Grimmsnarl\n|-damage|p1a: Grimmsnarl|20/100\n|move|p2a: Zamazenta|Heavy Slam|p1a: Grimmsnarl\n|-supereffective|p1a: Grimmsnarl\n|-damage|p1a: Grimmsnarl|0 fnt\n|faint|p1a: Grimmsnarl\n|\n|-sideend|p1: pzyxhic|move: Light Screen\n|upkeep\n|turn|8\n|\n|t:|1770853806\n|move|p2b: Miraidon|Protect|p2b: Miraidon\n|-singleturn|p2b: Miraidon|Protect\n|move|p1b: Giratina|Breaking Swipe|p2b: Miraidon|[spread] p2a\n|-activate|p2b: Miraidon|move: Protect\n|-resisted|p2a: Zamazenta\n|-damage|p2a: Zamazenta|80/100 par\n|-unboost|p2a: Zamazenta|atk|1\n|move|p2a: Zamazenta|Heavy Slam|p1b: Giratina\n|-damage|p1b: Giratina|86/100\n|\n|upkeep\n|turn|9\n|\n|t:|1770853821\n|-terastallize|p2b: Miraidon|Electric\n|-terastallize|p1b: Giratina|Fairy\n|move|p2b: Miraidon|Draco Meteor|p1b: Giratina\n|-immune|p1b: Giratina\n|move|p1b: Giratina|Breaking Swipe|p2b: Miraidon|[spread] p2a,p2b\n|-resisted|p2a: Zamazenta\n|-damage|p2a: Zamazenta|74/100 par\n|-damage|p2b: Miraidon|16/100\n|-unboost|p2a: Zamazenta|atk|1\n|-unboost|p2b: Miraidon|atk|1\n|move|p2a: Zamazenta|Heavy Slam|p1b: Giratina\n|-supereffective|p1b: Giratina\n|-damage|p1b: Giratina|74/100\n|\n|upkeep\n|turn|10\n|\n|t:|1770853837\n|move|p1b: Giratina|Protect|p1b: Giratina\n|-singleturn|p1b: Giratina|Protect\n|move|p2b: Miraidon|Electro Drift|p1b: Giratina\n|-activate|p1b: Giratina|move: Protect\n|move|p2a: Zamazenta|Heavy Slam|p1b: Giratina\n|-activate|p1b: Giratina|move: Protect\n|\n|upkeep\n|turn|11\n|\n|t:|1770853848\n|move|p1b: Giratina|Shadow Sneak|p2b: Miraidon\n|-damage|p2b: Miraidon|0 fnt\n|faint|p2b: Miraidon\n|move|p2a: Zamazenta|Heavy Slam|p1b: Giratina\n|-supereffective|p1b: Giratina\n|-damage|p1b: Giratina|63/100\n|\n|-fieldend|move: Electric Terrain\n|upkeep\n|turn|12\n|\n|t:|1770853856\n|move|p1b: Giratina|Protect|p1b: Giratina\n|-singleturn|p1b: Giratina|Protect\n|move|p2a: Zamazenta|Heavy Slam|p1b: Giratina\n|-activate|p1b: Giratina|move: Protect\n|\n|upkeep\n|turn|13\n|\n|t:|1770853863\n|move|p1b: Giratina|Poltergeist|p2a: Zamazenta\n|-activate|p2a: Zamazenta|move: Poltergeist|Rusted Shield\n|-damage|p2a: Zamazenta|49/100 par\n|cant|p2a: Zamazenta|par\n|\n|upkeep\n|turn|14\n|-message|mnmnmnmnm6 forfeited.\n|\n|win|pzyxhic\n|raw|pzyxhic's rating: 1319 &rarr; <strong>1342</strong><br />(+23 for winning)\n|raw|mnmnmnmnm6's rating: 1368 &rarr; <strong>1345</strong><br />(-23 for losing)\n|l|\u2606mnmnmnmnm6\n|player|p2|\n|l|\u2606pzyxhic\n|player|p1|\n|l| Blaidan\n","uploadtime":1770854101,"views":17,"formatid":"gen9vgc2026regi","rating":1342,"private":0,"password":null}