{"id":"gen9vgc2026regi-2577407988","format":"[Gen 9] VGC 2026 Reg I","players":["poilpoip","Mirthinion"],"log":"|j|\u2606poilpoip\n|j|\u2606Mirthinion\n|t:|1775574642\n|gametype|doubles\n|player|p1|poilpoip|102|1475\n|player|p2|Mirthinion|janitor|1517\n|gen|9\n|tier|[Gen 9] VGC 2026 Reg I\n|rated|\n|rule|Species Clause: Limit one of each Pok\u00e9mon\n|rule|Item Clause: Limit 1 of each item\n|clearpoke\n|poke|p1|Lunala, L50|\n|poke|p1|Rillaboom, L50, F|\n|poke|p1|Zamazenta-*, L50|\n|poke|p1|Urshifu-*, L50, M|\n|poke|p1|Ogerpon-Cornerstone, L50, F|\n|poke|p1|Volcarona, L50, F|\n|poke|p2|Calyrex-Shadow, L50|\n|poke|p2|Zamazenta-*, L50|\n|poke|p2|Urshifu-*, L50, M|\n|poke|p2|Incineroar, L50, M|\n|poke|p2|Rillaboom, L50, M|\n|poke|p2|Tornadus, L50, M|\n|teampreview|4\n|inactive|Battle timer is ON: inactive players will automatically lose when time's up. (requested by Mirthinion)\nMirthinion rejected open team sheets.\n|j| niaoren\n|inactive|poilpoip has 60 seconds left.\n|\n|t:|1775574702\n|teamsize|p1|4\n|teamsize|p2|4\n|start\n|switch|p1a: Lunala|Lunala, L50|100/100\n|switch|p1b: Zamazenta|Zamazenta-Crowned, L50|100/100\n|switch|p2a: Vangwe|Tornadus, L50, M|100/100\n|switch|p2b: Beowulf|Urshifu-Rapid-Strike, L50, M|100/100\n|-ability|p1b: Zamazenta|Dauntless Shield|boost\n|-boost|p1b: Zamazenta|def|1\n|turn|1\n|inactive|Mirthinion has 30 seconds left.\n|inactive|Mirthinion has 20 seconds left.\n|inactive|Mirthinion has 15 seconds left.\n|\n|t:|1775574745\n|-terastallize|p2a: Vangwe|Steel\n|move|p2a: Vangwe|Taunt|p1a: Lunala\n|-start|p1a: Lunala|move: Taunt\n|move|p2b: Beowulf|Surging Strikes|p1a: Lunala\n|-crit|p1a: Lunala\n|-damage|p1a: Lunala|88/100\n|-crit|p1a: Lunala\n|-damage|p1a: Lunala|66/100\n|-crit|p1a: Lunala\n|-damage|p1a: Lunala|40/100\n|-hitcount|p1a: Lunala|3\n|move|p1b: Zamazenta|Body Press|p2b: Beowulf\n|-crit|p2b: Beowulf\n|-damage|p2b: Beowulf|0 fnt\n|faint|p2b: Beowulf\n|move|p1a: Lunala|Dazzling Gleam|p2a: Vangwe\n|-resisted|p2a: Vangwe\n|-damage|p2a: Vangwe|85/100\n|\n|-heal|p1a: Lunala|46/100|[from] item: Leftovers\n|upkeep\n|\n|t:|1775574763\n|switch|p2b: Mithrandir|Calyrex-Shadow, L50|100/100\n|-ability|p2b: Mithrandir|As One\n|-ability|p2b: Mithrandir|Unnerve\n|turn|2\n|\n|t:|1775574774\n|move|p2b: Mithrandir|Protect|p2b: Mithrandir\n|-singleturn|p2b: Mithrandir|Protect\n|move|p1b: Zamazenta|Wide Guard|p1b: Zamazenta\n|-singleturn|p1b: Zamazenta|Wide Guard\n|move|p2a: Vangwe|Taunt|p1b: Zamazenta\n|-start|p1b: Zamazenta|move: Taunt\n|move|p1a: Lunala|Moongeist Beam|p2b: Mithrandir\n|-activate|p2b: Mithrandir|move: Protect\n|\n|-heal|p1a: Lunala|52/100|[from] item: Leftovers\n|upkeep\n|turn|3\n|\n|t:|1775574789\n|-terastallize|p1a: Lunala|Fairy\n|move|p2b: Mithrandir|Astral Barrage|p1a: Lunala|[spread] p1a,p1b\n|-damage|p1a: Lunala|16/100\n|-damage|p1b: Zamazenta|70/100\n|move|p1b: Zamazenta|Body Press|p2a: Vangwe\n|-supereffective|p2a: Vangwe\n|-crit|p2a: Vangwe\n|-damage|p2a: Vangwe|0 fnt\n|faint|p2a: Vangwe\n|move|p1a: Lunala|Moongeist Beam|p2b: Mithrandir\n|-supereffective|p2b: Mithrandir\n|-enditem|p2b: Mithrandir|Focus Sash\n|-damage|p2b: Mithrandir|1/100\n|\n|-heal|p1a: Lunala|22/100|[from] item: Leftovers\n|-end|p1a: Lunala|move: Taunt\n|upkeep\n|\n|t:|1775574805\n|switch|p2a: Drambor|Zamazenta-Crowned, L50|100/100\n|-ability|p2a: Drambor|Dauntless Shield|boost\n|-boost|p2a: Drambor|def|1\n|turn|4\n|inactive|Mirthinion has 30 seconds left.\n|\n|t:|1775574831\n|move|p2b: Mithrandir|Astral Barrage|p1b: Zamazenta|[spread] p1a,p1b\n|-damage|p1a: Lunala|0 fnt\n|-damage|p1b: Zamazenta|38/100\n|faint|p1a: Lunala\n|-ability|p2b: Mithrandir|Grim Neigh|boost\n|-boost|p2b: Mithrandir|spa|1\n|move|p2a: Drambor|Body Press|p1b: Zamazenta\n|-supereffective|p1b: Zamazenta\n|-damage|p1b: Zamazenta|0 fnt\n|faint|p1b: Zamazenta\n|\n|upkeep\n|\n|t:|1775574835\n|switch|p1b: Urshifu|Urshifu, L50, M|100/100\n|switch|p1a: Volcarona|Volcarona, L50, F|100/100\n|turn|5\n|\n|t:|1775574855\n|move|p2b: Mithrandir|Protect|p2b: Mithrandir\n|-singleturn|p2b: Mithrandir|Protect\n|move|p1a: Volcarona|Rage Powder|p1a: Volcarona\n|-singleturn|p1a: Volcarona|move: Rage Powder\n|move|p1b: Urshifu|Sucker Punch||[still]\n|-fail|p1b: Urshifu\n|move|p2a: Drambor|Body Press|p1a: Volcarona\n|-resisted|p1a: Volcarona\n|-damage|p1a: Volcarona|65/100\n|-damage|p2a: Drambor|84/100|[from] item: Rocky Helmet|[of] p1a: Volcarona\n|\n|upkeep\n|turn|6\n|\n|t:|1775574875\n|move|p1a: Volcarona|Rage Powder|p1a: Volcarona\n|-singleturn|p1a: Volcarona|move: Rage Powder\n|move|p1b: Urshifu|Sucker Punch||[still]\n|-fail|p1b: Urshifu\n|move|p2b: Mithrandir|Nasty Plot|p2b: Mithrandir\n|-boost|p2b: Mithrandir|spa|2\n|move|p2a: Drambor|Body Press|p1a: Volcarona\n|-resisted|p1a: Volcarona\n|-damage|p1a: Volcarona|31/100\n|-damage|p2a: Drambor|68/100|[from] item: Rocky Helmet|[of] p1a: Volcarona\n|\n|upkeep\n|turn|7\n|\n|t:|1775574889\n|move|p1a: Volcarona|Rage Powder|p1a: Volcarona\n|-singleturn|p1a: Volcarona|move: Rage Powder\n|move|p2b: Mithrandir|Astral Barrage|p1a: Volcarona|[spread] p1a,p1b\n|-resisted|p1b: Urshifu\n|-damage|p1a: Volcarona|0 fnt\n|-enditem|p1b: Urshifu|Focus Sash\n|-damage|p1b: Urshifu|1/100\n|faint|p1a: Volcarona\n|-ability|p2b: Mithrandir|Grim Neigh|boost\n|-boost|p2b: Mithrandir|spa|1\n|move|p2a: Drambor|Body Press|p1b: Urshifu\n|-supereffective|p1b: Urshifu\n|-damage|p1b: Urshifu|0 fnt\n|faint|p1b: Urshifu\n|\n|win|Mirthinion\n|raw|poilpoip's rating: 1475 &rarr; <strong>1457</strong><br />(-18 for losing)\n|raw|Mirthinion's rating: 1517 &rarr; <strong>1535</strong><br />(+18 for winning)\n|l|\u2606poilpoip\n|player|p1|\n","uploadtime":1775574903,"views":34,"formatid":"gen9vgc2026regi","rating":1457,"private":0,"password":null}