{"id":"gen9vgc2026regi-2559985884","format":"[Gen 9] VGC 2026 Reg I","players":["pokedoke2","sheeshshane925"],"log":"|j|\u2606pokedoke2\n|j|\u2606sheeshshane925\n|t:|1773631988\n|gametype|doubles\n|player|p1|pokedoke2|170|1385\n|player|p2|sheeshshane925|chuck|1400\n|gen|9\n|tier|[Gen 9] VGC 2026 Reg I\n|rated|\n|rule|Species Clause: Limit one of each Pok\u00e9mon\n|rule|Item Clause: Limit 1 of each item\n|clearpoke\n|poke|p1|Volcarona, L50, F|\n|poke|p1|Iron Hands, L50|\n|poke|p1|Miraidon, L50|\n|poke|p1|Grimmsnarl, L50, M|\n|poke|p1|Calyrex-Ice, L50|\n|poke|p1|Farigiraf, L50, F|\n|poke|p2|Calyrex-Ice, L50|\n|poke|p2|Miraidon, L50|\n|poke|p2|Farigiraf, L50, M|\n|poke|p2|Iron Hands, L50|\n|poke|p2|Scraggy, L50, F|\n|poke|p2|Iron Bundle, L50|\n|teampreview|4\n|inactive|Battle timer is ON: inactive players will automatically lose when time's up. (requested by sheeshshane925)\n|\n|t:|1773632049\n|teamsize|p1|4\n|teamsize|p2|4\n|start\n|switch|p1a: Wonder Cooki|Grimmsnarl, L50, M, shiny|100/100\n|switch|p1b: Volcarona|Volcarona, L50, F, shiny|100/100\n|switch|p2a: Miraidon|Miraidon, L50, shiny|100/100\n|switch|p2b: Iron Bundle|Iron Bundle, L50|100/100\n|-fieldstart|move: Electric Terrain|[from] ability: Hadron Engine|[of] p2a: Miraidon\n|-activate|p2b: Iron Bundle|ability: Quark Drive\n|-start|p2b: Iron Bundle|quarkdrivespe\n|turn|1\n|\n|t:|1773632066\n|move|p2b: Iron Bundle|Protect|p2b: Iron Bundle\n|-singleturn|p2b: Iron Bundle|Protect\n|move|p1a: Wonder Cooki|Thunder Wave|p2b: Iron Bundle\n|-activate|p2b: Iron Bundle|move: Protect\n|move|p2a: Miraidon|Electro Drift|p1a: Wonder Cooki\n|-damage|p1a: Wonder Cooki|0 fnt\n|faint|p1a: Wonder Cooki\n|-damage|p2a: Miraidon|91/100|[from] item: Life Orb\n|move|p1b: Volcarona|Quiver Dance|p1b: Volcarona\n|-boost|p1b: Volcarona|spa|1\n|-boost|p1b: Volcarona|spd|1\n|-boost|p1b: Volcarona|spe|1\n|\n|upkeep\n|\n|t:|1773632082\n|switch|p1a: Iron Hands|Iron Hands, L50, shiny|100/100\n|-activate|p1a: Iron Hands|ability: Quark Drive\n|-start|p1a: Iron Hands|quarkdriveatk\n|turn|2\n|inactive|pokedoke2 has 30 seconds left.\n|\n|t:|1773632112\n|move|p2b: Iron Bundle|Protect||[still]\n|-fail|p2b: Iron Bundle\n|move|p1a: Iron Hands|Fake Out|p2a: Miraidon\n|-damage|p2a: Miraidon|72/100\n|move|p1b: Volcarona|Quiver Dance|p1b: Volcarona\n|-boost|p1b: Volcarona|spa|1\n|-boost|p1b: Volcarona|spd|1\n|-boost|p1b: Volcarona|spe|1\n|cant|p2a: Miraidon|flinch\n|\n|upkeep\n|turn|3\n|\n|t:|1773632134\n|move|p2b: Iron Bundle|Encore|p1a: Iron Hands\n|-start|p1a: Iron Hands|Encore\n|move|p1b: Volcarona|Fiery Dance|p2a: Miraidon\n|-resisted|p2a: Miraidon\n|-damage|p2a: Miraidon|46/100\n|move|p2a: Miraidon|Dazzling Gleam|p1a: Iron Hands|[spread] p1a,p1b\n|-supereffective|p1a: Iron Hands\n|-resisted|p1b: Volcarona\n|-damage|p1a: Iron Hands|63/100\n|-damage|p1b: Volcarona|90/100\n|-damage|p2a: Miraidon|37/100|[from] item: Life Orb\n|move|p1a: Iron Hands|Fake Out||[still]\n|-hint|Fake Out only works on your first turn out.\n|-fail|p1a: Iron Hands\n|\n|-heal|p1b: Volcarona|97/100|[from] item: Leftovers\n|upkeep\n|turn|4\n|j| 801344244a\n|\n|t:|1773632153\n|-end|p1a: Iron Hands|Quark Drive|[silent]\n|switch|p1a: Miraidon|Miraidon, L50, shiny|100/100\n|-activate|p1a: Miraidon|ability: Hadron Engine\n|move|p2b: Iron Bundle|Icy Wind|p1a: Miraidon|[spread] p1b\n|-miss|p2b: Iron Bundle|p1a: Miraidon\n|-resisted|p1b: Volcarona\n|-damage|p1b: Volcarona|91/100\n|-unboost|p1b: Volcarona|spe|1\n|move|p1b: Volcarona|Struggle Bug|p2b: Iron Bundle|[spread] p2a,p2b\n|-damage|p2a: Miraidon|9/100\n|-damage|p2b: Iron Bundle|32/100\n|-unboost|p2a: Miraidon|spa|1\n|-unboost|p2b: Iron Bundle|spa|1\n|move|p2a: Miraidon|Dazzling Gleam|p1b: Volcarona|[spread] p1a,p1b\n|-supereffective|p1a: Miraidon\n|-resisted|p1b: Volcarona\n|-damage|p1a: Miraidon|58/100\n|-damage|p1b: Volcarona|85/100\n|-damage|p2a: Miraidon|0 fnt|[from] item: Life Orb\n|faint|p2a: Miraidon\n|\n|-heal|p1b: Volcarona|91/100|[from] item: Leftovers\n|upkeep\n|\n|t:|1773632175\n|switch|p2a: Calyrex|Calyrex-Ice, L50|100/100\n|-ability|p2a: Calyrex|As One\n|-ability|p2a: Calyrex|Unnerve\n|turn|5\n|\n|t:|1773632195\n|-terastallize|p1a: Miraidon|Fairy\n|move|p2a: Calyrex|Protect|p2a: Calyrex\n|-singleturn|p2a: Calyrex|Protect\n|move|p2b: Iron Bundle|Encore|p1b: Volcarona\n|-start|p1b: Volcarona|Encore\n|move|p1b: Volcarona|Struggle Bug|p2b: Iron Bundle|[spread] p2b\n|-activate|p2a: Calyrex|move: Protect\n|-damage|p2b: Iron Bundle|0 fnt\n|faint|p2b: Iron Bundle\n|-end|p2b: Iron Bundle|Quark Drive|[silent]\n|move|p1a: Miraidon|Dazzling Gleam|p2a: Calyrex\n|-activate|p2a: Calyrex|move: Protect\n|\n|-heal|p1b: Volcarona|97/100|[from] item: Leftovers\n|-fieldend|move: Electric Terrain\n|upkeep\n|\n|t:|1773632203\n|switch|p2b: Scraggy|Scraggy, L50, F|100/100\n|-ability|p2b: Scraggy|Intimidate|boost\n|-unboost|p1a: Miraidon|atk|1\n|-unboost|p1b: Volcarona|atk|1\n|turn|6\n|l| 801344244a\n|\n|t:|1773632213\n|-terastallize|p2a: Calyrex|Fire\n|move|p2b: Scraggy|Fake Out|p1a: Miraidon\n|-damage|p1a: Miraidon|51/100\n|move|p1b: Volcarona|Struggle Bug|p2b: Scraggy|[spread] p2a,p2b\n|-resisted|p2a: Calyrex\n|-damage|p2a: Calyrex|88/100\n|-damage|p2b: Scraggy|71/100\n|-unboost|p2b: Scraggy|spa|1\n|cant|p1a: Miraidon|flinch\n|move|p2a: Calyrex|Trick Room|p2a: Calyrex\n|-fieldstart|move: Trick Room|[of] p2a: Calyrex\n|\n|-heal|p1b: Volcarona|100/100|[from] item: Leftovers\n|upkeep\n|turn|7\n|\n|t:|1773632228\n|switch|p1a: Iron Hands|Iron Hands, L50, shiny|63/100\n|move|p2b: Scraggy|Coaching|p2a: Calyrex\n|-boost|p2a: Calyrex|atk|1\n|-boost|p2a: Calyrex|def|1\n|move|p2a: Calyrex|Glacial Lance|p1b: Volcarona|[spread] p1a,p1b\n|-resisted|p1b: Volcarona\n|-damage|p1a: Iron Hands|4/100\n|-damage|p1b: Volcarona|52/100\n|move|p1b: Volcarona|Struggle Bug|p2a: Calyrex|[spread] p2a,p2b\n|-resisted|p2a: Calyrex\n|-damage|p2a: Calyrex|77/100\n|-damage|p2b: Scraggy|43/100\n|-unboost|p2b: Scraggy|spa|1\n|\n|-heal|p1b: Volcarona|58/100|[from] item: Leftovers\n|-end|p1b: Volcarona|Encore\n|upkeep\n|turn|8\n|inactive|pokedoke2 has 30 seconds left.\n|\n|t:|1773632261\n|move|p1a: Iron Hands|Fake Out|p2a: Calyrex\n|-damage|p2a: Calyrex|71/100\n|move|p2b: Scraggy|Endeavor|p1b: Volcarona\n|-damage|p1b: Volcarona|31/100\n|cant|p2a: Calyrex|flinch\n|move|p1b: Volcarona|Fiery Dance|p2b: Scraggy\n|-damage|p2b: Scraggy|0 fnt\n|faint|p2b: Scraggy\n|\n|-heal|p1b: Volcarona|37/100|[from] item: Leftovers\n|upkeep\n|turn|9\n|\n|t:|1773632274\n|move|p1b: Volcarona|Protect|p1b: Volcarona\n|-singleturn|p1b: Volcarona|Protect\n|move|p2a: Calyrex|Glacial Lance|p1b: Volcarona|[spread] p1a\n|-activate|p1b: Volcarona|move: Protect\n|-damage|p1a: Iron Hands|0 fnt\n|faint|p1a: Iron Hands\n|-end|p1a: Iron Hands|Quark Drive|[silent]\n|-ability|p2a: Calyrex|Chilling Neigh|boost\n|-boost|p2a: Calyrex|atk|1\n|\n|-heal|p1b: Volcarona|43/100|[from] item: Leftovers\n|upkeep\n|\n|t:|1773632283\n|switch|p1a: Miraidon|Miraidon, L50, shiny, tera:Fairy|51/100\n|-fieldstart|move: Electric Terrain|[from] ability: Hadron Engine|[of] p1a: Miraidon\n|turn|10\n|\n|t:|1773632287\n|move|p1b: Volcarona|Protect|p1b: Volcarona\n|-singleturn|p1b: Volcarona|Protect\n|move|p2a: Calyrex|Glacial Lance|p1b: Volcarona|[spread] p1a\n|-activate|p1b: Volcarona|move: Protect\n|-damage|p1a: Miraidon|0 fnt\n|faint|p1a: Miraidon\n|-ability|p2a: Calyrex|Chilling Neigh|boost\n|-boost|p2a: Calyrex|atk|1\n|\n|-heal|p1b: Volcarona|49/100|[from] item: Leftovers\n|-fieldend|move: Trick Room\n|upkeep\n|turn|11\n|\n|t:|1773632296\n|move|p1b: Volcarona|Fiery Dance|p2a: Calyrex\n|-resisted|p2a: Calyrex\n|-damage|p2a: Calyrex|45/100\n|move|p2a: Calyrex|Glacial Lance|p1b: Volcarona\n|-resisted|p1b: Volcarona\n|-damage|p1b: Volcarona|0 fnt\n|faint|p1b: Volcarona\n|\n|win|sheeshshane925\n|raw|pokedoke2's rating: 1385 &rarr; <strong>1366</strong><br />(-19 for losing)\n|raw|sheeshshane925's rating: 1400 &rarr; <strong>1419</strong><br />(+19 for winning)\n|l|\u2606pokedoke2\n|player|p1|\n|l|\u2606sheeshshane925\n|player|p2|\n","uploadtime":1773632438,"views":12,"formatid":"gen9vgc2026regi","rating":1366,"private":0,"password":null}