{"id":"gen9vgc2026regi-2567906859","format":"[Gen 9] VGC 2026 Reg I","players":["kojimuranishi","Ceraida"],"log":"|j|\u2606kojimuranishi\n|j|\u2606Ceraida\n|t:|1774532539\n|gametype|doubles\n|player|p1|kojimuranishi|1|1633\n|player|p2|Ceraida|veteran|1495\n|gen|9\n|tier|[Gen 9] VGC 2026 Reg I\n|rated|\n|rule|Species Clause: Limit one of each Pok\u00e9mon\n|rule|Item Clause: Limit 1 of each item\n|clearpoke\n|poke|p1|Whimsicott, L50, M|\n|poke|p1|Calyrex-Ice, L50|\n|poke|p1|Miraidon, L50|\n|poke|p1|Chi-Yu, L50|\n|poke|p1|Landorus, L50, M|\n|poke|p1|Farigiraf, L50, M|\n|poke|p2|Calyrex-Shadow, L50|\n|poke|p2|Zamazenta-*, L50|\n|poke|p2|Indeedee-F, L50, F|\n|poke|p2|Volcarona, L50, M|\n|poke|p2|Ceruledge, L50, M|\n|poke|p2|Rillaboom, L50, F|\n|teampreview|4\n|inactive|Battle timer is ON: inactive players will automatically lose when time's up. (requested by kojimuranishi)\n|inactive|kojimuranishi has 60 seconds left.\n|\n|t:|1774532580\n|teamsize|p1|4\n|teamsize|p2|4\n|start\n|switch|p1a: Calyrex|Calyrex-Ice, L50|100/100\n|switch|p1b: Farigiraf|Farigiraf, L50, M|100/100\n|switch|p2a: Calyrex|Calyrex-Shadow, L50|100/100\n|switch|p2b: Indeedee|Indeedee-F, L50, F|100/100\n|-ability|p2a: Calyrex|As One\n|-ability|p2a: Calyrex|Unnerve\n|-ability|p1a: Calyrex|As One\n|-ability|p1a: Calyrex|Unnerve\n|-fieldstart|move: Psychic Terrain|[from] ability: Psychic Surge|[of] p2b: Indeedee\n|turn|1\n|\n|t:|1774532604\n|-terastallize|p1a: Calyrex|Ice\n|move|p2b: Indeedee|Helping Hand|p2a: Calyrex\n|-singleturn|p2a: Calyrex|Helping Hand|[of] p2b: Indeedee\n|move|p2a: Calyrex|Astral Barrage|p1a: Calyrex|[spread] p1a\n|-immune|p1b: Farigiraf\n|-damage|p1a: Calyrex|7/100\n|-damage|p2a: Calyrex|91/100|[from] item: Life Orb\n|move|p1a: Calyrex|Glacial Lance|p2b: Indeedee|[spread] p2a,p2b\n|-damage|p2a: Calyrex|0 fnt\n|-damage|p2b: Indeedee|0 fnt\n|faint|p2a: Calyrex\n|faint|p2b: Indeedee\n|-ability|p1a: Calyrex|Chilling Neigh|boost\n|-boost|p1a: Calyrex|atk|2\n|move|p1b: Farigiraf|Trick Room|p1b: Farigiraf\n|-fieldstart|move: Trick Room|[of] p1b: Farigiraf\n|\n|upkeep\n|\n|t:|1774532608\n|switch|p2b: Zamazenta|Zamazenta-Crowned, L50|100/100\n|switch|p2a: Ceruledge|Ceruledge, L50, M|100/100\n|-ability|p2b: Zamazenta|Dauntless Shield|boost\n|-boost|p2b: Zamazenta|def|1\n|turn|2\n|\n|t:|1774532631\n|-terastallize|p2a: Ceruledge|Grass\n|move|p2b: Zamazenta|Wide Guard|p2b: Zamazenta\n|-singleturn|p2b: Zamazenta|Wide Guard\n|move|p1b: Farigiraf|Foul Play|p2a: Ceruledge\n|-damage|p2a: Ceruledge|60/100\n|move|p2a: Ceruledge|Bitter Blade|p1a: Calyrex\n|-supereffective|p1a: Calyrex\n|-damage|p1a: Calyrex|0 fnt\n|-heal|p2a: Ceruledge|64/100|[from] drain|[of] p1a: Calyrex\n|faint|p1a: Calyrex\n|\n|upkeep\n|\n|t:|1774532651\n|switch|p1a: Chi-Yu|Chi-Yu, L50|100/100\n|-ability|p1a: Chi-Yu|Beads of Ruin\n|turn|3\n|\n|t:|1774532659\n|move|p1b: Farigiraf|Foul Play|p2a: Ceruledge\n|-damage|p2a: Ceruledge|27/100\n|move|p2a: Ceruledge|Bitter Blade|p1a: Chi-Yu\n|-resisted|p1a: Chi-Yu\n|-damage|p1a: Chi-Yu|63/100\n|-heal|p2a: Ceruledge|41/100|[from] drain|[of] p1a: Chi-Yu\n|move|p1a: Chi-Yu|Overheat|p2b: Zamazenta\n|-supereffective|p2b: Zamazenta\n|-damage|p2b: Zamazenta|0 fnt\n|-unboost|p1a: Chi-Yu|spa|2\n|faint|p2b: Zamazenta\n|\n|upkeep\n|turn|4\n|\n|t:|1774532678\n|switch|p1a: Landorus|Landorus, L50, M|100/100\n|move|p1b: Farigiraf|Foul Play|p2a: Ceruledge\n|-damage|p2a: Ceruledge|5/100\n|move|p2a: Ceruledge|Bitter Blade|p1b: Farigiraf\n|-damage|p1b: Farigiraf|61/100\n|-heal|p2a: Ceruledge|27/100|[from] drain|[of] p1b: Farigiraf\n|\n|upkeep\n|turn|5\n|-message|Ceraida forfeited.\n|\n|win|kojimuranishi\n|raw|kojimuranishi's rating: 1633 &rarr; <strong>1645</strong><br />(+12 for winning)\n|raw|Ceraida's rating: 1495 &rarr; <strong>1483</strong><br />(-12 for losing)\n|l|\u2606Ceraida\n|player|p2|\n|l|\u2606kojimuranishi\n|player|p1|\n","uploadtime":1774532868,"views":15,"formatid":"gen9vgc2026regi","rating":1483,"private":0,"password":null}