{"id":"gen9vgc2026regi-2580232135","format":"[Gen 9] VGC 2026 Reg I","players":["datbishgames","Kv0th3!"],"log":"|j|\u2606datbishgames\n|j|\u2606Kv0th3!\n|t:|1775868280\n|gametype|doubles\n|player|p1|datbishgames|mira|1424\n|player|p2|Kv0th3!|veteran|1455\n|gen|9\n|tier|[Gen 9] VGC 2026 Reg I\n|rated|\n|rule|Species Clause: Limit one of each Pok\u00e9mon\n|rule|Item Clause: Limit 1 of each item\n|clearpoke\n|poke|p1|Dialga-Origin, L50|\n|poke|p1|Ho-Oh, L50|\n|poke|p1|Rotom-Wash, L50|\n|poke|p1|Amoonguss, L50, F|\n|poke|p1|Ursaluna, L50, F|\n|poke|p1|Zoroark-Hisui, L50, F|\n|poke|p2|Scream Tail, L50|\n|poke|p2|Calyrex-Shadow, L50|\n|poke|p2|Rillaboom, L50, F|\n|poke|p2|Zamazenta-*, L50|\n|poke|p2|Chien-Pao, L50|\n|poke|p2|Ogerpon-Hearthflame, L50, F|\n|teampreview|4\n|inactive|Battle timer is ON: inactive players will automatically lose when time's up. (requested by datbishgames)\n|inactive|Kv0th3! has 60 seconds left.\n|\n|t:|1775868327\n|teamsize|p1|4\n|teamsize|p2|4\n|start\n|switch|p1a: Dialga|Dialga-Origin, L50|100/100\n|switch|p1b: Ho-Oh|Ho-Oh, L50|100/100\n|switch|p2a: Scream Tail|Scream Tail, L50|100/100\n|switch|p2b: Ogerpon|Ogerpon-Hearthflame, L50, F|100/100\n|-ability|p2b: Ogerpon|Mold Breaker\n|-enditem|p2a: Scream Tail|Booster Energy\n|-activate|p2a: Scream Tail|ability: Protosynthesis|[fromitem]\n|-start|p2a: Scream Tail|protosynthesisspe\n|turn|1\n|inactive|Kv0th3! has 30 seconds left.\n|\n|t:|1775868354\n|move|p2a: Scream Tail|Dazzling Gleam|p1a: Dialga|[spread] p1a,p1b\n|-resisted|p1b: Ho-Oh\n|-damage|p1a: Dialga|68/100\n|-damage|p1b: Ho-Oh|96/100\n|replace|p1a: Zoroark|Zoroark-Hisui, L50, F\n|-end|p1a: Zoroark|Illusion\n|move|p1a: Zoroark|Icy Wind|p2b: Ogerpon|[spread] p2a,p2b\n|-damage|p2a: Scream Tail|91/100\n|-damage|p2b: Ogerpon|86/100\n|-unboost|p2a: Scream Tail|spe|1\n|-unboost|p2b: Ogerpon|spe|1\n|move|p2b: Ogerpon|Swords Dance|p2b: Ogerpon\n|-boost|p2b: Ogerpon|atk|2\n|move|p1b: Ho-Oh|Tailwind|p1b: Ho-Oh\n|-sidestart|p1: datbishgames|move: Tailwind\n|\n|upkeep\n|turn|2\n|inactive|Kv0th3! has 30 seconds left.\n|\n|t:|1775868382\n|move|p2b: Ogerpon|Spiky Shield|p2b: Ogerpon\n|-singleturn|p2b: Ogerpon|move: Protect\n|move|p1a: Zoroark|Bitter Malice|p2a: Scream Tail\n|-supereffective|p2a: Scream Tail\n|-damage|p2a: Scream Tail|33/100\n|-unboost|p2a: Scream Tail|atk|1\n|move|p1b: Ho-Oh|Brave Bird|p2b: Ogerpon\n|-activate|p2b: Ogerpon|move: Protect\n|-damage|p1b: Ho-Oh|84/100|[from] Spiky Shield|[of] p2b: Ogerpon\n|move|p2a: Scream Tail|Encore|p1b: Ho-Oh\n|-start|p1b: Ho-Oh|Encore\n|\n|upkeep\n|turn|3\n|inactive|Kv0th3! has 30 seconds left.\n|inactive|Kv0th3! has 20 seconds left.\n|\n|t:|1775868418\n|-end|p2a: Scream Tail|Protosynthesis|[silent]\n|switch|p2a: Zamazenta|Zamazenta-Crowned, L50|100/100\n|-ability|p2a: Zamazenta|Dauntless Shield|boost\n|-boost|p2a: Zamazenta|def|1\n|-terastallize|p2b: Ogerpon|Fire\n|detailschange|p2b: Ogerpon|Ogerpon-Hearthflame-Tera, L50, F, tera:Fire\n|-ability|p2b: Ogerpon|Embody Aspect (Hearthflame)|boost\n|-boost|p2b: Ogerpon|atk|1\n|move|p1a: Zoroark|Bitter Malice|p2b: Ogerpon\n|-damage|p2b: Ogerpon|45/100\n|-unboost|p2b: Ogerpon|atk|1\n|move|p1b: Ho-Oh|Brave Bird|p2b: Ogerpon\n|-damage|p2b: Ogerpon|0 fnt\n|faint|p2b: Ogerpon\n|detailschange|p2: Ogerpon|Ogerpon-Hearthflame, L50, F|[silent]\n|-damage|p1b: Ho-Oh|73/100|[from] Recoil\n|\n|upkeep\n|\n|t:|1775868442\n|switch|p2b: Scream Tail|Scream Tail, L50|33/100\n|turn|4\n|\n|t:|1775868458\n|move|p1a: Zoroark|Will-O-Wisp|p2a: Zamazenta\n|-status|p2a: Zamazenta|brn\n|move|p1b: Ho-Oh|Brave Bird|p2b: Scream Tail\n|-damage|p2b: Scream Tail|0 fnt\n|faint|p2b: Scream Tail\n|-end|p2b: Scream Tail|Protosynthesis|[silent]\n|-damage|p1b: Ho-Oh|62/100|[from] Recoil\n|move|p2a: Zamazenta|Body Press|p1b: Ho-Oh\n|-resisted|p1b: Ho-Oh\n|-damage|p1b: Ho-Oh|47/100\n|\n|-damage|p2a: Zamazenta|95/100 brn|[from] brn\n|-sideend|p1: datbishgames|move: Tailwind\n|upkeep\n|\n|t:|1775868462\n|switch|p2b: Calyrex|Calyrex-Shadow, L50|100/100\n|-ability|p2b: Calyrex|As One\n|-ability|p2b: Calyrex|Unnerve\n|turn|5\n|\n|t:|1775868485\n|switch|p1b: Ursaluna|Ursaluna, L50, F|100/100\n|move|p2b: Calyrex|Psychic|p1a: Zoroark\n|-damage|p1a: Zoroark|0 fnt\n|faint|p1a: Zoroark\n|-ability|p2b: Calyrex|Grim Neigh|boost\n|-boost|p2b: Calyrex|spa|1\n|move|p2a: Zamazenta|Body Press|p1b: Ursaluna\n|-supereffective|p1b: Ursaluna\n|-damage|p1b: Ursaluna|51/100\n|\n|-damage|p2a: Zamazenta|89/100 brn|[from] brn\n|-status|p1b: Ursaluna|brn|[from] item: Flame Orb\n|upkeep\n|\n|t:|1775868495\n|switch|p1a: Ho-Oh|Ho-Oh, L50|81/100\n|turn|6\n|\n|t:|1775868519\n|-terastallize|p1b: Ursaluna|Ghost\n|move|p2b: Calyrex|Psychic|p1a: Ho-Oh\n|-damage|p1a: Ho-Oh|30/100\n|move|p2a: Zamazenta|Body Press|p1a: Ho-Oh\n|-resisted|p1a: Ho-Oh\n|-damage|p1a: Ho-Oh|15/100\n|move|p1a: Ho-Oh|Tailwind|p1a: Ho-Oh\n|-sidestart|p1: datbishgames|move: Tailwind\n|move|p1b: Ursaluna|Earthquake|p2b: Calyrex|[spread] p2a,p2b\n|-immune|p1a: Ho-Oh\n|-supereffective|p2a: Zamazenta\n|-damage|p2a: Zamazenta|51/100 brn\n|-damage|p2b: Calyrex|37/100\n|\n|-damage|p1b: Ursaluna|46/100 brn|[from] brn\n|-damage|p2a: Zamazenta|46/100 brn|[from] brn\n|upkeep\n|turn|7\n|\n|t:|1775868536\n|move|p2a: Zamazenta|Wide Guard|p2a: Zamazenta\n|-singleturn|p2a: Zamazenta|Wide Guard\n|move|p1a: Ho-Oh|Brave Bird|p2b: Calyrex\n|-damage|p2b: Calyrex|0 fnt\n|faint|p2b: Calyrex\n|-damage|p1a: Ho-Oh|5/100|[from] Recoil\n|move|p1b: Ursaluna|Earthquake|p2a: Zamazenta|[spread] \n|-activate|p2a: Zamazenta|move: Wide Guard\n|-immune|p1a: Ho-Oh\n|\n|-damage|p1b: Ursaluna|40/100 brn|[from] brn\n|-damage|p2a: Zamazenta|40/100 brn|[from] brn\n|upkeep\n|turn|8\n|-message|Kv0th3! forfeited.\n|\n|win|datbishgames\n|raw|datbishgames's rating: 1424 &rarr; <strong>1446</strong><br />(+22 for winning)\n|raw|Kv0th3!'s rating: 1455 &rarr; <strong>1433</strong><br />(-22 for losing)\n|l|\u2606Kv0th3!\n|player|p2|\n|l|\u2606datbishgames\n|player|p1|\n","uploadtime":1775868718,"views":10,"formatid":"gen9vgc2026regi","rating":1433,"private":0,"password":null}