{"id":"gen9vgc2026regi-2568695527","format":"[Gen 9] VGC 2026 Reg I","players":["chrisjhall12","shecallmedada"],"log":"|j|\u2606chrisjhall12\n|j|\u2606shecallmedada\n|t:|1774614885\n|gametype|doubles\n|player|p1|chrisjhall12|dawn|1439\n|player|p2|shecallmedada|burglar-gen1rb|1503\n|gen|9\n|tier|[Gen 9] VGC 2026 Reg I\n|rated|\n|rule|Species Clause: Limit one of each Pok\u00e9mon\n|rule|Item Clause: Limit 1 of each item\n|clearpoke\n|poke|p1|Zamazenta-*, L50|\n|poke|p1|Miraidon, L50|\n|poke|p1|Chien-Pao, L50|\n|poke|p1|Whimsicott, L50, F|\n|poke|p1|Incineroar, L50, F|\n|poke|p1|Ogerpon-Hearthflame, L50, F|\n|poke|p2|Dondozo, L50, F|\n|poke|p2|Calyrex-Ice, L50|\n|poke|p2|Tatsugiri-Droopy, L50, M|\n|poke|p2|Weezing, L50, F|\n|poke|p2|Rhydon, L50, F|\n|poke|p2|Miraidon, L50|\n|teampreview|4\n|\n|t:|1774614907\n|teamsize|p1|4\n|teamsize|p2|4\n|start\n|switch|p1a: Zamazenta|Zamazenta-Crowned, L50|100/100\n|switch|p1b: Chien-Pao|Chien-Pao, L50|100/100\n|switch|p2a: Rhydon|Rhydon, L50, F|100/100\n|switch|p2b: Giant Threat|Calyrex-Ice, L50|100/100\n|-ability|p2b: Giant Threat|As One\n|-ability|p2b: Giant Threat|Unnerve\n|-ability|p1b: Chien-Pao|Sword of Ruin\n|-ability|p1a: Zamazenta|Dauntless Shield|boost\n|-boost|p1a: Zamazenta|def|1\n|turn|1\n|\n|t:|1774614929\n|-terastallize|p2b: Giant Threat|Fire\n|move|p1b: Chien-Pao|Crunch|p2b: Giant Threat\n|-damage|p2b: Giant Threat|71/100\n|move|p1a: Zamazenta|Body Press|p2b: Giant Threat\n|-damage|p2b: Giant Threat|11/100\n|move|p2a: Rhydon|Roar|p1a: Zamazenta\n|drag|p1a: Whimsicott|Whimsicott, L50, F|100/100\n|move|p2b: Giant Threat|Trick Room|p2b: Giant Threat\n|-fieldstart|move: Trick Room|[of] p2b: Giant Threat\n|\n|upkeep\n|turn|2\n|\n|t:|1774614963\n|switch|p2b: Sheist|Dondozo, L50, F|100/100\n|move|p1a: Whimsicott|Encore||[still]\n|-fail|p1a: Whimsicott\n|move|p2a: Rhydon|High Horsepower|p1b: Chien-Pao\n|-damage|p1b: Chien-Pao|37/100\n|move|p1b: Chien-Pao|Icicle Crash|p2a: Rhydon|[miss]\n|-miss|p1b: Chien-Pao|p2a: Rhydon\n|\n|upkeep\n|turn|3\n|\n|t:|1774614988\n|switch|p1a: Zamazenta|Zamazenta-Crowned, L50|100/100\n|move|p1b: Chien-Pao|Protect|p1b: Chien-Pao\n|-singleturn|p1b: Chien-Pao|Protect\n|move|p2b: Sheist|Body Press|p1b: Chien-Pao\n|-activate|p1b: Chien-Pao|move: Protect\n|move|p2a: Rhydon|Roar|p1a: Zamazenta\n|drag|p1a: Whimsicott|Whimsicott, L50, F|100/100\n|\n|upkeep\n|turn|4\n|\n|t:|1774615015\n|switch|p2a: Giant Threat|Calyrex-Ice, L50, tera:Fire|11/100\n|-ability|p2a: Giant Threat|As One\n|-ability|p2a: Giant Threat|Unnerve\n|move|p1a: Whimsicott|Encore||[still]\n|-fail|p1a: Whimsicott\n|move|p1b: Chien-Pao|Sucker Punch|p2b: Sheist\n|-damage|p2b: Sheist|70/100\n|move|p2b: Sheist|Body Press|p1b: Chien-Pao\n|-supereffective|p1b: Chien-Pao\n|-crit|p1b: Chien-Pao\n|-damage|p1b: Chien-Pao|0 fnt\n|faint|p1b: Chien-Pao\n|\n|-heal|p2b: Sheist|76/100|[from] item: Leftovers\n|upkeep\n|\n|t:|1774615031\n|switch|p1b: Zamazenta|Zamazenta-Crowned, L50|100/100\n|turn|5\n|\n|t:|1774615057\n|switch|p1a: Miraidon|Miraidon, L50|100/100\n|-fieldstart|move: Electric Terrain|[from] ability: Hadron Engine|[of] p1a: Miraidon\n|move|p1b: Zamazenta|Wide Guard|p1b: Zamazenta\n|-singleturn|p1b: Zamazenta|Wide Guard\n|move|p2a: Giant Threat|Glacial Lance|p1b: Zamazenta|[spread] \n|-activate|p1a: Miraidon|move: Wide Guard\n|-activate|p1b: Zamazenta|move: Wide Guard\n|move|p2b: Sheist|Body Press|p1b: Zamazenta\n|-supereffective|p1b: Zamazenta\n|-damage|p1b: Zamazenta|78/100\n|\n|-heal|p2b: Sheist|83/100|[from] item: Leftovers\n|-fieldend|move: Trick Room\n|upkeep\n|turn|6\n|\n|t:|1774615081\n|switch|p2a: Rhydon|Rhydon, L50, F|100/100\n|-terastallize|p1a: Miraidon|Fairy\n|move|p1b: Zamazenta|Body Press|p2b: Sheist\n|-crit|p2b: Sheist\n|-damage|p2b: Sheist|39/100\n|move|p1a: Miraidon|Dazzling Gleam|p2a: Rhydon|[spread] p2a,p2b\n|-damage|p2a: Rhydon|41/100\n|-damage|p2b: Sheist|0 fnt\n|faint|p2b: Sheist\n|\n|upkeep\n|-message|shecallmedada forfeited.\n|\n|win|chrisjhall12\n|raw|chrisjhall12's rating: 1439 &rarr; <strong>1463</strong><br />(+24 for winning)\n|raw|shecallmedada's rating: 1503 &rarr; <strong>1479</strong><br />(-24 for losing)\n|l|\u2606shecallmedada\n|player|p2|\n|l|\u2606chrisjhall12\n|player|p1|\n","uploadtime":1774615298,"views":14,"formatid":"gen9vgc2026regi","rating":1463,"private":0,"password":null}