{"id":"gen9vgc2026regi-2555361438","format":"[Gen 9] VGC 2026 Reg I","players":["ArisHazard","byebye showdown"],"log":"|j|\u2606ArisHazard\n|j|\u2606byebye showdown\n|t:|1773082439\n|gametype|doubles\n|player|p1|ArisHazard|102|1313\n|player|p2|byebye showdown|linebacker|1389\n|gen|9\n|tier|[Gen 9] VGC 2026 Reg I\n|rated|\n|rule|Species Clause: Limit one of each Pok\u00e9mon\n|rule|Item Clause: Limit 1 of each item\n|clearpoke\n|poke|p1|Calyrex-Ice, L50|\n|poke|p1|Urshifu-*, L50, M|\n|poke|p1|Miraidon, L50|\n|poke|p1|Tornadus, L50, M|\n|poke|p1|Sableye, L50, M|\n|poke|p1|Ursaluna-Bloodmoon, L50, M|\n|poke|p2|Rillaboom, L50, M|\n|poke|p2|Whimsicott, L50, M|\n|poke|p2|Koraidon, L50|\n|poke|p2|Ogerpon-Cornerstone, L50, F|\n|poke|p2|Terapagos, L50, M|\n|poke|p2|Magmar, L50, M|\n|teampreview|4\n|\n|t:|1773082476\n|teamsize|p1|4\n|teamsize|p2|4\n|start\n|switch|p1a: Miraidon|Miraidon, L50|100/100\n|switch|p1b: Calyrex|Calyrex-Ice, L50|100/100\n|switch|p2a: Terapagos|Terapagos, L50, M|100/100\n|switch|p2b: Rillaboom|Rillaboom, L50, M|100/100\n|-activate|p2a: Terapagos|ability: Tera Shift\n|detailschange|p2a: Terapagos|Terapagos-Terastal, L50, M\n|-heal|p2a: Terapagos|100/100|[silent]\n|-ability|p1b: Calyrex|As One\n|-ability|p1b: Calyrex|Unnerve\n|-fieldstart|move: Electric Terrain|[from] ability: Hadron Engine|[of] p1a: Miraidon\n|-fieldstart|move: Grassy Terrain|[from] ability: Grassy Surge|[of] p2b: Rillaboom\n|turn|1\n|inactive|Battle timer is ON: inactive players will automatically lose when time's up. (requested by ArisHazard)\n|\n|t:|1773082494\n|switch|p1b: Sableye|Sableye, L50, M|100/100\n|move|p1a: Miraidon|Snarl|p2b: Rillaboom|[spread] p2a,p2b\n|-activate|p2a: Terapagos|ability: Tera Shell\n|-resisted|p2a: Terapagos\n|-damage|p2a: Terapagos|94/100\n|-damage|p2b: Rillaboom|89/100\n|-unboost|p2a: Terapagos|spa|1\n|-unboost|p2b: Rillaboom|spa|1\n|move|p2b: Rillaboom|U-turn|p1b: Sableye\n|-damage|p1b: Sableye|72/100\n|\n|t:|1773082514\n|switch|p2b: PatoFuego|Magmar, L50, M|100/100|[from] U-turn\n|move|p2a: Terapagos|Calm Mind|p2a: Terapagos\n|-boost|p2a: Terapagos|spa|1\n|-boost|p2a: Terapagos|spd|1\n|\n|-heal|p2a: Terapagos|100/100|[from] Grassy Terrain\n|-heal|p1b: Sableye|78/100|[from] Grassy Terrain\n|upkeep\n|turn|2\n|\n|t:|1773082525\n|switch|p1b: Calyrex|Calyrex-Ice, L50|100/100\n|-ability|p1b: Calyrex|As One\n|-ability|p1b: Calyrex|Unnerve\n|move|p1a: Miraidon|Snarl|p2a: Terapagos|[spread] p2a,p2b\n|-activate|p2a: Terapagos|ability: Tera Shell\n|-resisted|p2a: Terapagos\n|-damage|p2a: Terapagos|96/100\n|-damage|p2b: PatoFuego|92/100\n|-unboost|p2a: Terapagos|spa|1\n|-unboost|p2b: PatoFuego|spa|1\n|move|p2b: PatoFuego|Acid Spray|p1b: Calyrex\n|-damage|p1b: Calyrex|96/100\n|move|p2a: Terapagos|Calm Mind|p2a: Terapagos\n|-boost|p2a: Terapagos|spa|1\n|-boost|p2a: Terapagos|spd|1\n|\n|-heal|p2b: PatoFuego|98/100|[from] Grassy Terrain\n|-heal|p2a: Terapagos|100/100|[from] Grassy Terrain\n|-heal|p1b: Calyrex|100/100|[from] Grassy Terrain\n|upkeep\n|turn|3\n|inactive|ArisHazard has 30 seconds left.\n|\n|t:|1773082557\n|switch|p1a: Sableye|Sableye, L50, M|78/100\n|-terastallize|p1b: Calyrex|Fire\n|move|p2b: PatoFuego|Will-O-Wisp|p1b: Calyrex\n|-immune|p1b: Calyrex\n|move|p2a: Terapagos|Calm Mind|p2a: Terapagos\n|-boost|p2a: Terapagos|spa|1\n|-boost|p2a: Terapagos|spd|1\n|move|p1b: Calyrex|Glacial Lance|p2b: PatoFuego|[spread] p2a,p2b\n|-activate|p2a: Terapagos|ability: Tera Shell\n|-resisted|p2a: Terapagos\n|-resisted|p2b: PatoFuego\n|-damage|p2a: Terapagos|81/100\n|-damage|p2b: PatoFuego|72/100\n|\n|-heal|p2b: PatoFuego|78/100|[from] Grassy Terrain\n|-heal|p2a: Terapagos|87/100|[from] Grassy Terrain\n|-heal|p2a: Terapagos|93/100|[from] item: Leftovers\n|-heal|p1a: Sableye|83/100|[from] Grassy Terrain\n|upkeep\n|turn|4\n|\n|t:|1773082580\n|switch|p1b: Miraidon|Miraidon, L50|100/100\n|-fieldstart|move: Electric Terrain|[from] ability: Hadron Engine|[of] p1b: Miraidon\n|-terastallize|p2a: Terapagos|Stellar\n|detailschange|p2a: Terapagos|Terapagos-Stellar, L50, M, tera:Stellar\n|-heal|p2a: Terapagos|95/100|[silent]\n|-ability|p2a: Terapagos|Teraform Zero\n|-fieldend|move: Electric Terrain\n|move|p2b: PatoFuego|Follow Me|p2b: PatoFuego\n|-singleturn|p2b: PatoFuego|move: Follow Me\n|move|p1a: Sableye|Encore|p2b: PatoFuego\n|-start|p2b: PatoFuego|Encore\n|move|p2a: Terapagos|Tera Starstorm|p1a: Sableye|[spread] p1a,p1b\n|-damage|p1a: Sableye|12/100\n|-damage|p1b: Miraidon|68/100\n|-enditem|p1a: Sableye|Sitrus Berry|[eat]\n|-heal|p1a: Sableye|37/100|[from] item: Sitrus Berry\n|\n|-heal|p2a: Terapagos|100/100|[from] item: Leftovers\n|upkeep\n|turn|5\n|\n|t:|1773082601\n|switch|p2b: Rillaboom|Rillaboom, L50, M|89/100\n|-fieldstart|move: Grassy Terrain|[from] ability: Grassy Surge|[of] p2b: Rillaboom\n|move|p1a: Sableye|Protect|p1a: Sableye\n|-singleturn|p1a: Sableye|Protect\n|move|p1b: Miraidon|Snarl|p2a: Terapagos|[spread] p2a,p2b\n|-damage|p2a: Terapagos|96/100\n|-damage|p2b: Rillaboom|77/100\n|-unboost|p2a: Terapagos|spa|1\n|-unboost|p2b: Rillaboom|spa|1\n|move|p2a: Terapagos|Tera Starstorm|p1b: Miraidon|[spread] p1b\n|-activate|p1a: Sableye|move: Protect\n|-damage|p1b: Miraidon|46/100\n|\n|-heal|p1b: Miraidon|52/100|[from] Grassy Terrain\n|-heal|p2b: Rillaboom|83/100|[from] Grassy Terrain\n|-heal|p2a: Terapagos|100/100|[from] Grassy Terrain\n|-heal|p1a: Sableye|43/100|[from] Grassy Terrain\n|upkeep\n|turn|6\n|\n|t:|1773082621\n|switch|p1b: Calyrex|Calyrex-Ice, L50, tera:Fire|100/100\n|-ability|p1b: Calyrex|As One\n|-ability|p1b: Calyrex|Unnerve\n|move|p1a: Sableye|Disable|p2a: Terapagos\n|-start|p2a: Terapagos|Disable|Tera Starstorm\n|move|p2b: Rillaboom|Wood Hammer|p1b: Calyrex\n|-resisted|p1b: Calyrex\n|-damage|p1b: Calyrex|76/100\n|-damage|p2b: Rillaboom|75/100|[from] Recoil\n|cant|p2a: Terapagos|Disable|Tera Starstorm\n|\n|-heal|p2b: Rillaboom|81/100|[from] Grassy Terrain\n|-heal|p1a: Sableye|48/100|[from] Grassy Terrain\n|-heal|p1b: Calyrex|82/100|[from] Grassy Terrain\n|upkeep\n|turn|7\n|\n|t:|1773082641\n|switch|p2b: PatoFuego|Magmar, L50, M|78/100\n|move|p2a: Terapagos|Protect|p2a: Terapagos\n|-singleturn|p2a: Terapagos|Protect\n|move|p1a: Sableye|Encore|p2a: Terapagos\n|-activate|p2a: Terapagos|move: Protect\n|move|p1b: Calyrex|Glacial Lance|p2b: PatoFuego|[spread] p2b\n|-activate|p2a: Terapagos|move: Protect\n|-resisted|p2b: PatoFuego\n|-damage|p2b: PatoFuego|48/100\n|\n|-heal|p2b: PatoFuego|54/100|[from] Grassy Terrain\n|-heal|p1b: Calyrex|89/100|[from] Grassy Terrain\n|-heal|p1a: Sableye|54/100|[from] Grassy Terrain\n|upkeep\n|turn|8\n|j| globalfish39\n|inactive|byebye showdown has 30 seconds left.\n|\n|t:|1773082667\n|move|p1a: Sableye|Protect|p1a: Sableye\n|-singleturn|p1a: Sableye|Protect\n|move|p2b: PatoFuego|Follow Me|p2b: PatoFuego\n|-singleturn|p2b: PatoFuego|move: Follow Me\n|move|p2a: Terapagos|Earth Power|p1b: Calyrex\n|-supereffective|p1b: Calyrex\n|-damage|p1b: Calyrex|38/100\n|move|p1b: Calyrex|Stomping Tantrum|p2b: PatoFuego\n|-supereffective|p2b: PatoFuego\n|-damage|p2b: PatoFuego|0 fnt\n|faint|p2b: PatoFuego\n|-ability|p1b: Calyrex|Chilling Neigh|boost\n|-boost|p1b: Calyrex|atk|1\n|\n|-heal|p1b: Calyrex|44/100|[from] Grassy Terrain\n|-heal|p1a: Sableye|60/100|[from] Grassy Terrain\n|upkeep\n|\n|t:|1773082679\n|switch|p2b: Ogerpon|Ogerpon-Cornerstone, L50, F|100/100\n|turn|9\n|\n|t:|1773082690\n|switch|p1b: Tornadus|Tornadus, L50, M|100/100\n|move|p1a: Sableye|Protect||[still]\n|-fail|p1a: Sableye\n|move|p2b: Ogerpon|Ivy Cudgel|p1b: Tornadus|[anim] Ivy Cudgel Rock\n|-supereffective|p1b: Tornadus\n|-damage|p1b: Tornadus|0 fnt\n|faint|p1b: Tornadus\n|move|p2a: Terapagos|Earth Power|p1a: Sableye\n|-crit|p1a: Sableye\n|-damage|p1a: Sableye|0 fnt\n|faint|p1a: Sableye\n|\n|-end|p2a: Terapagos|Disable\n|-fieldend|move: Grassy Terrain\n|upkeep\n|-message|ArisHazard forfeited.\n|\n|win|byebye showdown\n|raw|ArisHazard's rating: 1313 &rarr; <strong>1297</strong><br />(-16 for losing)\n|raw|byebye showdown's rating: 1389 &rarr; <strong>1405</strong><br />(+16 for winning)\n|l|\u2606ArisHazard\n|player|p1|\n","uploadtime":1773082703,"views":23,"formatid":"gen9vgc2026regi","rating":1297,"private":0,"password":null}