{"id":"gen9vgc2026regi-2556443799","format":"[Gen 9] VGC 2026 Reg I","players":["lalo's pollos","Xenox68"],"log":"|j|\u2606lalo's pollos\n|j|\u2606Xenox68\n|t:|1773206049\n|gametype|doubles\n|player|p1|lalo's pollos|1|1410\n|player|p2|Xenox68|lucas|1270\n|gen|9\n|tier|[Gen 9] VGC 2026 Reg I\n|rated|\n|rule|Species Clause: Limit one of each Pok\u00e9mon\n|rule|Item Clause: Limit 1 of each item\n|clearpoke\n|poke|p1|Miraidon, L50|\n|poke|p1|Landorus, L50, M|\n|poke|p1|Incineroar, L50, M|\n|poke|p1|Iron Bundle, L50|\n|poke|p1|Farigiraf, L50, M|\n|poke|p1|Calyrex-Ice, L50|\n|poke|p2|Kyogre, L50|\n|poke|p2|Tornadus, L50, M|\n|poke|p2|Flutter Mane, L50|\n|poke|p2|Zamazenta-*, L50|\n|poke|p2|Rillaboom, L50, M|\n|poke|p2|Dragonite, L50, M|\n|teampreview|4\n|inactive|Battle timer is ON: inactive players will automatically lose when time's up. (requested by Xenox68)\n|inactive|lalo's pollos has 60 seconds left.\n|inactive|lalo's pollos has 30 seconds left.\n|inactive|lalo's pollos has 20 seconds left.\n|inactive|lalo's pollos has 15 seconds left.\n|inactive|lalo's pollos has 10 seconds left.\n|inactive|lalo's pollos has 5 seconds left.\n|\n|t:|1773206171\n|teamsize|p1|4\n|teamsize|p2|4\n|start\n|switch|p1a: Co-Star|Miraidon, L50|100/100\n|switch|p1b: Landorus|Landorus, L50, M|100/100\n|switch|p2a: Kyogre|Kyogre, L50|100/100\n|switch|p2b: Rillaboom|Rillaboom, L50, M|100/100\n|-weather|RainDance|[from] ability: Drizzle|[of] p2a: Kyogre\n|-fieldstart|move: Electric Terrain|[from] ability: Hadron Engine|[of] p1a: Co-Star\n|-fieldstart|move: Grassy Terrain|[from] ability: Grassy Surge|[of] p2b: Rillaboom\n|turn|1\n|\n|t:|1773206190\n|move|p1b: Landorus|Protect|p1b: Landorus\n|-singleturn|p1b: Landorus|Protect\n|move|p2b: Rillaboom|Fake Out|p1a: Co-Star\n|-damage|p1a: Co-Star|85/100\n|move|p2a: Kyogre|Water Spout|p1b: Landorus|[spread] p1a\n|-activate|p1b: Landorus|move: Protect\n|-resisted|p1a: Co-Star\n|-damage|p1a: Co-Star|38/100\n|cant|p1a: Co-Star|flinch\n|\n|-weather|RainDance|[upkeep]\n|-heal|p1a: Co-Star|44/100|[from] Grassy Terrain\n|upkeep\n|turn|2\n|\n|t:|1773206207\n|-terastallize|p1b: Landorus|Water\n|move|p2b: Rillaboom|Grassy Glide|p1b: Landorus\n|-supereffective|p1b: Landorus\n|-damage|p1b: Landorus|13/100\n|move|p2a: Kyogre|Water Spout|p1b: Landorus|[spread] p1a,p1b\n|-resisted|p1a: Co-Star\n|-resisted|p1b: Landorus\n|-damage|p1a: Co-Star|2/100\n|-damage|p1b: Landorus|0 fnt\n|faint|p1b: Landorus\n|move|p1a: Co-Star|Electro Drift|p2a: Kyogre\n|-supereffective|p2a: Kyogre\n|-damage|p2a: Kyogre|0 fnt\n|faint|p2a: Kyogre\n|\n|-weather|RainDance|[upkeep]\n|-heal|p1a: Co-Star|8/100|[from] Grassy Terrain\n|upkeep\n|\n|t:|1773206223\n|switch|p1b: Incineroar|Incineroar, L50, M|100/100\n|switch|p2a: Dragonite|Dragonite, L50, M|100/100\n|-ability|p1b: Incineroar|Intimidate|boost\n|-unboost|p2a: Dragonite|atk|1\n|-unboost|p2b: Rillaboom|atk|1\n|turn|3\n|\n|t:|1773206236\n|switch|p1a: the Star|Iron Bundle, L50|100/100\n|move|p2a: Dragonite|Protect|p2a: Dragonite\n|-singleturn|p2a: Dragonite|Protect\n|move|p2b: Rillaboom|Grassy Glide|p1a: the Star\n|-supereffective|p1a: the Star\n|-damage|p1a: the Star|36/100\n|move|p1b: Incineroar|U-turn|p2b: Rillaboom\n|-supereffective|p2b: Rillaboom\n|-damage|p2b: Rillaboom|64/100\n|\n|t:|1773206245\n|switch|p1b: Co-Star|Miraidon, L50|8/100|[from] U-turn\n|-fieldstart|move: Electric Terrain|[from] ability: Hadron Engine|[of] p1b: Co-Star\n|-activate|p1a: the Star|ability: Quark Drive\n|-start|p1a: the Star|quarkdrivespe\n|\n|-weather|RainDance|[upkeep]\n|upkeep\n|turn|4\n|\n|t:|1773206260\n|switch|p1b: Incineroar|Incineroar, L50, M|100/100\n|-ability|p1b: Incineroar|Intimidate|boost\n|-unboost|p2a: Dragonite|atk|1\n|-unboost|p2b: Rillaboom|atk|1\n|switch|p2b: Zamazenta|Zamazenta-Crowned, L50|100/100\n|-ability|p2b: Zamazenta|Dauntless Shield|boost\n|-boost|p2b: Zamazenta|def|1\n|-terastallize|p2a: Dragonite|Steel\n|move|p2a: Dragonite|Extreme Speed|p1b: Incineroar\n|-damage|p1b: Incineroar|90/100\n|move|p1a: the Star|Encore|p2a: Dragonite\n|-start|p2a: Dragonite|Encore\n|\n|-weather|RainDance|[upkeep]\n|upkeep\n|turn|5\n|-message|lalo's pollos forfeited.\n|\n|win|Xenox68\n|raw|lalo&apos;s pollos's rating: 1410 &rarr; <strong>1382</strong><br />(-28 for losing)\n|raw|Xenox68's rating: 1270 &rarr; <strong>1305</strong><br />(+35 for winning)\n|l|\u2606lalo's pollos\n|player|p1|\n|l|\u2606Xenox68\n|player|p2|\n","uploadtime":1773206424,"views":11,"formatid":"gen9vgc2026regi","rating":1305,"private":0,"password":null}