{"id":"gen9vgc2026regi-2525773863","format":"[Gen 9] VGC 2026 Reg I","players":["lior97h","Fogdocker"],"log":"|j|\u2606lior97h\n|j|\u2606Fogdocker\n|t:|1769323669\n|gametype|doubles\n|player|p1|lior97h|lucas|1354\n|player|p2|Fogdocker|169|1378\n|gen|9\n|tier|[Gen 9] VGC 2026 Reg I\n|rated|\n|rule|Species Clause: Limit one of each Pok\u00e9mon\n|rule|Item Clause: Limit 1 of each item\n|clearpoke\n|poke|p1|Zamazenta-*, L50|\n|poke|p1|Gengar, L50, M|\n|poke|p1|Whimsicott, L50, F|\n|poke|p1|Calyrex-Shadow, L50|\n|poke|p1|Sableye, L50, M|\n|poke|p1|Oranguru, L50, F|\n|poke|p2|Koraidon, L50|\n|poke|p2|Flutter Mane, L50|\n|poke|p2|Calyrex-Ice, L50|\n|poke|p2|Incineroar, L50, M|\n|poke|p2|Rillaboom, L50, M|\n|poke|p2|Amoonguss, L50, M|\n|teampreview|4\n|inactive|Battle timer is ON: inactive players will automatically lose when time's up. (requested by lior97h)\n|inactive|Fogdocker has 60 seconds left.\n|\n|t:|1769323711\n|teamsize|p1|4\n|teamsize|p2|4\n|start\n|switch|p1a: Sableye|Sableye, L50, M|100/100\n|switch|p1b: Calyrex|Calyrex-Shadow, L50|100/100\n|switch|p2a: Koraidon|Koraidon, L50|100/100\n|switch|p2b: Flutter Mane|Flutter Mane, L50|100/100\n|-ability|p1b: Calyrex|As One\n|-ability|p1b: Calyrex|Unnerve\n|-weather|SunnyDay|[from] ability: Orichalcum Pulse|[of] p2a: Koraidon\n|-activate|p2b: Flutter Mane|ability: Protosynthesis\n|-start|p2b: Flutter Mane|protosynthesisspe\n|-activate|p2a: Koraidon|Orichalcum Pulse|[source]\n|turn|1\n|\n|t:|1769323732\n|switch|p2a: Amoonguss|Amoonguss, L50, M|100/100\n|-terastallize|p1b: Calyrex|Dark\n|-terastallize|p2b: Flutter Mane|Normal\n|move|p1a: Sableye|Fake Out|p2a: Amoonguss\n|-damage|p2a: Amoonguss|95/100\n|-damage|p1a: Sableye|84/100|[from] item: Rocky Helmet|[of] p2a: Amoonguss\n|move|p1b: Calyrex|Astral Barrage|p2a: Amoonguss|[spread] p2a\n|-immune|p2b: Flutter Mane\n|-damage|p2a: Amoonguss|45/100\n|move|p2b: Flutter Mane|Moonblast|p1a: Sableye\n|-supereffective|p1a: Sableye\n|-damage|p1a: Sableye|0 fnt\n|faint|p1a: Sableye\n|\n|-weather|SunnyDay|[upkeep]\n|upkeep\n|j| sid kagenow\n|\n|t:|1769323756\n|switch|p1a: Zamazenta|Zamazenta-Crowned, L50|100/100\n|-ability|p1a: Zamazenta|Dauntless Shield|boost\n|-boost|p1a: Zamazenta|def|1\n|turn|2\n|inactive|Fogdocker has 30 seconds left.\n|inactive|Fogdocker has 20 seconds left.\n|inactive|Fogdocker has 15 seconds left.\n|\n|t:|1769323797\n|move|p2a: Amoonguss|Rage Powder|p2a: Amoonguss\n|-singleturn|p2a: Amoonguss|move: Rage Powder\n|move|p1b: Calyrex|Astral Barrage|p2a: Amoonguss|[spread] p2a\n|-immune|p2b: Flutter Mane\n|-damage|p2a: Amoonguss|0 fnt\n|faint|p2a: Amoonguss\n|-ability|p1b: Calyrex|Grim Neigh|boost\n|-boost|p1b: Calyrex|spa|1\n|move|p2b: Flutter Mane|Icy Wind|p1a: Zamazenta|[spread] p1a\n|-miss|p2b: Flutter Mane|p1b: Calyrex\n|-resisted|p1a: Zamazenta\n|-damage|p1a: Zamazenta|95/100\n|-unboost|p1a: Zamazenta|spe|1\n|move|p1a: Zamazenta|Body Press|p2b: Flutter Mane\n|-supereffective|p2b: Flutter Mane\n|-enditem|p2b: Flutter Mane|Focus Sash\n|-damage|p2b: Flutter Mane|1/100\n|\n|-weather|SunnyDay|[upkeep]\n|upkeep\n|\n|t:|1769323809\n|switch|p2a: Koraidon|Koraidon, L50|100/100\n|-activate|p2a: Koraidon|ability: Orichalcum Pulse\n|turn|3\n|\n|t:|1769323832\n|move|p1b: Calyrex|Astral Barrage|p2a: Koraidon|[spread] p2a\n|-immune|p2b: Flutter Mane\n|-damage|p2a: Koraidon|14/100\n|move|p2b: Flutter Mane|Icy Wind|p1a: Zamazenta|[spread] p1a,p1b\n|-resisted|p1a: Zamazenta\n|-damage|p1a: Zamazenta|90/100\n|-damage|p1b: Calyrex|86/100\n|-unboost|p1a: Zamazenta|spe|1\n|-unboost|p1b: Calyrex|spe|1\n|move|p2a: Koraidon|Close Combat|p1b: Calyrex\n|-supereffective|p1b: Calyrex\n|-damage|p1b: Calyrex|0 fnt\n|-unboost|p2a: Koraidon|def|1\n|-unboost|p2a: Koraidon|spd|1\n|faint|p1b: Calyrex\n|-damage|p2a: Koraidon|4/100|[from] item: Life Orb\n|move|p1a: Zamazenta|Body Press|p2b: Flutter Mane\n|-supereffective|p2b: Flutter Mane\n|-damage|p2b: Flutter Mane|0 fnt\n|faint|p2b: Flutter Mane\n|-end|p2b: Flutter Mane|Protosynthesis|[silent]\n|\n|-weather|SunnyDay|[upkeep]\n|upkeep\n|\n|t:|1769323856\n|switch|p1b: Whimsicott|Whimsicott, L50, F|100/100\n|switch|p2b: Calyrex|Calyrex-Ice, L50|100/100\n|-ability|p2b: Calyrex|As One\n|-ability|p2b: Calyrex|Unnerve\n|turn|4\n|inactive|Fogdocker has 30 seconds left.\n|\n|t:|1769323892\n|move|p1a: Zamazenta|Protect|p1a: Zamazenta\n|-singleturn|p1a: Zamazenta|Protect\n|move|p2a: Koraidon|Flare Blitz|p1a: Zamazenta\n|-activate|p1a: Zamazenta|move: Protect\n|move|p1b: Whimsicott|Moonblast|p2a: Koraidon\n|-supereffective|p2a: Koraidon\n|-damage|p2a: Koraidon|0 fnt\n|faint|p2a: Koraidon\n|move|p2b: Calyrex|Glacial Lance|p1b: Whimsicott|[spread] p1b\n|-activate|p1a: Zamazenta|move: Protect\n|-supereffective|p1b: Whimsicott\n|-enditem|p1b: Whimsicott|Focus Sash\n|-damage|p1b: Whimsicott|1/100\n|\n|-weather|SunnyDay|[upkeep]\n|upkeep\n|turn|5\n|\n|t:|1769323910\n|move|p1b: Whimsicott|Endeavor|p2b: Calyrex\n|-damage|p2b: Calyrex|1/100\n|move|p1a: Zamazenta|Body Press|p2b: Calyrex\n|-crit|p2b: Calyrex\n|-damage|p2b: Calyrex|0 fnt\n|faint|p2b: Calyrex\n|\n|win|lior97h\n|raw|lior97h's rating: 1354 &rarr; <strong>1375</strong><br />(+21 for winning)\n|raw|Fogdocker's rating: 1378 &rarr; <strong>1357</strong><br />(-21 for losing)\n|l|\u2606Fogdocker\n|player|p2|\n|l| sid kagenow\n|l|\u2606lior97h\n|player|p1|\n","uploadtime":1769324099,"views":12,"formatid":"gen9vgc2026regi","rating":1357,"private":0,"password":null}