{"id":"gen9vgc2026regi-2587474592","format":"[Gen 9] VGC 2026 Reg I","players":["Odaibaru","BenSon_A27_Zong"],"log":"|j|\u2606Odaibaru\n|j|\u2606BenSon_A27_Zong\n|t:|1776534894\n|gametype|doubles\n|player|p1|Odaibaru|lucas|1157\n|player|p2|BenSon_A27_Zong|bugsy|1218\n|gen|9\n|tier|[Gen 9] VGC 2026 Reg I\n|rated|\n|rule|Species Clause: Limit one of each Pok\u00e9mon\n|rule|Item Clause: Limit 1 of each item\n|clearpoke\n|poke|p1|Slaking, L50, M|\n|poke|p1|Weezing, L50, M|\n|poke|p1|Koffing, L50, M|\n|poke|p1|Plusle, L50, F|\n|poke|p1|Minun, L50, M|\n|poke|p1|Regigigas, L50|\n|poke|p2|Muk-Alola, L50, F|\n|poke|p2|Grimmsnarl, L50, M|\n|poke|p2|Incineroar, L50, M|\n|poke|p2|Smeargle, L50, M|\n|poke|p2|Calyrex-Shadow, L50|\n|poke|p2|Miraidon, L50|\n|teampreview|4\n|inactive|Battle timer is ON: inactive players will automatically lose when time's up. (requested by BenSon_A27_Zong)\nOdaibaru rejected open team sheets.\n|\n|t:|1776534910\n|teamsize|p1|4\n|teamsize|p2|4\n|start\n|switch|p1a: Koffing|Koffing, L50, M|100/100\n|switch|p1b: Slaking|Slaking, L50, M|100/100\n|switch|p2a: Calyrex|Calyrex-Shadow, L50|100/100\n|switch|p2b: Grimmsnarl|Grimmsnarl, L50, M|100/100\n|-ability|p1a: Koffing|Neutralizing Gas\n|-ability|p2a: Calyrex|As One\n|-ability|p2a: Calyrex|Unnerve\n|turn|1\n|\n|t:|1776534924\n|move|p1a: Koffing|Protect|p1a: Koffing\n|-singleturn|p1a: Koffing|Protect\n|move|p2b: Grimmsnarl|Fake Out|p1b: Slaking\n|-damage|p1b: Slaking|89/100\n|move|p2a: Calyrex|Expanding Force|p1a: Koffing\n|-activate|p1a: Koffing|move: Protect\n|move|p1b: Slaking|Knock Off|p2a: Calyrex\n|-supereffective|p2a: Calyrex\n|-damage|p2a: Calyrex|0 fnt\n|-enditem|p2a: Calyrex|Razor Claw|[from] move: Knock Off|[of] p1b: Slaking\n|faint|p2a: Calyrex\n|\n|upkeep\n|\n|t:|1776534935\n|switch|p2a: Incineroar|Incineroar, L50, M|100/100\n|turn|2\n|\n|t:|1776534949\n|-terastallize|p1b: Slaking|Ground\n|move|p1b: Slaking|High Horsepower|p2a: Incineroar\n|-supereffective|p2a: Incineroar\n|-damage|p2a: Incineroar|0 fnt\n|faint|p2a: Incineroar\n|move|p2b: Grimmsnarl|Reflect|p2b: Grimmsnarl\n|-sidestart|p2: BenSon_A27_Zong|Reflect\n|move|p1a: Koffing|Will-O-Wisp|p2b: Grimmsnarl\n|-status|p2b: Grimmsnarl|brn\n|\n|-damage|p2b: Grimmsnarl|94/100 brn|[from] brn\n|upkeep\n|c|\u2606Odaibaru|J\u00e1 era\n|\n|t:|1776534953\n|switch|p2a: Miraidon|Miraidon, L50|100/100\n|turn|3\n|\n|t:|1776534969\n|move|p2a: Miraidon|Protect|p2a: Miraidon\n|-singleturn|p2a: Miraidon|Protect\n|move|p1b: Slaking|Protect|p1b: Slaking\n|-singleturn|p1b: Slaking|Protect\n|move|p2b: Grimmsnarl|Light Screen|p2b: Grimmsnarl\n|-sidestart|p2: BenSon_A27_Zong|move: Light Screen\n|move|p1a: Koffing|Scary Face|p2a: Miraidon\n|-activate|p2a: Miraidon|move: Protect\n|\n|-damage|p2b: Grimmsnarl|88/100 brn|[from] brn\n|upkeep\n|turn|4\n|\n|t:|1776534984\n|-terastallize|p2a: Miraidon|Fairy\n|move|p2a: Miraidon|Dazzling Gleam|p1a: Koffing|[spread] p1a,p1b\n|-resisted|p1a: Koffing\n|-damage|p1a: Koffing|82/100\n|-damage|p1b: Slaking|46/100\n|-damage|p2a: Miraidon|91/100|[from] item: Life Orb\n|move|p1b: Slaking|Ice Punch|p2a: Miraidon\n|-damage|p2a: Miraidon|70/100\n|move|p2b: Grimmsnarl|Spirit Break|p1b: Slaking\n|-damage|p1b: Slaking|30/100\n|move|p1a: Koffing|Scary Face|p2a: Miraidon\n|-unboost|p2a: Miraidon|spe|2\n|\n|-damage|p2b: Grimmsnarl|82/100 brn|[from] brn\n|upkeep\n|turn|5\n|\n|t:|1776535005\n|move|p1b: Slaking|Protect|p1b: Slaking\n|-singleturn|p1b: Slaking|Protect\n|move|p2a: Miraidon|Dazzling Gleam|p1a: Koffing|[spread] p1a\n|-activate|p1b: Slaking|move: Protect\n|-resisted|p1a: Koffing\n|-damage|p1a: Koffing|64/100\n|-damage|p2a: Miraidon|60/100|[from] item: Life Orb\n|move|p2b: Grimmsnarl|Spirit Break|p1a: Koffing\n|-resisted|p1a: Koffing\n|-damage|p1a: Koffing|56/100\n|-unboost|p1a: Koffing|spa|1\n|move|p1a: Koffing|Will-O-Wisp|p2a: Miraidon|[miss]\n|-miss|p1a: Koffing|p2a: Miraidon\n|\n|-damage|p2b: Grimmsnarl|76/100 brn|[from] brn\n|upkeep\n|turn|6\n|\n|t:|1776535028\n|move|p1b: Slaking|Knock Off|p2a: Miraidon\n|-resisted|p2a: Miraidon\n|-damage|p2a: Miraidon|45/100\n|-enditem|p2a: Miraidon|Life Orb|[from] move: Knock Off|[of] p1b: Slaking\n|move|p2a: Miraidon|Dazzling Gleam|p1b: Slaking|[spread] p1a,p1b\n|-resisted|p1a: Koffing\n|-damage|p1a: Koffing|41/100\n|-damage|p1b: Slaking|0 fnt\n|faint|p1b: Slaking\n|move|p2b: Grimmsnarl|Spirit Break|p1a: Koffing\n|-resisted|p1a: Koffing\n|-damage|p1a: Koffing|33/100\n|-unboost|p1a: Koffing|spa|1\n|move|p1a: Koffing|Will-O-Wisp|p2a: Miraidon\n|-status|p2a: Miraidon|brn\n|\n|-damage|p2a: Miraidon|39/100 brn|[from] brn\n|-damage|p2b: Grimmsnarl|70/100 brn|[from] brn\n|upkeep\n|\n|t:|1776535048\n|switch|p1b: Weezing|Weezing, L50, M|100/100\n|-ability|p1b: Weezing|Neutralizing Gas\n|turn|7\n|\n|t:|1776535057\n|move|p2a: Miraidon|Parabolic Charge|p1a: Koffing|[spread] p2b,p1a,p1b\n|-damage|p2b: Grimmsnarl|51/100 brn\n|-heal|p2a: Miraidon|50/100 brn|[from] drain|[of] p2b: Grimmsnarl\n|-damage|p1a: Koffing|8/100\n|-heal|p2a: Miraidon|61/100 brn|[from] drain|[of] p1a: Koffing\n|-damage|p1b: Weezing|74/100\n|-heal|p2a: Miraidon|74/100 brn|[from] drain|[of] p1b: Weezing\n|move|p2b: Grimmsnarl|Spirit Break|p1a: Koffing\n|-resisted|p1a: Koffing\n|-damage|p1a: Koffing|0 fnt\n|faint|p1a: Koffing\n|move|p1b: Weezing|Sludge Bomb|p2a: Miraidon\n|-supereffective|p2a: Miraidon\n|-crit|p2a: Miraidon\n|-damage|p2a: Miraidon|0 fnt\n|faint|p2a: Miraidon\n|\n|-damage|p2b: Grimmsnarl|45/100 brn|[from] brn\n|upkeep\n|\n|t:|1776535076\n|switch|p1a: Regigigas|Regigigas, L50|100/100\n|turn|8\n|inactive|BenSon_A27_Zong has 30 seconds left.\n|inactive|BenSon_A27_Zong has 20 seconds left.\n|inactive|BenSon_A27_Zong has 15 seconds left.\n|inactive|BenSon_A27_Zong has 10 seconds left.\n|inactive|BenSon_A27_Zong has 5 seconds left.\n|\n|t:|1776535131\n|move|p1a: Regigigas|Double-Edge|p2b: Grimmsnarl\n|-damage|p2b: Grimmsnarl|0 fnt\n|faint|p2b: Grimmsnarl\n|-damage|p1a: Regigigas|84/100|[from] Recoil\n|\n|win|Odaibaru\n|raw|Odaibaru's rating: 1157 &rarr; <strong>1186</strong><br />(+29 for winning)\n|raw|BenSon_A27_Zong's rating: 1218 &rarr; <strong>1189</strong><br />(-29 for losing)\n|l|\u2606BenSon_A27_Zong\n|player|p2|\n","uploadtime":1776535138,"views":13,"formatid":"gen9vgc2026regi","rating":1186,"private":0,"password":null}