{"id":"gen9vgc2026regi-2575761218","format":"[Gen 9] VGC 2026 Reg I","players":["hfyssgtslaaa","asouleoe"],"log":"|j|\u2606hfyssgtslaaa\n|j|\u2606asouleoe\n|t:|1775397869\n|gametype|doubles\n|player|p1|hfyssgtslaaa|may-masters2|1504\n|player|p2|asouleoe|blue|1612\n|gen|9\n|tier|[Gen 9] VGC 2026 Reg I\n|rated|\n|rule|Species Clause: Limit one of each Pok\u00e9mon\n|rule|Item Clause: Limit 1 of each item\n|clearpoke\n|poke|p1|Raging Bolt, L50|\n|poke|p1|Chien-Pao, L50|\n|poke|p1|Calyrex-Shadow, L50|\n|poke|p1|Rillaboom, L50, F|\n|poke|p1|Amoonguss, L50, F|\n|poke|p1|Zamazenta-*, L50|\n|poke|p2|Hitmontop, L50, M|\n|poke|p2|Terapagos, L50, M|\n|poke|p2|Calyrex-Shadow, L50|\n|poke|p2|Ogerpon-Cornerstone, L50, F|\n|poke|p2|Whimsicott, L50, F|\n|poke|p2|Indeedee-F, L50, F|\n|teampreview|4\n|inactive|Battle timer is ON: inactive players will automatically lose when time's up. (requested by hfyssgtslaaa)\n|inactive|asouleoe also wants the timer to be on.\n|\n|t:|1775397892\n|teamsize|p1|4\n|teamsize|p2|4\n|start\n|switch|p1a: Calyrex|Calyrex-Shadow, L50|100/100\n|switch|p1b: Zamazenta|Zamazenta-Crowned, L50|100/100\n|switch|p2a: Hitmontop|Hitmontop, L50, M|100/100\n|switch|p2b: Terapagos|Terapagos, L50, M|100/100\n|-activate|p2b: Terapagos|ability: Tera Shift\n|detailschange|p2b: Terapagos|Terapagos-Terastal, L50, M\n|-heal|p2b: Terapagos|100/100|[silent]\n|-ability|p1a: Calyrex|As One\n|-ability|p1a: Calyrex|Unnerve\n|-ability|p1b: Zamazenta|Dauntless Shield|boost\n|-boost|p1b: Zamazenta|def|1\n|-ability|p2a: Hitmontop|Intimidate|boost\n|-unboost|p1a: Calyrex|atk|1\n|-unboost|p1b: Zamazenta|atk|1\n|turn|1\n|j| blackred123\u6c38\u96cf\u5854\u83f2\u4fa0\n|\n|t:|1775397912\n|move|p2a: Hitmontop|Fake Out|p1b: Zamazenta\n|-resisted|p1b: Zamazenta\n|-crit|p1b: Zamazenta\n|-damage|p1b: Zamazenta|96/100\n|move|p1a: Calyrex|Psychic|p2a: Hitmontop\n|-supereffective|p2a: Hitmontop\n|-damage|p2a: Hitmontop|19/100\n|-enditem|p2a: Hitmontop|Eject Button\n|\n|t:|1775397921\n|switch|p2a: Indeedee|Indeedee-F, L50, F|100/100\n|-fieldstart|move: Psychic Terrain|[from] ability: Psychic Surge|[of] p2a: Indeedee\n|cant|p1b: Zamazenta|flinch\n|move|p2b: Terapagos|Rock Polish|p2b: Terapagos\n|-boost|p2b: Terapagos|spe|2\n|\n|upkeep\n|turn|2\n|\n|t:|1775397939\n|-terastallize|p2b: Terapagos|Stellar\n|detailschange|p2b: Terapagos|Terapagos-Stellar, L50, M, tera:Stellar\n|-heal|p2b: Terapagos|100/100|[silent]\n|-ability|p2b: Terapagos|Teraform Zero\n|-fieldend|move: Psychic Terrain\n|move|p2a: Indeedee|Follow Me|p2a: Indeedee\n|-singleturn|p2a: Indeedee|move: Follow Me\n|move|p2b: Terapagos|Earth Power|p1b: Zamazenta\n|-supereffective|p1b: Zamazenta\n|-damage|p1b: Zamazenta|32/100\n|move|p1a: Calyrex|Psychic|p2a: Indeedee\n|-resisted|p2a: Indeedee\n|-damage|p2a: Indeedee|75/100\n|move|p1b: Zamazenta|Body Press|p2a: Indeedee\n|-damage|p2a: Indeedee|0 fnt\n|faint|p2a: Indeedee\n|\n|upkeep\n|\n|t:|1775397958\n|switch|p2a: Calyrex|Calyrex-Shadow, L50|100/100\n|-ability|p2a: Calyrex|As One\n|-ability|p2a: Calyrex|Unnerve\n|turn|3\n|\n|t:|1775397969\n|-terastallize|p1a: Calyrex|Normal\n|move|p2a: Calyrex|Protect|p2a: Calyrex\n|-singleturn|p2a: Calyrex|Protect\n|move|p1b: Zamazenta|Wide Guard|p1b: Zamazenta\n|-singleturn|p1b: Zamazenta|Wide Guard\n|move|p2b: Terapagos|Earth Power|p1b: Zamazenta\n|-supereffective|p1b: Zamazenta\n|-damage|p1b: Zamazenta|0 fnt\n|faint|p1b: Zamazenta\n|move|p1a: Calyrex|Astral Barrage|p2b: Terapagos|[spread] \n|-activate|p2a: Calyrex|move: Protect\n|-immune|p2b: Terapagos\n|\n|upkeep\n|\n|t:|1775397983\n|switch|p1b: Chien-Pao|Chien-Pao, L50|100/100\n|-ability|p1b: Chien-Pao|Sword of Ruin\n|turn|4\n|\n|t:|1775397992\n|switch|p2a: Hitmontop|Hitmontop, L50, M|19/100\n|-ability|p2a: Hitmontop|Intimidate|boost\n|-unboost|p1a: Calyrex|atk|1\n|-unboost|p1b: Chien-Pao|atk|1\n|move|p1b: Chien-Pao|Sucker Punch|p2b: Terapagos\n|-damage|p2b: Terapagos|72/100\n|-damage|p1b: Chien-Pao|91/100|[from] item: Life Orb\n|move|p2b: Terapagos|Tera Starstorm|p1b: Chien-Pao|[spread] p1a,p1b\n|-supereffective|p1a: Calyrex\n|-damage|p1a: Calyrex|14/100\n|-damage|p1b: Chien-Pao|22/100\n|move|p1a: Calyrex|Astral Barrage|p2a: Hitmontop|[spread] p2a\n|-immune|p2b: Terapagos\n|-damage|p2a: Hitmontop|0 fnt\n|faint|p2a: Hitmontop\n|-ability|p1a: Calyrex|Grim Neigh|boost\n|-boost|p1a: Calyrex|spa|1\n|\n|upkeep\n|\n|t:|1775398012\n|switch|p2a: Calyrex|Calyrex-Shadow, L50|100/100\n|-ability|p2a: Calyrex|As One\n|-ability|p2a: Calyrex|Unnerve\n|turn|5\n|inactive|hfyssgtslaaa has 30 seconds left.\n|\n|t:|1775398044\n|move|p2a: Calyrex|Protect|p2a: Calyrex\n|-singleturn|p2a: Calyrex|Protect\n|move|p1b: Chien-Pao|Sucker Punch|p2b: Terapagos\n|-damage|p2b: Terapagos|41/100\n|-damage|p1b: Chien-Pao|12/100|[from] item: Life Orb\n|move|p2b: Terapagos|Tera Starstorm|p1a: Calyrex|[spread] p1a,p1b\n|-supereffective|p1a: Calyrex\n|-damage|p1a: Calyrex|0 fnt\n|-damage|p1b: Chien-Pao|0 fnt\n|faint|p1a: Calyrex\n|faint|p1b: Chien-Pao\n|\n|upkeep\n|-message|hfyssgtslaaa forfeited.\n|\n|win|asouleoe\n|raw|hfyssgtslaaa's rating: 1504 &rarr; <strong>1490</strong><br />(-14 for losing)\n|raw|asouleoe's rating: 1612 &rarr; <strong>1626</strong><br />(+14 for winning)\n|l|\u2606asouleoe\n|player|p2|\n|j| salamstudu\n","uploadtime":1775398179,"views":13,"formatid":"gen9vgc2026regi","rating":1490,"private":0,"password":null}