{"id":"gen9vgc2026regi-2587743438","format":"[Gen 9] VGC 2026 Reg I","players":["BenSon_A27_Zong","unzksakdk"],"log":"|j|\u2606BenSon_A27_Zong\n|j|\u2606unzksakdk\n|t:|1776559555\n|gametype|doubles\n|player|p1|BenSon_A27_Zong|bugsy|1304\n|player|p2|unzksakdk|266|1390\n|gen|9\n|tier|[Gen 9] VGC 2026 Reg I\n|rated|\n|rule|Species Clause: Limit one of each Pok\u00e9mon\n|rule|Item Clause: Limit 1 of each item\n|clearpoke\n|poke|p1|Muk-Alola, L50, M|\n|poke|p1|Flamigo, L50, F|\n|poke|p1|Miraidon, L50|\n|poke|p1|Calyrex-Shadow, L50|\n|poke|p1|Dragonite, L50, M|\n|poke|p1|Smeargle, L50, F|\n|poke|p2|Groudon, L50|\n|poke|p2|Brute Bonnet, L50|\n|poke|p2|Miraidon, L50|\n|poke|p2|Farigiraf, L50, F|\n|poke|p2|Incineroar, L50, M|\n|poke|p2|Grimmsnarl, L50, M|\n|teampreview|4\n|inactive|Battle timer is ON: inactive players will automatically lose when time's up. (requested by BenSon_A27_Zong)\n|inactive|BenSon_A27_Zong has 60 seconds left.\n|inactive|unzksakdk has 60 seconds left.\n|\n|t:|1776559598\n|teamsize|p1|4\n|teamsize|p2|4\n|start\n|switch|p1a: Smeargle|Smeargle, L50, F|100/100\n|switch|p1b: Calyrex|Calyrex-Shadow, L50|100/100\n|switch|p2a: Groudon|Groudon, L50|100/100\n|switch|p2b: Miraidon|Miraidon, L50|100/100\n|-ability|p1b: Calyrex|As One\n|-ability|p1b: Calyrex|Unnerve\n|-fieldstart|move: Electric Terrain|[from] ability: Hadron Engine|[of] p2b: Miraidon\n|-weather|SunnyDay|[from] ability: Drought|[of] p2a: Groudon\n|turn|1\n|\n|t:|1776559610\n|switch|p2b: Farigiraf|Farigiraf, L50, F|100/100\n|-enditem|p2b: Farigiraf|Electric Seed\n|-boost|p2b: Farigiraf|def|1|[from] item: Electric Seed\n|move|p1b: Calyrex|Astral Barrage|p2a: Groudon|[spread] p2a\n|-immune|p2b: Farigiraf\n|-damage|p2a: Groudon|51/100\n|move|p1a: Smeargle|Minimize|p1a: Smeargle\n|-boost|p1a: Smeargle|evasion|2\n|move|p2a: Groudon|Precipice Blades|p1a: Smeargle|[spread] p1a,p1b\n|-enditem|p1a: Smeargle|Focus Sash\n|-damage|p1a: Smeargle|1/100\n|-damage|p1b: Calyrex|32/100\n|\n|-weather|SunnyDay|[upkeep]\n|-ability|p1a: Smeargle|Moody|boost\n|-boost|p1a: Smeargle|spa|2\n|-unboost|p1a: Smeargle|atk|1\n|upkeep\n|turn|2\n|\n|t:|1776559628\n|move|p1a: Smeargle|Wide Guard|p1a: Smeargle\n|-singleturn|p1a: Smeargle|Wide Guard\n|move|p1b: Calyrex|Encore|p2a: Groudon\n|-start|p2a: Groudon|Encore\n|move|p2a: Groudon|Precipice Blades|p1b: Calyrex|[spread] \n|-activate|p1a: Smeargle|move: Wide Guard\n|-activate|p1b: Calyrex|move: Wide Guard\n|move|p2b: Farigiraf|Foul Play|p1b: Calyrex\n|-supereffective|p1b: Calyrex\n|-damage|p1b: Calyrex|0 fnt\n|faint|p1b: Calyrex\n|\n|-weather|SunnyDay|[upkeep]\n|-ability|p1a: Smeargle|Moody|boost\n|-boost|p1a: Smeargle|spa|2\n|-unboost|p1a: Smeargle|spe|1\n|upkeep\n|\n|t:|1776559632\n|switch|p1b: Muk|Muk-Alola, L50, M|100/100\n|turn|3\n|\n|t:|1776559644\n|move|p1a: Smeargle|Wide Guard|p1a: Smeargle\n|-singleturn|p1a: Smeargle|Wide Guard\n|move|p2a: Groudon|Precipice Blades|p1b: Muk|[spread] \n|-activate|p1a: Smeargle|move: Wide Guard\n|-activate|p1b: Muk|move: Wide Guard\n|move|p2b: Farigiraf|Foul Play|p1a: Smeargle\n|-damage|p1a: Smeargle|0 fnt\n|faint|p1a: Smeargle\n|-ability|p1b: Muk|Moody|Power of Alchemy|[from] ability: Power of Alchemy|[of] p1a: Smeargle\n|move|p1b: Muk|Minimize|p1b: Muk\n|-boost|p1b: Muk|evasion|2\n|\n|-weather|SunnyDay|[upkeep]\n|-ability|p1b: Muk|Moody|boost\n|-boost|p1b: Muk|atk|2\n|-unboost|p1b: Muk|spe|1\n|upkeep\n|\n|t:|1776559646\n|switch|p1a: Flamigo|Flamigo, L50, F|100/100\n|-copyboost|p1a: Flamigo|p1b: Muk|[from] ability: Costar\n|-enditem|p1a: Flamigo|White Herb\n|-clearnegativeboost|p1a: Flamigo|[silent]\n|turn|4\n|\n|t:|1776559656\n|move|p1b: Muk|Protect|p1b: Muk\n|-singleturn|p1b: Muk|Protect\n|move|p1a: Flamigo|Substitute|p1a: Flamigo\n|-start|p1a: Flamigo|Substitute\n|-damage|p1a: Flamigo|76/100\n|move|p2a: Groudon|Precipice Blades|p1a: Flamigo|[spread] \n|-activate|p1b: Muk|move: Protect\n|-immune|p1a: Flamigo\n|move|p2b: Farigiraf|Psychic|p1a: Flamigo\n|-supereffective|p1a: Flamigo\n|-end|p1a: Flamigo|Substitute\n|\n|-weather|SunnyDay|[upkeep]\n|-end|p2a: Groudon|Encore\n|-ability|p1b: Muk|Moody|boost\n|-boost|p1b: Muk|spa|2\n|-unboost|p1b: Muk|spd|1\n|upkeep\n|turn|5\n|\n|t:|1776559669\n|move|p1a: Flamigo|Close Combat|p2a: Groudon\n|-damage|p2a: Groudon|0 fnt\n|-unboost|p1a: Flamigo|def|1\n|-unboost|p1a: Flamigo|spd|1\n|faint|p2a: Groudon\n|move|p2b: Farigiraf|Psychic|p1a: Flamigo\n|-supereffective|p1a: Flamigo\n|-damage|p1a: Flamigo|0 fnt\n|faint|p1a: Flamigo\n|move|p1b: Muk|Minimize|p1b: Muk\n|-boost|p1b: Muk|evasion|2\n|\n|-weather|none\n|-fieldend|move: Electric Terrain\n|-ability|p1b: Muk|Moody|boost\n|-boost|p1b: Muk|atk|2\n|-unboost|p1b: Muk|spd|1\n|upkeep\n|\n|t:|1776559679\n|switch|p2a: Miraidon|Miraidon, L50|100/100\n|-fieldstart|move: Electric Terrain|[from] ability: Hadron Engine|[of] p2a: Miraidon\n|turn|6\n|\n|t:|1776559684\n|move|p1b: Muk|Protect|p1b: Muk\n|-singleturn|p1b: Muk|Protect\n|move|p2a: Miraidon|Electro Drift|p1b: Muk\n|-activate|p1b: Muk|move: Protect\n|move|p2b: Farigiraf|Foul Play|p1b: Muk\n|-activate|p1b: Muk|move: Protect\n|\n|-ability|p1b: Muk|Moody|boost\n|-boost|p1b: Muk|atk|2\n|-unboost|p1b: Muk|spe|1\n|upkeep\n|turn|7\n|\n|t:|1776559691\n|move|p2a: Miraidon|Electro Drift|p1b: Muk|[miss]\n|-miss|p2a: Miraidon|p1b: Muk\n|move|p2b: Farigiraf|Foul Play|p1b: Muk|[miss]\n|-miss|p2b: Farigiraf|p1b: Muk\n|move|p1b: Muk|Poison Jab|p2a: Miraidon\n|-damage|p2a: Miraidon|0 fnt\n|faint|p2a: Miraidon\n|\n|-ability|p1b: Muk|Moody|boost\n|-boost|p1b: Muk|spe|2\n|-unboost|p1b: Muk|atk|1\n|upkeep\n|\n|t:|1776559695\n|switch|p2a: Incineroar|Incineroar, L50, M|100/100\n|-ability|p2a: Incineroar|Intimidate|boost\n|-unboost|p1b: Muk|atk|1\n|turn|8\n|\n|t:|1776559703\n|move|p1b: Muk|Protect|p1b: Muk\n|-singleturn|p1b: Muk|Protect\n|move|p2a: Incineroar|Flare Blitz|p1b: Muk\n|-activate|p1b: Muk|move: Protect\n|move|p2b: Farigiraf|Foul Play|p1b: Muk\n|-activate|p1b: Muk|move: Protect\n|\n|-ability|p1b: Muk|Moody|boost\n|-boost|p1b: Muk|spd|2\n|-unboost|p1b: Muk|def|1\n|upkeep\n|turn|9\n|\n|t:|1776559715\n|move|p2a: Incineroar|Flare Blitz|p1b: Muk|[miss]\n|-miss|p2a: Incineroar|p1b: Muk\n|move|p2b: Farigiraf|Foul Play|p1b: Muk|[miss]\n|-miss|p2b: Farigiraf|p1b: Muk\n|move|p1b: Muk|Poison Jab|p2a: Incineroar\n|-damage|p2a: Incineroar|14/100\n|-enditem|p2a: Incineroar|Sitrus Berry|[eat]\n|-heal|p2a: Incineroar|39/100|[from] item: Sitrus Berry\n|\n|-ability|p1b: Muk|Moody|boost\n|-boost|p1b: Muk|atk|2\n|-unboost|p1b: Muk|spe|1\n|upkeep\n|turn|10\n|\n|t:|1776559726\n|move|p1b: Muk|Protect|p1b: Muk\n|-singleturn|p1b: Muk|Protect\n|move|p2a: Incineroar|Flare Blitz|p1b: Muk\n|-activate|p1b: Muk|move: Protect\n|move|p2b: Farigiraf|Foul Play|p1b: Muk\n|-activate|p1b: Muk|move: Protect\n|\n|-fieldend|move: Electric Terrain\n|-ability|p1b: Muk|Moody|boost\n|-boost|p1b: Muk|spe|2\n|-unboost|p1b: Muk|def|1\n|upkeep\n|turn|11\n|\n|t:|1776559733\n|move|p1b: Muk|Poison Jab|p2a: Incineroar\n|-damage|p2a: Incineroar|0 fnt\n|faint|p2a: Incineroar\n|move|p2b: Farigiraf|Foul Play|p1b: Muk\n|-resisted|p1b: Muk\n|-damage|p1b: Muk|30/100\n|\n|-heal|p1b: Muk|36/100|[from] item: Leftovers\n|-ability|p1b: Muk|Moody|boost\n|-boost|p1b: Muk|spd|2\n|-unboost|p1b: Muk|spa|1\n|upkeep\n|turn|12\n|\n|t:|1776559745\n|move|p1b: Muk|Protect|p1b: Muk\n|-singleturn|p1b: Muk|Protect\n|move|p2b: Farigiraf|Foul Play|p1b: Muk\n|-activate|p1b: Muk|move: Protect\n|\n|-heal|p1b: Muk|42/100|[from] item: Leftovers\n|-ability|p1b: Muk|Moody|boost\n|-boost|p1b: Muk|spd|2\n|-unboost|p1b: Muk|def|1\n|upkeep\n|turn|13\n|\n|t:|1776559753\n|move|p1b: Muk|Rest|p1b: Muk\n|-status|p1b: Muk|slp|[from] move: Rest\n|-heal|p1b: Muk|100/100 slp|[silent]\n|move|p2b: Farigiraf|Foul Play|p1b: Muk\n|-resisted|p1b: Muk\n|-damage|p1b: Muk|3/100 slp\n|\n|-heal|p1b: Muk|9/100 slp|[from] item: Leftovers\n|-ability|p1b: Muk|Moody|boost\n|-boost|p1b: Muk|spa|2\n|-unboost|p1b: Muk|atk|1\n|upkeep\n|turn|14\n|\n|t:|1776559761\n|cant|p1b: Muk|slp\n|move|p2b: Farigiraf|Foul Play|p1b: Muk|[miss]\n|-miss|p2b: Farigiraf|p1b: Muk\n|\n|-heal|p1b: Muk|15/100 slp|[from] item: Leftovers\n|-ability|p1b: Muk|Moody|boost\n|-boost|p1b: Muk|spe|2\n|-unboost|p1b: Muk|atk|1\n|upkeep\n|turn|15\n|\n|t:|1776559764\n|cant|p1b: Muk|slp\n|move|p2b: Farigiraf|Foul Play|p1b: Muk|[miss]\n|-miss|p2b: Farigiraf|p1b: Muk\n|\n|-heal|p1b: Muk|21/100 slp|[from] item: Leftovers\n|-ability|p1b: Muk|Moody|boost\n|-boost|p1b: Muk|spe|2\n|-unboost|p1b: Muk|atk|1\n|upkeep\n|turn|16\n|\n|t:|1776559767\n|-curestatus|p1b: Muk|slp|[msg]\n|move|p1b: Muk|Rest|p1b: Muk\n|-status|p1b: Muk|slp|[from] move: Rest\n|-heal|p1b: Muk|100/100 slp|[silent]\n|move|p2b: Farigiraf|Foul Play|p1b: Muk|[miss]\n|-miss|p2b: Farigiraf|p1b: Muk\n|\n|-ability|p1b: Muk|Moody|boost\n|-boost|p1b: Muk|spa|2\n|-unboost|p1b: Muk|def|1\n|upkeep\n|turn|17\n|\n|t:|1776559772\n|cant|p1b: Muk|slp\n|move|p2b: Farigiraf|Foul Play|p1b: Muk|[miss]\n|-miss|p2b: Farigiraf|p1b: Muk\n|\n|-ability|p1b: Muk|Moody|boost\n|-boost|p1b: Muk|spe|1\n|-unboost|p1b: Muk|atk|1\n|upkeep\n|turn|18\n|\n|t:|1776559776\n|cant|p1b: Muk|slp\n|move|p2b: Farigiraf|Foul Play|p1b: Muk\n|-resisted|p1b: Muk\n|-damage|p1b: Muk|45/100 slp\n|\n|-heal|p1b: Muk|51/100 slp|[from] item: Leftovers\n|-ability|p1b: Muk|Moody|boost\n|-boost|p1b: Muk|spd|2\n|-unboost|p1b: Muk|spe|1\n|upkeep\n|turn|19\n|\n|t:|1776559780\n|-curestatus|p1b: Muk|slp|[msg]\n|move|p1b: Muk|Protect|p1b: Muk\n|-singleturn|p1b: Muk|Protect\n|move|p2b: Farigiraf|Foul Play|p1b: Muk\n|-activate|p1b: Muk|move: Protect\n|\n|-heal|p1b: Muk|57/100|[from] item: Leftovers\n|-ability|p1b: Muk|Moody|boost\n|-boost|p1b: Muk|spe|1\n|-unboost|p1b: Muk|def|1\n|upkeep\n|turn|20\n|\n|t:|1776559789\n|move|p1b: Muk|Rest|p1b: Muk\n|-status|p1b: Muk|slp|[from] move: Rest\n|-heal|p1b: Muk|100/100 slp|[silent]\n|move|p2b: Farigiraf|Imprison|p2b: Farigiraf\n|-start|p2b: Farigiraf|move: Imprison\n|\n|-ability|p1b: Muk|Moody|boost\n|-boost|p1b: Muk|def|2\n|-unboost|p1b: Muk|spe|1\n|upkeep\n|turn|21\n|\n|t:|1776559793\n|cant|p1b: Muk|slp\n|move|p2b: Farigiraf|Foul Play|p1b: Muk\n|-resisted|p1b: Muk\n|-damage|p1b: Muk|57/100 slp\n|\n|-heal|p1b: Muk|63/100 slp|[from] item: Leftovers\n|-ability|p1b: Muk|Moody|boost\n|-boost|p1b: Muk|def|2\n|-unboost|p1b: Muk|spe|1\n|upkeep\n|turn|22\n|\n|t:|1776559797\n|cant|p1b: Muk|slp\n|move|p2b: Farigiraf|Foul Play|p1b: Muk|[miss]\n|-miss|p2b: Farigiraf|p1b: Muk\n|\n|-heal|p1b: Muk|69/100 slp|[from] item: Leftovers\n|-ability|p1b: Muk|Moody|boost\n|-boost|p1b: Muk|atk|2\n|-unboost|p1b: Muk|spd|1\n|upkeep\n|turn|23\n|\n|t:|1776559800\n|-curestatus|p1b: Muk|slp|[msg]\n|move|p1b: Muk|Protect|p1b: Muk\n|-singleturn|p1b: Muk|Protect\n|move|p2b: Farigiraf|Foul Play|p1b: Muk\n|-activate|p1b: Muk|move: Protect\n|\n|-heal|p1b: Muk|75/100|[from] item: Leftovers\n|-ability|p1b: Muk|Moody|boost\n|-boost|p1b: Muk|atk|2\n|-unboost|p1b: Muk|def|1\n|upkeep\n|turn|24\n|\n|t:|1776559803\n|move|p1b: Muk|Minimize|p1b: Muk\n|-boost|p1b: Muk|evasion|2\n|move|p2b: Farigiraf|Foul Play|p1b: Muk|[miss]\n|-miss|p2b: Farigiraf|p1b: Muk\n|\n|-heal|p1b: Muk|81/100|[from] item: Leftovers\n|-ability|p1b: Muk|Moody|boost\n|-boost|p1b: Muk|def|2\n|-unboost|p1b: Muk|spe|1\n|upkeep\n|turn|25\n|\n|t:|1776559811\n|move|p1b: Muk|Protect|p1b: Muk\n|-singleturn|p1b: Muk|Protect\n|move|p2b: Farigiraf|Trick Room|p2b: Farigiraf\n|-fieldstart|move: Trick Room|[of] p2b: Farigiraf\n|\n|-heal|p1b: Muk|87/100|[from] item: Leftovers\n|-ability|p1b: Muk|Moody|boost\n|-boost|p1b: Muk|def|2\n|-unboost|p1b: Muk|spd|1\n|upkeep\n|turn|26\n|\n|t:|1776559815\n|move|p2b: Farigiraf|Foul Play|p1b: Muk\n|-resisted|p1b: Muk\n|-damage|p1b: Muk|70/100\n|move|p1b: Muk|Poison Jab|p2b: Farigiraf\n|-damage|p2b: Farigiraf|13/100\n|\n|-heal|p1b: Muk|76/100|[from] item: Leftovers\n|-ability|p1b: Muk|Moody|boost\n|-boost|p1b: Muk|spa|1\n|-unboost|p1b: Muk|spd|1\n|upkeep\n|turn|27\n|\n|t:|1776559827\n|move|p2b: Farigiraf|Foul Play|p1b: Muk\n|-resisted|p1b: Muk\n|-damage|p1b: Muk|58/100\n|move|p1b: Muk|Poison Jab|p2b: Farigiraf\n|-damage|p2b: Farigiraf|0 fnt\n|faint|p2b: Farigiraf\n|\n|win|BenSon_A27_Zong\n|raw|BenSon_A27_Zong's rating: 1304 &rarr; <strong>1329</strong><br />(+25 for winning)\n|raw|unzksakdk's rating: 1390 &rarr; <strong>1365</strong><br />(-25 for losing)\n|l|\u2606BenSon_A27_Zong\n|player|p1|\n","uploadtime":1776560093,"views":7,"formatid":"gen9vgc2026regi","rating":1329,"private":0,"password":null}