{"id":"gen9vgc2026regi-2563884775","format":"[Gen 9] VGC 2026 Reg I","players":["Cellpab1","potato718"],"log":"|j|\u2606Cellpab1\n|j|\u2606potato718\n|t:|1774077719\n|gametype|doubles\n|player|p1|Cellpab1|1|1511\n|player|p2|potato718|dawn|1482\n|gen|9\n|tier|[Gen 9] VGC 2026 Reg I\n|rated|\n|rule|Species Clause: Limit one of each Pok\u00e9mon\n|rule|Item Clause: Limit 1 of each item\n|clearpoke\n|poke|p1|Calyrex-Ice, L50|\n|poke|p1|Miraidon, L50|\n|poke|p1|Iron Hands, L50|\n|poke|p1|Landorus, L50, M|\n|poke|p1|Farigiraf, L50, M|\n|poke|p1|Incineroar, L50, F|\n|poke|p2|Miraidon, L50|\n|poke|p2|Calyrex-Shadow, L50|\n|poke|p2|Incineroar, L50, M|\n|poke|p2|Rillaboom, L50, M|\n|poke|p2|Urshifu-*, L50, F|\n|teampreview|4\npotato718 has agreed to open team sheets.\n|j| ky123456\n|\n|t:|1774077780\n|teamsize|p1|4\n|teamsize|p2|4\n|start\n|switch|p1a: Landorus|Landorus, L50, M|100/100\n|switch|p1b: Farigiraf|Farigiraf, L50, M|100/100\n|switch|p2a: Rillaboom|Rillaboom, L50, M|100/100\n|switch|p2b: Calyrex|Calyrex-Shadow, L50|100/100\n|-ability|p2b: Calyrex|As One\n|-ability|p2b: Calyrex|Unnerve\n|-fieldstart|move: Grassy Terrain|[from] ability: Grassy Surge|[of] p2a: Rillaboom\n|turn|1\n|inactive|Battle timer is ON: inactive players will automatically lose when time's up. (requested by Cellpab1)\n|inactive|potato718 has 60 seconds left.\n|\n|t:|1774077844\n|switch|p2b: Urshifu|Urshifu-Rapid-Strike, L50, F|100/100\n|move|p1b: Farigiraf|Protect|p1b: Farigiraf\n|-singleturn|p1b: Farigiraf|Protect\n|move|p1a: Landorus|Earth Power|p2b: Urshifu\n|-damage|p2b: Urshifu|3/100\n|move|p2a: Rillaboom|Wood Hammer|p1b: Farigiraf\n|-activate|p1b: Farigiraf|move: Protect\n|\n|-heal|p2b: Urshifu|8/100|[from] Grassy Terrain\n|upkeep\n|turn|2\n|inactive|Cellpab1 has 30 seconds left.\n|inactive|potato718 has 30 seconds left.\n|\n|t:|1774077875\n|switch|p1b: Miraidon|Miraidon, L50|100/100\n|-fieldstart|move: Electric Terrain|[from] ability: Hadron Engine|[of] p1b: Miraidon\n|move|p2b: Urshifu|Detect|p2b: Urshifu\n|-singleturn|p2b: Urshifu|Protect\n|move|p1a: Landorus|Earth Power|p2b: Urshifu\n|-activate|p2b: Urshifu|move: Protect\n|move|p2a: Rillaboom|Wood Hammer|p1b: Miraidon\n|-resisted|p1b: Miraidon\n|-damage|p1b: Miraidon|74/100\n|-damage|p2a: Rillaboom|93/100|[from] Recoil\n|\n|upkeep\n|turn|3\n|inactive|Cellpab1 has 30 seconds left.\n|\n|t:|1774077900\n|switch|p1b: Farigiraf|Farigiraf, L50, M|100/100\n|-enditem|p1b: Farigiraf|Electric Seed\n|-boost|p1b: Farigiraf|def|1|[from] item: Electric Seed\n|move|p2b: Urshifu|Aqua Jet||[still]\n|cant|p1b: Farigiraf|ability: Armor Tail|Aqua Jet|[of] p2b: Urshifu\n|move|p1a: Landorus|Earth Power|p2b: Urshifu\n|-damage|p2b: Urshifu|0 fnt\n|faint|p2b: Urshifu\n|move|p2a: Rillaboom|Wood Hammer|p1a: Landorus\n|-crit|p1a: Landorus\n|-damage|p1a: Landorus|10/100\n|-damage|p2a: Rillaboom|69/100|[from] Recoil\n|\n|upkeep\n|\n|t:|1774077910\n|switch|p2b: Miraidon|Miraidon, L50|100/100\n|-activate|p2b: Miraidon|ability: Hadron Engine\n|turn|4\n|\n|t:|1774077923\n|move|p1b: Farigiraf|Protect|p1b: Farigiraf\n|-singleturn|p1b: Farigiraf|Protect\n|move|p2b: Miraidon|Snarl|p1b: Farigiraf|[spread] p1a\n|-activate|p1b: Farigiraf|move: Protect\n|-damage|p1a: Landorus|0 fnt\n|faint|p1a: Landorus\n|move|p2a: Rillaboom|U-turn|p1b: Farigiraf\n|-activate|p1b: Farigiraf|move: Protect\n|\n|upkeep\n|\n|t:|1774077945\n|switch|p1a: Calyrex|Calyrex-Ice, L50|100/100\n|-ability|p1a: Calyrex|As One\n|-ability|p1a: Calyrex|Unnerve\n|turn|5\n|inactive|Cellpab1 has 30 seconds left.\n|\n|t:|1774077971\n|-terastallize|p2b: Miraidon|Electric\n|move|p2b: Miraidon|Snarl|p1a: Calyrex|[spread] p1a,p1b\n|-supereffective|p1a: Calyrex\n|-supereffective|p1b: Farigiraf\n|-damage|p1a: Calyrex|75/100\n|-damage|p1b: Farigiraf|66/100\n|-unboost|p1a: Calyrex|spa|1\n|-unboost|p1b: Farigiraf|spa|1\n|move|p2a: Rillaboom|U-turn|p1b: Farigiraf\n|-supereffective|p1b: Farigiraf\n|-damage|p1b: Farigiraf|43/100\n|\n|t:|1774077981\n|switch|p2a: Calyrex|Calyrex-Shadow, L50|100/100|[from] U-turn\n|-ability|p2a: Calyrex|As One\n|-ability|p2a: Calyrex|Unnerve\n|move|p1b: Farigiraf|Foul Play|p2a: Calyrex\n|-supereffective|p2a: Calyrex\n|-damage|p2a: Calyrex|40/100\n|move|p1a: Calyrex|Trick Room|p1a: Calyrex\n|-fieldstart|move: Trick Room|[of] p1a: Calyrex\n|\n|-heal|p1a: Calyrex|81/100|[from] item: Leftovers\n|upkeep\n|turn|6\n|inactive|Cellpab1 has 30 seconds left.\n|inactive|potato718 has 30 seconds left.\n|\n|t:|1774078012\n|move|p1a: Calyrex|Glacial Lance|p2a: Calyrex|[spread] p2a,p2b\n|-damage|p2a: Calyrex|0 fnt\n|-damage|p2b: Miraidon|53/100\n|faint|p2a: Calyrex\n|-ability|p1a: Calyrex|Chilling Neigh|boost\n|-boost|p1a: Calyrex|atk|1\n|move|p1b: Farigiraf|Psychic|p2b: Miraidon\n|-crit|p2b: Miraidon\n|-damage|p2b: Miraidon|11/100\n|move|p2b: Miraidon|Snarl|p1b: Farigiraf|[spread] p1a,p1b\n|-supereffective|p1a: Calyrex\n|-supereffective|p1b: Farigiraf\n|-damage|p1a: Calyrex|55/100\n|-damage|p1b: Farigiraf|2/100\n|-unboost|p1a: Calyrex|spa|1\n|-unboost|p1b: Farigiraf|spa|1\n|\n|-heal|p1a: Calyrex|60/100|[from] item: Leftovers\n|-fieldend|move: Electric Terrain\n|upkeep\n|\n|t:|1774078023\n|switch|p2a: Rillaboom|Rillaboom, L50, M|69/100\n|-fieldstart|move: Grassy Terrain|[from] ability: Grassy Surge|[of] p2a: Rillaboom\n|turn|7\n|-message|potato718 forfeited.\n|\n|win|Cellpab1\n|raw|Cellpab1's rating: 1511 &rarr; <strong>1529</strong><br />(+18 for winning)\n|raw|potato718's rating: 1482 &rarr; <strong>1464</strong><br />(-18 for losing)\n|l|\u2606potato718\n|player|p2|\n|l| ky123456\n|l|\u2606Cellpab1\n|player|p1|\n","uploadtime":1774078258,"views":17,"formatid":"gen9vgc2026regi","rating":1464,"private":0,"password":null}