{"id":"gen9vgc2026regi-2568713608","format":"[Gen 9] VGC 2026 Reg I","players":["minecraftaviral","yuri1910"],"log":"|j|\u2606minecraftaviral\n|j|\u2606yuri1910\n|t:|1774616673\n|gametype|doubles\n|player|p1|minecraftaviral|170|1396\n|player|p2|yuri1910|266|1472\n|gen|9\n|tier|[Gen 9] VGC 2026 Reg I\n|rated|\n|rule|Species Clause: Limit one of each Pok\u00e9mon\n|rule|Item Clause: Limit 1 of each item\n|clearpoke\n|poke|p1|Calyrex-Ice, L50|\n|poke|p1|Scraggy, L50, F|\n|poke|p1|Miraidon, L50|\n|poke|p1|Farigiraf, L50, M|\n|poke|p1|Iron Treads, L50|\n|poke|p1|Iron Hands, L50|\n|poke|p2|Calyrex-Ice, L50|\n|poke|p2|Kyogre, L50|\n|poke|p2|Grimmsnarl, L50, M|\n|poke|p2|Rillaboom, L50, M|\n|poke|p2|Urshifu-*, L50, M|\n|poke|p2|Landorus, L50, M|\n|teampreview|4\n|\n|t:|1774616691\n|teamsize|p1|4\n|teamsize|p2|4\n|start\n|switch|p1a: Farigiraf|Farigiraf, L50, M|100/100\n|switch|p1b: Miraidon|Miraidon, L50|100/100\n|switch|p2a: Grimmsnarl|Grimmsnarl, L50, M|100/100\n|switch|p2b: Rillaboom|Rillaboom, L50, M|100/100\n|-fieldstart|move: Electric Terrain|[from] ability: Hadron Engine|[of] p1b: Miraidon\n|-enditem|p1a: Farigiraf|Electric Seed\n|-boost|p1a: Farigiraf|def|1|[from] item: Electric Seed\n|-fieldstart|move: Grassy Terrain|[from] ability: Grassy Surge|[of] p2b: Rillaboom\n|turn|1\n|\n|t:|1774616717\n|move|p2a: Grimmsnarl|Light Screen|p2a: Grimmsnarl\n|-sidestart|p2: yuri1910|move: Light Screen\n|move|p1b: Miraidon|Volt Switch|p2a: Grimmsnarl\n|-damage|p2a: Grimmsnarl|64/100\n|\n|t:|1774616724\n|switch|p1b: Calyrex|Calyrex-Ice, L50|100/100|[from] Volt Switch\n|-ability|p1b: Calyrex|As One\n|-ability|p1b: Calyrex|Unnerve\n|move|p2b: Rillaboom|U-turn|p1a: Farigiraf\n|-supereffective|p1a: Farigiraf\n|-damage|p1a: Farigiraf|77/100\n|\n|t:|1774616739\n|switch|p2b: Urshifu|Urshifu-Rapid-Strike, L50, M|100/100|[from] U-turn\n|move|p1a: Farigiraf|Trick Room|p1a: Farigiraf\n|-fieldstart|move: Trick Room|[of] p1a: Farigiraf\n|\n|-heal|p1a: Farigiraf|84/100|[from] Grassy Terrain\n|-heal|p2a: Grimmsnarl|70/100|[from] Grassy Terrain\n|upkeep\n|turn|2\n|\n|t:|1774616768\n|move|p2a: Grimmsnarl|Reflect|p2a: Grimmsnarl\n|-sidestart|p2: yuri1910|Reflect\n|move|p1b: Calyrex|Glacial Lance|p2b: Urshifu|[spread] p2a,p2b\n|-resisted|p2b: Urshifu\n|-damage|p2a: Grimmsnarl|31/100\n|-damage|p2b: Urshifu|80/100\n|move|p1a: Farigiraf|Psychic|p2b: Urshifu\n|-supereffective|p2b: Urshifu\n|-damage|p2b: Urshifu|15/100\n|move|p2b: Urshifu|Close Combat|p1b: Calyrex\n|-damage|p1b: Calyrex|59/100\n|-unboost|p2b: Urshifu|def|1\n|-unboost|p2b: Urshifu|spd|1\n|\n|-heal|p1b: Calyrex|65/100|[from] Grassy Terrain\n|-heal|p1a: Farigiraf|90/100|[from] Grassy Terrain\n|-heal|p2a: Grimmsnarl|37/100|[from] Grassy Terrain\n|-heal|p2b: Urshifu|21/100|[from] Grassy Terrain\n|upkeep\n|turn|3\n|\n|t:|1774616794\n|switch|p2b: Calyrex|Calyrex-Ice, L50|100/100\n|-ability|p2b: Calyrex|As One\n|-ability|p2b: Calyrex|Unnerve\n|-terastallize|p1b: Calyrex|Fire\n|move|p1a: Farigiraf|Helping Hand|p1b: Calyrex\n|-singleturn|p1b: Calyrex|Helping Hand|[of] p1a: Farigiraf\n|move|p1b: Calyrex|Glacial Lance|p2b: Calyrex|[spread] p2a,p2b\n|-resisted|p2b: Calyrex\n|-damage|p2a: Grimmsnarl|0 fnt\n|-damage|p2b: Calyrex|83/100\n|faint|p2a: Grimmsnarl\n|-ability|p1b: Calyrex|Chilling Neigh|boost\n|-boost|p1b: Calyrex|atk|1\n|\n|-heal|p1b: Calyrex|71/100|[from] Grassy Terrain\n|-heal|p2b: Calyrex|89/100|[from] Grassy Terrain\n|-heal|p2b: Calyrex|95/100|[from] item: Leftovers\n|-heal|p1a: Farigiraf|96/100|[from] Grassy Terrain\n|upkeep\n|\n|t:|1774616828\n|switch|p2a: Rillaboom|Rillaboom, L50, M|100/100\n|turn|4\n|\n|t:|1774616855\n|switch|p1a: Scraggy|Scraggy, L50, F|100/100\n|-ability|p1a: Scraggy|Intimidate|boost\n|-unboost|p2a: Rillaboom|atk|1\n|-unboost|p2b: Calyrex|atk|1\n|-terastallize|p2a: Rillaboom|Water\n|move|p1b: Calyrex|Glacial Lance|p2b: Calyrex|[spread] p2a,p2b\n|-resisted|p2a: Rillaboom\n|-resisted|p2b: Calyrex\n|-damage|p2a: Rillaboom|73/100\n|-damage|p2b: Calyrex|77/100\n|move|p2b: Calyrex|Glacial Lance|p1b: Calyrex|[spread] p1a,p1b\n|-resisted|p1b: Calyrex\n|-crit|p1b: Calyrex\n|-damage|p1a: Scraggy|70/100\n|-damage|p1b: Calyrex|45/100\n|move|p2a: Rillaboom|Wood Hammer|p1b: Calyrex\n|-resisted|p1b: Calyrex\n|-damage|p1b: Calyrex|28/100\n|-damage|p2a: Rillaboom|67/100|[from] Recoil\n|\n|-heal|p1a: Scraggy|75/100|[from] Grassy Terrain\n|-heal|p1b: Calyrex|34/100|[from] Grassy Terrain\n|-heal|p2b: Calyrex|83/100|[from] Grassy Terrain\n|-heal|p2b: Calyrex|89/100|[from] item: Leftovers\n|-heal|p2a: Rillaboom|73/100|[from] Grassy Terrain\n|upkeep\n|turn|5\n|\n|t:|1774616883\n|move|p1a: Scraggy|Coaching|p1b: Calyrex\n|-boost|p1b: Calyrex|atk|1\n|-boost|p1b: Calyrex|def|1\n|move|p1b: Calyrex|High Horsepower|p2b: Calyrex\n|-damage|p2b: Calyrex|58/100\n|move|p2b: Calyrex|Glacial Lance|p1a: Scraggy|[spread] p1a,p1b\n|-resisted|p1b: Calyrex\n|-damage|p1a: Scraggy|43/100\n|-damage|p1b: Calyrex|27/100\n|move|p2a: Rillaboom|U-turn|p1b: Calyrex\n|-resisted|p1b: Calyrex\n|-damage|p1b: Calyrex|24/100\n|\n|t:|1774616894\n|switch|p2a: Urshifu|Urshifu-Rapid-Strike, L50, M|21/100|[from] U-turn\n|\n|-heal|p1a: Scraggy|49/100|[from] Grassy Terrain\n|-heal|p1b: Calyrex|30/100|[from] Grassy Terrain\n|-heal|p2b: Calyrex|64/100|[from] Grassy Terrain\n|-heal|p2b: Calyrex|70/100|[from] item: Leftovers\n|-heal|p2a: Urshifu|28/100|[from] Grassy Terrain\n|-fieldend|move: Trick Room\n|-fieldend|move: Grassy Terrain\n|upkeep\n|turn|6\n|\n|t:|1774616917\n|switch|p1a: Farigiraf|Farigiraf, L50, M|96/100\n|move|p1b: Calyrex|Protect|p1b: Calyrex\n|-singleturn|p1b: Calyrex|Protect\n|move|p2a: Urshifu|Surging Strikes|p1b: Calyrex\n|-supereffective|p1b: Calyrex\n|-crit|p1b: Calyrex\n|-damage|p1b: Calyrex|4/100\n|-supereffective|p1b: Calyrex\n|-crit|p1b: Calyrex\n|-damage|p1b: Calyrex|0 fnt\n|faint|p1b: Calyrex\n|-hitcount|p1: Calyrex|2\n|move|p2b: Calyrex|Glacial Lance|p1a: Farigiraf\n|-damage|p1a: Farigiraf|61/100\n|\n|-heal|p2b: Calyrex|75/100|[from] item: Leftovers\n|upkeep\n|\n|t:|1774616936\n|switch|p1b: Scraggy|Scraggy, L50, F|49/100\n|-ability|p1b: Scraggy|Intimidate|boost\n|-unboost|p2a: Urshifu|atk|1\n|-unboost|p2b: Calyrex|atk|1\n|turn|7\n|\n|t:|1774616953\n|move|p1b: Scraggy|Fake Out|p2a: Urshifu\n|-damage|p2a: Urshifu|23/100\n|cant|p2a: Urshifu|flinch\n|move|p2b: Calyrex|Glacial Lance|p1a: Farigiraf|[spread] p1a,p1b\n|-damage|p1a: Farigiraf|38/100\n|-damage|p1b: Scraggy|22/100\n|move|p1a: Farigiraf|Trick Room|p1a: Farigiraf\n|-fieldstart|move: Trick Room|[of] p1a: Farigiraf\n|\n|-heal|p2b: Calyrex|81/100|[from] item: Leftovers\n|upkeep\n|turn|8\n|\n|t:|1774616967\n|move|p1b: Scraggy|Foul Play|p2b: Calyrex\n|-supereffective|p2b: Calyrex\n|-damage|p2b: Calyrex|58/100\n|move|p2b: Calyrex|Glacial Lance|p1b: Scraggy|[spread] p1a,p1b\n|-damage|p1a: Farigiraf|16/100\n|-damage|p1b: Scraggy|0 fnt\n|faint|p1b: Scraggy\n|-ability|p2b: Calyrex|Chilling Neigh|boost\n|-boost|p2b: Calyrex|atk|1\n|move|p1a: Farigiraf|Psychic|p2a: Urshifu\n|-supereffective|p2a: Urshifu\n|-damage|p2a: Urshifu|0 fnt\n|faint|p2a: Urshifu\n|\n|-heal|p2b: Calyrex|63/100|[from] item: Leftovers\n|-sideend|p2: yuri1910|move: Light Screen\n|upkeep\n|\n|t:|1774616981\n|switch|p1b: Miraidon|Miraidon, L50|100/100\n|switch|p2a: Rillaboom|Rillaboom, L50, M, tera:Water|73/100\n|-fieldstart|move: Grassy Terrain|[from] ability: Grassy Surge|[of] p2a: Rillaboom\n|-fieldstart|move: Electric Terrain|[from] ability: Hadron Engine|[of] p1b: Miraidon\n|turn|9\n|\n|t:|1774617017\n|move|p2b: Calyrex|Glacial Lance|p1b: Miraidon|[spread] p1a,p1b\n|-supereffective|p1b: Miraidon\n|-damage|p1a: Farigiraf|0 fnt\n|-damage|p1b: Miraidon|38/100\n|faint|p1a: Farigiraf\n|-ability|p2b: Calyrex|Chilling Neigh|boost\n|-boost|p2b: Calyrex|atk|1\n|move|p2a: Rillaboom|Wood Hammer|p1b: Miraidon\n|-resisted|p1b: Miraidon\n|-damage|p1b: Miraidon|7/100\n|-damage|p2a: Rillaboom|63/100|[from] Recoil\n|move|p1b: Miraidon|Electro Drift|p2b: Calyrex\n|-damage|p2b: Calyrex|0 fnt\n|faint|p2b: Calyrex\n|\n|-sideend|p2: yuri1910|Reflect\n|upkeep\n|turn|10\n|\n|t:|1774617034\n|move|p2a: Rillaboom|Wood Hammer|p1b: Miraidon\n|-resisted|p1b: Miraidon\n|-damage|p1b: Miraidon|0 fnt\n|faint|p1b: Miraidon\n|-damage|p2a: Rillaboom|60/100|[from] Recoil\n|\n|win|yuri1910\n|raw|minecraftaviral's rating: 1396 &rarr; <strong>1380</strong><br />(-16 for losing)\n|raw|yuri1910's rating: 1472 &rarr; <strong>1488</strong><br />(+16 for winning)\n|l|\u2606minecraftaviral\n|player|p1|\n|l|\u2606yuri1910\n|player|p2|\n","uploadtime":1774617238,"views":12,"formatid":"gen9vgc2026regi","rating":1380,"private":0,"password":null}