{"id":"gen9vgc2026regi-2558786406","format":"[Gen 9] VGC 2026 Reg I","players":["lovelyshow","slimeslatt252"],"log":"|j|\u2606lovelyshow\n|j|\u2606slimeslatt252\n|t:|1773482500\n|gametype|doubles\n|player|p1|lovelyshow|pokekid|1201\n|player|p2|slimeslatt252|266|1191\n|gen|9\n|tier|[Gen 9] VGC 2026 Reg I\n|rated|\n|rule|Species Clause: Limit one of each Pok\u00e9mon\n|rule|Item Clause: Limit 1 of each item\n|clearpoke\n|poke|p1|Scraggy, L50, M|\n|poke|p1|Calyrex-Ice, L50|\n|poke|p1|Lunala, L50|\n|poke|p1|Ogerpon-Wellspring, L50, F|\n|poke|p1|Gholdengo, L50|\n|poke|p1|Annihilape, L50, F|\n|poke|p2|Miraidon, L50|\n|poke|p2|Calyrex-Ice, L50|\n|poke|p2|Amoonguss, L50, F|\n|poke|p2|Incineroar, L50, M|\n|poke|p2|Urshifu-*, L50, M|\n|poke|p2|Landorus, L50, M|\n|teampreview|4\n|inactive|Battle timer is ON: inactive players will automatically lose when time's up. (requested by lovelyshow)\n|\n|t:|1773482523\n|teamsize|p1|4\n|teamsize|p2|4\n|start\n|switch|p1a: Annihilape|Annihilape, L50, F, shiny|100/100\n|switch|p1b: Lunala|Lunala, L50|100/100\n|switch|p2a: Incineroar|Incineroar, L50, M|100/100\n|switch|p2b: Calyrex|Calyrex-Ice, L50|100/100\n|-ability|p2b: Calyrex|As One\n|-ability|p2b: Calyrex|Unnerve\n|-ability|p2a: Incineroar|Intimidate|boost\n|-unboost|p1a: Annihilape|atk|1\n|-ability|p1a: Annihilape|Defiant|boost\n|-boost|p1a: Annihilape|atk|2\n|-unboost|p1b: Lunala|atk|1\n|turn|1\n|inactive|lovelyshow has 30 seconds left.\n|\n|t:|1773482549\n|-terastallize|p2b: Calyrex|Fire\n|move|p1a: Annihilape|Close Combat|p2a: Incineroar\n|-supereffective|p2a: Incineroar\n|-damage|p2a: Incineroar|0 fnt\n|-unboost|p1a: Annihilape|def|1\n|-unboost|p1a: Annihilape|spd|1\n|faint|p2a: Incineroar\n|move|p1b: Lunala|Meteor Beam||[still]\n|-prepare|p1b: Lunala|Meteor Beam\n|-boost|p1b: Lunala|spa|1\n|-enditem|p1b: Lunala|Power Herb\n|-anim|p1b: Lunala|Meteor Beam|p2b: Calyrex\n|-supereffective|p2b: Calyrex\n|-damage|p2b: Calyrex|0 fnt\n|faint|p2b: Calyrex\n|\n|upkeep\n|\n|t:|1773482557\n|switch|p2a: Miraidon|Miraidon, L50|100/100\n|switch|p2b: Urshifu|Urshifu-Rapid-Strike, L50, M|100/100\n|-fieldstart|move: Electric Terrain|[from] ability: Hadron Engine|[of] p2a: Miraidon\n|turn|2\n|inactive|lovelyshow has 30 seconds left.\n|\n|t:|1773482582\n|move|p2a: Miraidon|Electro Drift|p1a: Annihilape\n|-damage|p1a: Annihilape|0 fnt\n|faint|p1a: Annihilape\n|move|p2b: Urshifu|Surging Strikes|p1b: Lunala\n|-crit|p1b: Lunala\n|-damage|p1b: Lunala|91/100\n|-crit|p1b: Lunala\n|-damage|p1b: Lunala|74/100\n|-crit|p1b: Lunala\n|-damage|p1b: Lunala|55/100\n|-hitcount|p1b: Lunala|3\n|move|p1b: Lunala|Moongeist Beam|p2a: Miraidon\n|-damage|p2a: Miraidon|23/100\n|\n|upkeep\n|\n|t:|1773482597\n|switch|p1a: Scraggy|Scraggy, L50, M, shiny|100/100\n|-ability|p1a: Scraggy|Intimidate|boost\n|-unboost|p2a: Miraidon|atk|1\n|-unboost|p2b: Urshifu|atk|1\n|turn|3\n|\n|t:|1773482609\n|move|p1a: Scraggy|Fake Out|p2a: Miraidon\n|-damage|p2a: Miraidon|15/100\n|cant|p2a: Miraidon|flinch\n|move|p2b: Urshifu|Surging Strikes|p1b: Lunala\n|-crit|p1b: Lunala\n|-damage|p1b: Lunala|35/100\n|-crit|p1b: Lunala\n|-damage|p1b: Lunala|16/100\n|-crit|p1b: Lunala\n|-damage|p1b: Lunala|0 fnt\n|faint|p1b: Lunala\n|-hitcount|p1: Lunala|3\n|\n|upkeep\n|\n|t:|1773482623\n|switch|p1b: Calyrex|Calyrex-Ice, L50|100/100\n|-ability|p1b: Calyrex|As One\n|-ability|p1b: Calyrex|Unnerve\n|turn|4\n|\n|t:|1773482637\n|move|p1b: Calyrex|Protect|p1b: Calyrex\n|-singleturn|p1b: Calyrex|Protect\n|move|p2a: Miraidon|Electro Drift|p1b: Calyrex\n|-activate|p1b: Calyrex|move: Protect\n|move|p2b: Urshifu|Surging Strikes|p1a: Scraggy\n|-crit|p1a: Scraggy\n|-damage|p1a: Scraggy|66/100\n|-crit|p1a: Scraggy\n|-damage|p1a: Scraggy|33/100\n|-crit|p1a: Scraggy\n|-damage|p1a: Scraggy|0 fnt\n|faint|p1a: Scraggy\n|-hitcount|p1: Scraggy|3\n|\n|upkeep\n|turn|5\n|inactive|lovelyshow has 30 seconds left.\n|c|\u2606slimeslatt252|goatshifu\n|\n|t:|1773482665\n|-terastallize|p1b: Calyrex|Ground\n|move|p2a: Miraidon|Electro Drift|p1b: Calyrex\n|-immune|p1b: Calyrex\n|move|p2b: Urshifu|Surging Strikes|p1b: Calyrex\n|-supereffective|p1b: Calyrex\n|-crit|p1b: Calyrex\n|-damage|p1b: Calyrex|74/100\n|-supereffective|p1b: Calyrex\n|-crit|p1b: Calyrex\n|-damage|p1b: Calyrex|48/100\n|-supereffective|p1b: Calyrex\n|-crit|p1b: Calyrex\n|-damage|p1b: Calyrex|21/100\n|-hitcount|p1b: Calyrex|3\n|move|p1b: Calyrex|Trick Room|p1b: Calyrex\n|-fieldstart|move: Trick Room|[of] p1b: Calyrex\n|\n|upkeep\n|turn|6\n|\n|t:|1773482682\n|move|p2b: Urshifu|Aqua Jet|p1b: Calyrex\n|-supereffective|p1b: Calyrex\n|-damage|p1b: Calyrex|3/100\n|move|p1b: Calyrex|High Horsepower|p2b: Urshifu\n|-damage|p2b: Urshifu|38/100\n|move|p2a: Miraidon|Electro Drift|p1b: Calyrex\n|-immune|p1b: Calyrex\n|\n|-fieldend|move: Electric Terrain\n|upkeep\n|turn|7\n|-message|lovelyshow forfeited.\n|\n|win|slimeslatt252\n|raw|lovelyshow's rating: 1201 &rarr; <strong>1175</strong><br />(-26 for losing)\n|raw|slimeslatt252's rating: 1191 &rarr; <strong>1217</strong><br />(+26 for winning)\n|l|\u2606lovelyshow\n|player|p1|\n|l|\u2606slimeslatt252\n|player|p2|\n","uploadtime":1773482908,"views":15,"formatid":"gen9vgc2026regi","rating":1175,"private":0,"password":null}