{"id":"gen9vgc2026regi-2546476386","format":"[Gen 9] VGC 2026 Reg I","players":["Zorse Mentality","ConnerTEP"],"log":"|j|\u2606Zorse Mentality\n|j|\u2606ConnerTEP\n|t:|1771968633\n|gametype|doubles\n|player|p1|Zorse Mentality|1|1450\n|player|p2|ConnerTEP|acerola-masters2|1627\n|gen|9\n|tier|[Gen 9] VGC 2026 Reg I\n|rated|\n|rule|Species Clause: Limit one of each Pok\u00e9mon\n|rule|Item Clause: Limit 1 of each item\n|clearpoke\n|poke|p1|Calyrex-Ice, L50|\n|poke|p1|Kyogre, L50|\n|poke|p1|Tornadus, L50, M|\n|poke|p1|Urshifu-*, L50, M|\n|poke|p1|Indeedee-F, L50, F|\n|poke|p1|Torkoal, L50, M|\n|poke|p2|Groudon, L50|\n|poke|p2|Miraidon, L50|\n|poke|p2|Farigiraf, L50, M|\n|poke|p2|Walking Wake, L50|\n|poke|p2|Iron Hands, L50|\n|poke|p2|Ogerpon-Hearthflame, L50, F|\n|teampreview|4\n|inactive|Battle timer is ON: inactive players will automatically lose when time's up. (requested by ConnerTEP)\n|inactive|ConnerTEP has 60 seconds left.\n|\n|t:|1771968678\n|teamsize|p1|4\n|teamsize|p2|4\n|start\n|switch|p1a: Tornadus|Tornadus, L50, M|100/100\n|switch|p1b: Kyogre|Kyogre, L50|100/100\n|switch|p2a: Miraidon|Miraidon, L50|100/100\n|switch|p2b: Ogerpon|Ogerpon-Hearthflame, L50, F|100/100\n|-fieldstart|move: Electric Terrain|[from] ability: Hadron Engine|[of] p2a: Miraidon\n|-weather|RainDance|[from] ability: Drizzle|[of] p1b: Kyogre\n|-ability|p2b: Ogerpon|Mold Breaker\n|turn|1\n|inactive|Zorse Mentality has 30 seconds left.\n|inactive|ConnerTEP has 30 seconds left.\n|\n|t:|1771968709\n|move|p1a: Tornadus|Protect|p1a: Tornadus\n|-singleturn|p1a: Tornadus|Protect\n|move|p1b: Kyogre|Protect|p1b: Kyogre\n|-singleturn|p1b: Kyogre|Protect\n|move|p2a: Miraidon|Volt Switch|p1a: Tornadus\n|-activate|p1a: Tornadus|move: Protect\n|move|p2b: Ogerpon|Wood Hammer|p1b: Kyogre\n|-activate|p1b: Kyogre|move: Protect\n|\n|-weather|RainDance|[upkeep]\n|upkeep\n|turn|2\n|\n|t:|1771968727\n|-terastallize|p1b: Kyogre|Electric\n|move|p2b: Ogerpon|Spiky Shield|p2b: Ogerpon\n|-singleturn|p2b: Ogerpon|move: Protect\n|move|p1a: Tornadus|Tailwind|p1a: Tornadus\n|-sidestart|p1: Zorse Mentality|move: Tailwind\n|move|p1b: Kyogre|Water Spout|p2a: Miraidon|[spread] p2a\n|-activate|p2b: Ogerpon|move: Protect\n|-resisted|p2a: Miraidon\n|-damage|p2a: Miraidon|51/100\n|move|p2a: Miraidon|Volt Switch|p1a: Tornadus\n|-supereffective|p1a: Tornadus\n|-enditem|p1a: Tornadus|Focus Sash\n|-damage|p1a: Tornadus|1/100\n|\n|t:|1771968739\n|switch|p2a: Iron Hands|Iron Hands, L50|100/100|[from] Volt Switch\n|-activate|p2a: Iron Hands|ability: Quark Drive\n|-start|p2a: Iron Hands|quarkdriveatk\n|\n|-weather|RainDance|[upkeep]\n|upkeep\n|turn|3\n|\n|t:|1771968759\n|switch|p2b: Miraidon|Miraidon, L50|51/100\n|-activate|p2b: Miraidon|ability: Hadron Engine\n|move|p2a: Iron Hands|Fake Out|p1b: Kyogre\n|-damage|p1b: Kyogre|79/100\n|move|p1a: Tornadus|Bleakwind Storm|p2a: Iron Hands|[spread] p2a,p2b\n|-resisted|p2b: Miraidon\n|-damage|p2a: Iron Hands|82/100\n|-damage|p2b: Miraidon|38/100\n|-unboost|p2b: Miraidon|spe|1\n|cant|p1b: Kyogre|flinch\n|\n|-weather|RainDance|[upkeep]\n|upkeep\n|turn|4\n|inactive|Zorse Mentality has 30 seconds left.\n|inactive|ConnerTEP has 30 seconds left.\n|inactive|Zorse Mentality has 20 seconds left.\n|inactive|Zorse Mentality has 15 seconds left.\n|\n|t:|1771968801\n|switch|p2b: Groudon|Groudon, L50|100/100\n|-weather|SunnyDay|[from] ability: Drought|[of] p2b: Groudon\n|move|p1a: Tornadus|Rain Dance|p1a: Tornadus\n|-weather|RainDance\n|move|p1b: Kyogre|Water Spout|p2a: Iron Hands|[spread] p2a,p2b\n|-supereffective|p2b: Groudon\n|-crit|p2b: Groudon\n|-damage|p2a: Iron Hands|35/100\n|-damage|p2b: Groudon|0 fnt\n|faint|p2b: Groudon\n|move|p2a: Iron Hands|Low Kick|p1b: Kyogre\n|-damage|p1b: Kyogre|0 fnt\n|faint|p1b: Kyogre\n|\n|-weather|RainDance|[upkeep]\n|upkeep\n|\n|t:|1771968817\n|switch|p1b: Calyrex|Calyrex-Ice, L50|100/100\n|switch|p2b: Miraidon|Miraidon, L50|38/100\n|-ability|p1b: Calyrex|As One\n|-ability|p1b: Calyrex|Unnerve\n|-activate|p2b: Miraidon|ability: Hadron Engine\n|turn|5\n|\n|t:|1771968842\n|-end|p2a: Iron Hands|Quark Drive|[silent]\n|switch|p2a: Ogerpon|Ogerpon-Hearthflame, L50, F|100/100\n|-ability|p2a: Ogerpon|Mold Breaker\n|-terastallize|p2b: Miraidon|Electric\n|move|p1a: Tornadus|Protect|p1a: Tornadus\n|-singleturn|p1a: Tornadus|Protect\n|move|p2b: Miraidon|Electro Drift|p1b: Calyrex\n|-damage|p1b: Calyrex|0 fnt\n|faint|p1b: Calyrex\n|\n|-weather|RainDance|[upkeep]\n|-sideend|p1: Zorse Mentality|move: Tailwind\n|-fieldend|move: Electric Terrain\n|upkeep\n|\n|t:|1771968861\n|switch|p1b: Urshifu|Urshifu, L50, M|100/100\n|turn|6\n|\n|t:|1771968895\n|move|p2a: Ogerpon|Follow Me|p2a: Ogerpon\n|-singleturn|p2a: Ogerpon|move: Follow Me\n|move|p1b: Urshifu|Sucker Punch||[still]\n|-fail|p1b: Urshifu\n|move|p2b: Miraidon|Electro Drift|p1a: Tornadus\n|-supereffective|p1a: Tornadus\n|-damage|p1a: Tornadus|0 fnt\n|faint|p1a: Tornadus\n|\n|-weather|RainDance|[upkeep]\n|upkeep\n|turn|7\n|-message|Zorse Mentality forfeited.\n|\n|win|ConnerTEP\n|raw|Zorse Mentality's rating: 1450 &rarr; <strong>1439</strong><br />(-11 for losing)\n|raw|ConnerTEP's rating: 1627 &rarr; <strong>1638</strong><br />(+11 for winning)\n|l|\u2606Zorse Mentality\n|player|p1|\n|l|\u2606ConnerTEP\n|player|p2|\n","uploadtime":1771969134,"views":13,"formatid":"gen9vgc2026regi","rating":1439,"private":0,"password":null}