{"id":"gen9vgc2026regi-2558680584","format":"[Gen 9] VGC 2026 Reg I","players":["GAPDHD","DLotR"],"log":"|j|\u2606GAPDHD\n|j|\u2606DLotR\n|t:|1773462702\n|gametype|doubles\n|player|p1|GAPDHD|ruinmaniac|1185\n|player|p2|DLotR|hilbert|1119\n|gen|9\n|tier|[Gen 9] VGC 2026 Reg I\n|rated|\n|rule|Species Clause: Limit one of each Pok\u00e9mon\n|rule|Item Clause: Limit 1 of each item\n|clearpoke\n|poke|p1|Lunala, L50|\n|poke|p1|Groudon, L50|\n|poke|p1|Indeedee-F, L50, F|\n|poke|p1|Walking Wake, L50|\n|poke|p1|Urshifu-*, L50, F|\n|poke|p1|Incineroar, L50, F|\n|poke|p2|Groudon, L50|\n|poke|p2|Koraidon, L50|\n|poke|p2|Lilligant-Hisui, L50, F|\n|poke|p2|Walking Wake, L50|\n|poke|p2|Incineroar, L50, M|\n|poke|p2|Flutter Mane, L50|\n|teampreview|4\nGAPDHD has agreed to open team sheets.\nDLotR has agreed to open team sheets.\n|showteam|p1|Lunala||PowerHerb|ShadowShield|MeteorBeam,MoongeistBeam,WideGuard,TrickRoom||||||50|,,,,,Dark]Groudon||ChoiceBand|Drought|PrecipiceBlades,HeatCrash,RockSlide,HighHorsepower||||||50|,,,,,Fairy]Indeedee-F||RockyHelmet|PsychicSurge|FollowMe,HelpingHand,TrickRoom,DazzlingGleam|||F|||50|,,,,,Water]Walking Wake||LifeOrb|Protosynthesis|HydroSteam,DracoMeteor,Protect,Snarl||||||50|,,,,,Water]Urshifu||BlackGlasses|UnseenFist|WickedBlow,SuckerPunch,Detect,CloseCombat|||F|||50|,,,,,Dark]Incineroar||SafetyGoggles|Intimidate|FakeOut,KnockOff,Taunt,FlareBlitz|||F|||50|,,,,,Water\n|showteam|p2|Groudon||ClearAmulet|Drought|PrecipiceBlades,HeatCrash,HighHorsepower,Protect||||||50|,,,,,Fire]Koraidon||LifeOrb|OrichalcumPulse|Protect,FlareBlitz,FlameCharge,CloseCombat||||||50|,,,,,Fire]Lilligant-Hisui||FocusSash|Chlorophyll|SolarBlade,SleepPowder,AfterYou,Protect|||F|||50|,,,,,Ghost]Walking Wake||CovertCloak|Protosynthesis|HydroSteam,DracoMeteor,Flamethrower,Protect||||||50|,,,,,Fire]Incineroar||AssaultVest|Intimidate|FlareBlitz,KnockOff,FakeOut,Uturn|||M|||50|,,,,,Bug]Flutter Mane||ChoiceSpecs|Protosynthesis|IcyWind,ShadowBall,Moonblast,DazzlingGleam||||||50|,,,,,Fairy\n|\n|t:|1773462729\n|teamsize|p1|4\n|teamsize|p2|4\n|start\n|switch|p1a: Lunala|Lunala, L50|100/100\n|switch|p1b: Indeedee|Indeedee-F, L50, F|100/100\n|switch|p2a: Flutter Mane|Flutter Mane, L50|100/100\n|switch|p2b: Delete button|Koraidon, L50|100/100\n|-weather|SunnyDay|[from] ability: Orichalcum Pulse|[of] p2b: Delete button\n|-activate|p2a: Flutter Mane|ability: Protosynthesis\n|-start|p2a: Flutter Mane|protosynthesisspa\n|-activate|p2b: Delete button|Orichalcum Pulse|[source]\n|-fieldstart|move: Psychic Terrain|[from] ability: Psychic Surge|[of] p1b: Indeedee\n|turn|1\n|\n|t:|1773462760\n|-end|p2a: Flutter Mane|Protosynthesis|[silent]\n|switch|p2a: Incineroar|Incineroar, L50, M|100/100\n|-ability|p2a: Incineroar|Intimidate|boost\n|-unboost|p1a: Lunala|atk|1\n|-unboost|p1b: Indeedee|atk|1\n|move|p1b: Indeedee|Follow Me|p1b: Indeedee\n|-singleturn|p1b: Indeedee|move: Follow Me\n|move|p2b: Delete button|Close Combat|p1b: Indeedee\n|-damage|p1b: Indeedee|0 fnt\n|-unboost|p2b: Delete button|def|1\n|-unboost|p2b: Delete button|spd|1\n|-damage|p2b: Delete button|84/100|[from] item: Rocky Helmet|[of] p1b: Indeedee\n|faint|p1b: Indeedee\n|-damage|p2b: Delete button|75/100|[from] item: Life Orb\n|move|p1a: Lunala|Trick Room|p1a: Lunala\n|-fieldstart|move: Trick Room|[of] p1a: Lunala\n|\n|-weather|SunnyDay|[upkeep]\n|upkeep\n|\n|t:|1773462775\n|switch|p1b: Groudon|Groudon, L50|100/100\n|turn|2\n|\n|t:|1773462802\n|-terastallize|p1b: Groudon|Fairy\n|move|p2b: Delete button|Protect|p2b: Delete button\n|-singleturn|p2b: Delete button|Protect\n|move|p2a: Incineroar|Knock Off|p1a: Lunala\n|-supereffective|p1a: Lunala\n|-damage|p1a: Lunala|41/100\n|-enditem|p1a: Lunala|Power Herb|[from] move: Knock Off|[of] p2a: Incineroar\n|move|p1b: Groudon|Precipice Blades|p2b: Delete button|[spread] \n|-activate|p2b: Delete button|move: Protect\n|-miss|p1b: Groudon|p2a: Incineroar\n|move|p1a: Lunala|Meteor Beam||[still]\n|-prepare|p1a: Lunala|Meteor Beam\n|-boost|p1a: Lunala|spa|1\n|\n|-weather|SunnyDay|[upkeep]\n|upkeep\n|turn|3\n|\n|t:|1773462827\n|move|p2a: Incineroar|Knock Off|p1a: Lunala\n|-supereffective|p1a: Lunala\n|-damage|p1a: Lunala|0 fnt\n|faint|p1a: Lunala\n|move|p1b: Groudon|Precipice Blades|p2a: Incineroar|[spread] p2b\n|-miss|p1b: Groudon|p2a: Incineroar\n|-damage|p2b: Delete button|0 fnt\n|faint|p2b: Delete button\n|\n|-weather|SunnyDay|[upkeep]\n|upkeep\n|\n|t:|1773462836\n|switch|p1a: Incineroar|Incineroar, L50, F|100/100\n|switch|p2b: Groudon|Groudon, L50|100/100\n|-ability|p1a: Incineroar|Intimidate|boost\n|-unboost|p2a: Incineroar|atk|1\n|-fail|p2b: Groudon|unboost|[from] item: Clear Amulet|[of] p2b: Groudon\n|turn|4\n|\n|t:|1773462847\n|move|p2b: Groudon|Protect|p2b: Groudon\n|-singleturn|p2b: Groudon|Protect\n|move|p1a: Incineroar|Fake Out|p2b: Groudon\n|-activate|p2b: Groudon|move: Psychic Terrain\n|move|p2a: Incineroar|Flare Blitz|p1b: Groudon\n|-damage|p1b: Groudon|72/100\n|-damage|p2a: Incineroar|91/100|[from] Recoil\n|move|p1b: Groudon|Precipice Blades|p2b: Groudon|[spread] p2a\n|-activate|p2b: Groudon|move: Protect\n|-supereffective|p2a: Incineroar\n|-damage|p2a: Incineroar|0 fnt\n|faint|p2a: Incineroar\n|\n|-weather|SunnyDay|[upkeep]\n|upkeep\n|\n|t:|1773462864\n|switch|p2a: Flutter Mane|Flutter Mane, L50|100/100\n|-activate|p2a: Flutter Mane|ability: Protosynthesis\n|-start|p2a: Flutter Mane|protosynthesisspa\n|turn|5\n|\n|t:|1773462898\n|move|p1a: Incineroar|Flare Blitz|p2b: Groudon\n|-damage|p2b: Groudon|39/100\n|-damage|p1a: Incineroar|81/100|[from] Recoil\n|move|p1b: Groudon|Precipice Blades|p2b: Groudon|[spread] p2a,p2b\n|-damage|p2a: Flutter Mane|0 fnt\n|-damage|p2b: Groudon|0 fnt\n|faint|p2a: Flutter Mane\n|-end|p2a: Flutter Mane|Protosynthesis|[silent]\n|faint|p2b: Groudon\n|\n|win|GAPDHD\n|raw|GAPDHD's rating: 1185 &rarr; <strong>1205</strong><br />(+20 for winning)\n|raw|DLotR's rating: 1119 &rarr; <strong>1099</strong><br />(-20 for losing)\n|l|\u2606DLotR\n|player|p2|\n|l|\u2606GAPDHD\n|player|p1|\n","uploadtime":1773463286,"views":13,"formatid":"gen9vgc2026regi","rating":1099,"private":0,"password":null}