{"id":"gen9vgc2026regi-2566749843","format":"[Gen 9] VGC 2026 Reg I","players":["finalbossbackwiper","987w"],"log":"|j|\u2606finalbossbackwiper\n|j|\u2606987w\n|t:|1774404887\n|gametype|doubles\n|player|p1|finalbossbackwiper|170|1415\n|player|p2|987w|lacey|1461\n|gen|9\n|tier|[Gen 9] VGC 2026 Reg I\n|rated|\n|rule|Species Clause: Limit one of each Pok\u00e9mon\n|rule|Item Clause: Limit 1 of each item\n|clearpoke\n|poke|p1|Zacian-*, L50|\n|poke|p1|Rillaboom, L50, F|\n|poke|p1|Farigiraf, L50, F|\n|poke|p1|Iron Moth, L50|\n|poke|p1|Urshifu-*, L50, F|\n|poke|p1|Groudon, L50|\n|poke|p2|Calyrex-Shadow, L50|\n|poke|p2|Zamazenta-*, L50|\n|poke|p2|Incineroar, L50, M|\n|poke|p2|Amoonguss, L50, F|\n|poke|p2|Chien-Pao, L50|\n|poke|p2|Raging Bolt, L50|\n|teampreview|4\n|inactive|Battle timer is ON: inactive players will automatically lose when time's up. (requested by finalbossbackwiper)\n|inactive|finalbossbackwiper has 60 seconds left.\n|inactive|finalbossbackwiper has 30 seconds left.\n|inactive|finalbossbackwiper has 20 seconds left.\n|inactive|finalbossbackwiper has 15 seconds left.\n|inactive|finalbossbackwiper has 10 seconds left.\n|\n|t:|1774404974\n|teamsize|p1|4\n|teamsize|p2|4\n|start\n|switch|p1a: Rillaboom|Rillaboom, L50, F|100/100\n|switch|p1b: Farigiraf|Farigiraf, L50, F|100/100\n|switch|p2a: Zamazenta|Zamazenta-Crowned, L50|100/100\n|switch|p2b: Incineroar|Incineroar, L50, M|100/100\n|-ability|p2a: Zamazenta|Dauntless Shield|boost\n|-boost|p2a: Zamazenta|def|1\n|-fieldstart|move: Grassy Terrain|[from] ability: Grassy Surge|[of] p1a: Rillaboom\n|-ability|p2b: Incineroar|Intimidate|boost\n|-unboost|p1a: Rillaboom|atk|1\n|-unboost|p1b: Farigiraf|atk|1\n|turn|1\n|\n|t:|1774404990\n|switch|p1b: Zacian|Zacian-Crowned, L50|100/100\n|-ability|p1b: Zacian|Intrepid Sword|boost\n|-boost|p1b: Zacian|atk|1\n|move|p1a: Rillaboom|Fake Out|p2a: Zamazenta\n|-resisted|p2a: Zamazenta\n|-damage|p2a: Zamazenta|99/100\n|cant|p2a: Zamazenta|flinch\n|move|p2b: Incineroar|Knock Off|p1b: Zacian\n|-resisted|p1b: Zacian\n|-damage|p1b: Zacian|89/100\n|\n|-heal|p1b: Zacian|95/100|[from] Grassy Terrain\n|-heal|p2a: Zamazenta|100/100|[from] Grassy Terrain\n|upkeep\n|turn|2\n|\n|t:|1774405010\n|move|p2a: Zamazenta|Protect|p2a: Zamazenta\n|-singleturn|p2a: Zamazenta|Protect\n|move|p1b: Zacian|Sacred Sword|p2a: Zamazenta\n|-activate|p2a: Zamazenta|move: Protect\n|move|p1a: Rillaboom|U-turn|p2b: Incineroar\n|-damage|p2b: Incineroar|87/100\n|\n|t:|1774405013\n|switch|p1a: Urshifu|Urshifu, L50, F|100/100|[from] U-turn\n|move|p2b: Incineroar|Parting Shot|p1b: Zacian\n|-unboost|p1b: Zacian|atk|1\n|-unboost|p1b: Zacian|spa|1\n|\n|t:|1774405031\n|switch|p2b: Calyrex|Calyrex-Shadow, L50|100/100|[from] Parting Shot\n|-ability|p2b: Calyrex|As One\n|-ability|p2b: Calyrex|Unnerve\n|\n|-heal|p1b: Zacian|100/100|[from] Grassy Terrain\n|upkeep\n|turn|3\n|inactive|finalbossbackwiper has 30 seconds left.\n|\n|t:|1774405057\n|-terastallize|p2b: Calyrex|Dark\n|move|p2b: Calyrex|Astral Barrage|p1a: Urshifu|[spread] p1a,p1b\n|-resisted|p1a: Urshifu\n|-damage|p1a: Urshifu|45/100\n|-damage|p1b: Zacian|33/100\n|-damage|p2b: Calyrex|91/100|[from] item: Life Orb\n|move|p1b: Zacian|Swords Dance|p1b: Zacian\n|-boost|p1b: Zacian|atk|2\n|move|p2a: Zamazenta|Body Press|p1a: Urshifu\n|-supereffective|p1a: Urshifu\n|-damage|p1a: Urshifu|0 fnt\n|faint|p1a: Urshifu\n|\n|-heal|p2b: Calyrex|97/100|[from] Grassy Terrain\n|-heal|p1b: Zacian|39/100|[from] Grassy Terrain\n|upkeep\n|\n|t:|1774405062\n|switch|p1a: Rillaboom|Rillaboom, L50, F|100/100\n|turn|4\n|\n|t:|1774405083\n|switch|p2b: Incineroar|Incineroar, L50, M|87/100\n|-ability|p2b: Incineroar|Intimidate|boost\n|-unboost|p1a: Rillaboom|atk|1\n|-unboost|p1b: Zacian|atk|1\n|move|p2a: Zamazenta|Protect|p2a: Zamazenta\n|-singleturn|p2a: Zamazenta|Protect\n|move|p1a: Rillaboom|Fake Out|p2b: Incineroar\n|-damage|p2b: Incineroar|79/100\n|move|p1b: Zacian|Sacred Sword|p2a: Zamazenta\n|-activate|p2a: Zamazenta|move: Protect\n|\n|-heal|p1b: Zacian|45/100|[from] Grassy Terrain\n|-heal|p2b: Incineroar|85/100|[from] Grassy Terrain\n|upkeep\n|turn|5\n|\n|t:|1774405092\n|switch|p1a: Farigiraf|Farigiraf, L50, F|100/100\n|-terastallize|p1b: Zacian|Fighting\n|move|p1b: Zacian|Sacred Sword|p2a: Zamazenta\n|-supereffective|p2a: Zamazenta\n|-damage|p2a: Zamazenta|9/100\n|move|p2a: Zamazenta|Body Press|p1a: Farigiraf\n|-damage|p1a: Farigiraf|35/100\n|move|p2b: Incineroar|Parting Shot|p1b: Zacian\n|-unboost|p1b: Zacian|atk|1\n|-unboost|p1b: Zacian|spa|1\n|\n|t:|1774405105\n|switch|p2b: Calyrex|Calyrex-Shadow, L50, tera:Dark|97/100|[from] Parting Shot\n|-ability|p2b: Calyrex|As One\n|-ability|p2b: Calyrex|Unnerve\n|\n|-heal|p2b: Calyrex|100/100|[from] Grassy Terrain\n|-heal|p1b: Zacian|51/100|[from] Grassy Terrain\n|-heal|p2a: Zamazenta|15/100|[from] Grassy Terrain\n|-heal|p1a: Farigiraf|41/100|[from] Grassy Terrain\n|-fieldend|move: Grassy Terrain\n|upkeep\n|turn|6\n|\n|t:|1774405113\n|switch|p1b: Rillaboom|Rillaboom, L50, F|100/100\n|-fieldstart|move: Grassy Terrain|[from] ability: Grassy Surge|[of] p1b: Rillaboom\n|move|p1a: Farigiraf|Protect|p1a: Farigiraf\n|-singleturn|p1a: Farigiraf|Protect\n|move|p2b: Calyrex|Astral Barrage|p1b: Rillaboom|[spread] p1b\n|-activate|p1a: Farigiraf|move: Protect\n|-damage|p1b: Rillaboom|53/100\n|-damage|p2b: Calyrex|91/100|[from] item: Life Orb\n|move|p2a: Zamazenta|Body Press|p1a: Farigiraf\n|-activate|p1a: Farigiraf|move: Protect\n|\n|-heal|p2b: Calyrex|97/100|[from] Grassy Terrain\n|-heal|p2a: Zamazenta|21/100|[from] Grassy Terrain\n|-heal|p1b: Rillaboom|58/100|[from] Grassy Terrain\n|-heal|p1a: Farigiraf|47/100|[from] Grassy Terrain\n|upkeep\n|turn|7\n|\n|t:|1774405136\n|move|p2b: Calyrex|Protect|p2b: Calyrex\n|-singleturn|p2b: Calyrex|Protect\n|move|p2a: Zamazenta|Protect|p2a: Zamazenta\n|-singleturn|p2a: Zamazenta|Protect\n|move|p1b: Rillaboom|Wood Hammer|p2b: Calyrex\n|-activate|p2b: Calyrex|move: Protect\n|move|p1a: Farigiraf|Trick Room|p1a: Farigiraf\n|-fieldstart|move: Trick Room|[of] p1a: Farigiraf\n|\n|-heal|p1a: Farigiraf|53/100|[from] Grassy Terrain\n|-heal|p1b: Rillaboom|64/100|[from] Grassy Terrain\n|-heal|p2a: Zamazenta|28/100|[from] Grassy Terrain\n|-heal|p2b: Calyrex|100/100|[from] Grassy Terrain\n|upkeep\n|turn|8\n|\n|t:|1774405149\n|switch|p2b: Amoonguss|Amoonguss, L50, F|100/100\n|move|p1a: Farigiraf|Psychic|p2a: Zamazenta\n|-crit|p2a: Zamazenta\n|-damage|p2a: Zamazenta|0 fnt\n|faint|p2a: Zamazenta\n|move|p1b: Rillaboom|U-turn|p2b: Amoonguss\n|-damage|p2b: Amoonguss|82/100\n|-damage|p1b: Rillaboom|48/100|[from] item: Rocky Helmet|[of] p2b: Amoonguss\n|\n|t:|1774405151\n|switch|p1b: Zacian|Zacian-Crowned, L50, tera:Fighting|51/100|[from] U-turn\n|\n|-heal|p2b: Amoonguss|88/100|[from] Grassy Terrain\n|-heal|p1a: Farigiraf|59/100|[from] Grassy Terrain\n|-heal|p1b: Zacian|57/100|[from] Grassy Terrain\n|upkeep\n|\n|t:|1774405156\n|switch|p2a: Incineroar|Incineroar, L50, M|85/100\n|-ability|p2a: Incineroar|Intimidate|boost\n|-unboost|p1a: Farigiraf|atk|1\n|-unboost|p1b: Zacian|atk|1\n|turn|9\n|\n|t:|1774405168\n|switch|p1a: Rillaboom|Rillaboom, L50, F|48/100\n|move|p2b: Amoonguss|Spore|p1b: Zacian\n|-status|p1b: Zacian|slp|[from] move: Spore\n|move|p2a: Incineroar|Knock Off|p1a: Rillaboom\n|-damage|p1a: Rillaboom|13/100\n|-enditem|p1a: Rillaboom|Assault Vest|[from] move: Knock Off|[of] p2a: Incineroar\n|cant|p1b: Zacian|slp\n|\n|-heal|p2b: Amoonguss|94/100|[from] Grassy Terrain\n|-heal|p2a: Incineroar|91/100|[from] Grassy Terrain\n|-heal|p1a: Rillaboom|19/100|[from] Grassy Terrain\n|-heal|p1b: Zacian|63/100 slp|[from] Grassy Terrain\n|upkeep\n|turn|10\n|\n|t:|1774405185\n|move|p1a: Rillaboom|Fake Out|p2a: Incineroar\n|-damage|p2a: Incineroar|78/100\n|move|p2b: Amoonguss|Pollen Puff|p1a: Rillaboom\n|-supereffective|p1a: Rillaboom\n|-damage|p1a: Rillaboom|0 fnt\n|faint|p1a: Rillaboom\n|move|p2a: Incineroar|Parting Shot|p1b: Zacian\n|-unboost|p1b: Zacian|atk|1\n|-unboost|p1b: Zacian|spa|1\n|\n|t:|1774405190\n|switch|p2a: Calyrex|Calyrex-Shadow, L50, tera:Dark|100/100|[from] Parting Shot\n|-ability|p2a: Calyrex|As One\n|-ability|p2a: Calyrex|Unnerve\n|-curestatus|p1b: Zacian|slp|[msg]\n|move|p1b: Zacian|Swords Dance|p1b: Zacian\n|-boost|p1b: Zacian|atk|2\n|\n|-heal|p2b: Amoonguss|99/100|[from] Grassy Terrain\n|-heal|p1b: Zacian|69/100|[from] Grassy Terrain\n|-fieldend|move: Grassy Terrain\n|upkeep\n|\n|t:|1774405192\n|switch|p1a: Farigiraf|Farigiraf, L50, F|59/100\n|turn|11\n|-message|finalbossbackwiper forfeited.\n|\n|win|987w\n|raw|finalbossbackwiper's rating: 1415 &rarr; <strong>1398</strong><br />(-17 for losing)\n|raw|987w's rating: 1461 &rarr; <strong>1478</strong><br />(+17 for winning)\n","uploadtime":1774405196,"views":16,"formatid":"gen9vgc2026regi","rating":1398,"private":0,"password":null}