{"id":"gen9vgc2026regi-2538003998","format":"[Gen 9] VGC 2026 Reg I","players":["TheManOfSausage","thecheekymeek"],"log":"|j|\u2606TheManOfSausage\n|j|\u2606thecheekymeek\n|t:|1770876040\n|gametype|doubles\n|player|p1|TheManOfSausage|miku-water|1342\n|player|p2|thecheekymeek|2|1478\n|gen|9\n|tier|[Gen 9] VGC 2026 Reg I\n|rated|\n|rule|Species Clause: Limit one of each Pok\u00e9mon\n|rule|Item Clause: Limit 1 of each item\n|clearpoke\n|poke|p1|Calyrex-Shadow, L50|\n|poke|p1|Koraidon, L50|\n|poke|p1|Weezing-Galar, L50, M|\n|poke|p1|Walking Wake, L50|\n|poke|p1|Raging Bolt, L50|\n|poke|p1|Landorus-Therian, L50, M|\n|poke|p2|Calyrex-Shadow, L50|\n|poke|p2|Zamazenta-*, L50|\n|poke|p2|Chien-Pao, L50|\n|poke|p2|Raging Bolt, L50|\n|poke|p2|Amoonguss, L50, F|\n|poke|p2|Ting-Lu, L50|\n|teampreview|4\n|inactive|Battle timer is ON: inactive players will automatically lose when time's up. (requested by thecheekymeek)\n|\n|t:|1770876068\n|teamsize|p1|4\n|teamsize|p2|4\n|start\n|switch|p1a: Koraidon|Koraidon, L50|100/100\n|switch|p1b: im crine|Weezing-Galar, L50, M|100/100\n|switch|p2a: Calyrex|Calyrex-Shadow, L50|100/100\n|switch|p2b: Amoonguss|Amoonguss, L50, F|100/100\n|-ability|p1b: im crine|Neutralizing Gas\n|-block|p1a: Koraidon|item: Ability Shield\n|-ability|p2a: Calyrex|As One\n|-ability|p2a: Calyrex|Unnerve\n|-weather|SunnyDay|[from] ability: Orichalcum Pulse|[of] p1a: Koraidon\n|-activate|p1a: Koraidon|Orichalcum Pulse|[source]\n|turn|1\n|\n|t:|1770876087\n|-terastallize|p1a: Koraidon|Fire\n|-terastallize|p2b: Amoonguss|Water\n|move|p1b: im crine|Protect|p1b: im crine\n|-singleturn|p1b: im crine|Protect\n|move|p2a: Calyrex|Astral Barrage|p1a: Koraidon|[spread] p1a\n|-activate|p1b: im crine|move: Protect\n|-damage|p1a: Koraidon|49/100\n|move|p1a: Koraidon|Flame Charge|p2b: Amoonguss\n|-resisted|p2b: Amoonguss\n|-damage|p2b: Amoonguss|75/100\n|-boost|p1a: Koraidon|spe|1\n|-damage|p1a: Koraidon|33/100|[from] item: Rocky Helmet|[of] p2b: Amoonguss\n|move|p2b: Amoonguss|Spore|p1a: Koraidon\n|-status|p1a: Koraidon|slp|[from] move: Spore\n|\n|-weather|SunnyDay|[upkeep]\n|upkeep\n|turn|2\n|\n|t:|1770876107\n|switch|p2b: Raging Bolt|Raging Bolt, L50|100/100\n|cant|p1a: Koraidon|slp\n|move|p2a: Calyrex|Psychic|p1b: im crine\n|-supereffective|p1b: im crine\n|-damage|p1b: im crine|0 fnt\n|faint|p1b: im crine\n|-end|p1b: im crine|ability: Neutralizing Gas\n|-activate|p2b: Raging Bolt|ability: Protosynthesis\n|-start|p2b: Raging Bolt|protosynthesisspa\n|-ability|p2a: Calyrex|Grim Neigh|boost\n|-boost|p2a: Calyrex|spa|1\n|\n|-weather|SunnyDay|[upkeep]\n|upkeep\n|\n|t:|1770876125\n|switch|p1b: Rice Shower|Calyrex-Shadow, L50|100/100\n|-ability|p1b: Rice Shower|As One\n|-ability|p1b: Rice Shower|Unnerve\n|turn|3\n|\n|t:|1770876135\n|-curestatus|p1a: Koraidon|slp|[msg]\n|move|p1a: Koraidon|Protect|p1a: Koraidon\n|-singleturn|p1a: Koraidon|Protect\n|move|p2b: Raging Bolt|Thunderclap||[still]\n|-fail|p2b: Raging Bolt\n|move|p2a: Calyrex|Astral Barrage|p1b: Rice Shower|[spread] p1b\n|-activate|p1a: Koraidon|move: Protect\n|-supereffective|p1b: Rice Shower\n|-enditem|p1b: Rice Shower|Focus Sash\n|-damage|p1b: Rice Shower|1/100\n|move|p1b: Rice Shower|Astral Barrage|p2a: Calyrex|[spread] p2a,p2b\n|-supereffective|p2a: Calyrex\n|-enditem|p2a: Calyrex|Focus Sash\n|-damage|p2a: Calyrex|1/100\n|-damage|p2b: Raging Bolt|53/100\n|\n|-weather|SunnyDay|[upkeep]\n|upkeep\n|turn|4\n|inactive|thecheekymeek has 30 seconds left.\n|\n|t:|1770876166\n|move|p2b: Raging Bolt|Thunderclap|p1b: Rice Shower\n|-damage|p1b: Rice Shower|0 fnt\n|faint|p1b: Rice Shower\n|move|p1a: Koraidon|Flame Charge|p2a: Calyrex\n|-damage|p2a: Calyrex|0 fnt\n|-boost|p1a: Koraidon|spe|1\n|faint|p2a: Calyrex\n|\n|-weather|SunnyDay|[upkeep]\n|upkeep\n|\n|t:|1770876175\n|switch|p2a: Amoonguss|Amoonguss, L50, F, tera:Water|75/100\n|switch|p1b: Walking Wake|Walking Wake, L50|100/100\n|-activate|p1b: Walking Wake|ability: Protosynthesis\n|-start|p1b: Walking Wake|protosynthesisspe\n|turn|5\n|\n|t:|1770876189\n|move|p2a: Amoonguss|Rage Powder|p2a: Amoonguss\n|-singleturn|p2a: Amoonguss|move: Rage Powder\n|move|p1a: Koraidon|Collision Course|p2a: Amoonguss\n|-damage|p2a: Amoonguss|18/100\n|-damage|p1a: Koraidon|16/100|[from] item: Rocky Helmet|[of] p2a: Amoonguss\n|move|p1b: Walking Wake|Dragon Pulse|p2a: Amoonguss\n|-damage|p2a: Amoonguss|0 fnt\n|faint|p2a: Amoonguss\n|-damage|p1b: Walking Wake|91/100|[from] item: Life Orb\n|move|p2b: Raging Bolt|Thunderbolt|p1b: Walking Wake\n|-damage|p1b: Walking Wake|2/100\n|-status|p1b: Walking Wake|par\n|\n|-weather|none\n|-end|p1b: Walking Wake|Protosynthesis\n|-end|p2b: Raging Bolt|Protosynthesis\n|upkeep\n|-message|TheManOfSausage forfeited.\n|\n|win|thecheekymeek\n|raw|TheManOfSausage's rating: 1342 &rarr; <strong>1329</strong><br />(-13 for losing)\n|raw|thecheekymeek's rating: 1478 &rarr; <strong>1491</strong><br />(+13 for winning)\n|l|\u2606TheManOfSausage\n|player|p1|\n|l|\u2606thecheekymeek\n|player|p2|\n","uploadtime":1770876388,"views":11,"formatid":"gen9vgc2026regi","rating":1329,"private":0,"password":null}