{"id":"gen9vgc2026regi-2560463957","format":"[Gen 9] VGC 2026 Reg I","players":["marcxhenry","KilamanolaVGC"],"log":"|j|\u2606marcxhenry\n|j|\u203dKilamanolaVGC\n|t:|1773689619\n|gametype|doubles\n|player|p1|marcxhenry|hilbert-wonderlauncher|1355\n|player|p2|KilamanolaVGC|benga|1402\n|gen|9\n|tier|[Gen 9] VGC 2026 Reg I\n|rated|\n|rule|Species Clause: Limit one of each Pok\u00e9mon\n|rule|Item Clause: Limit 1 of each item\n|clearpoke\n|poke|p1|Calyrex-Shadow, L50|\n|poke|p1|Urshifu-*, L50, M|\n|poke|p1|Roaring Moon, L50|\n|poke|p1|Kyogre, L50|\n|poke|p1|Tsareena, L50, F|\n|poke|p1|Kingambit, L50, M|\n|poke|p2|Miraidon, L50|\n|poke|p2|Lunala, L50|\n|poke|p2|Urshifu-*, L50, M|\n|poke|p2|Incineroar, L50, M|\n|poke|p2|Whimsicott, L50, F|\n|poke|p2|Ursaluna, L50, M|\n|teampreview|4\n|inactive|Battle timer is ON: inactive players will automatically lose when time's up. (requested by KilamanolaVGC)\nKilamanolaVGC has agreed to open team sheets.\n|inactive|KilamanolaVGC has 60 seconds left.\n|\n|t:|1773689657\n|teamsize|p1|4\n|teamsize|p2|4\n|start\n|switch|p1a: Tripitz|Kyogre, L50, shiny|100/100\n|switch|p1b: Hitmonshe|Tsareena, L50, F, shiny|100/100\n|switch|p2a: Whimsicott|Whimsicott, L50, F, shiny|100/100\n|switch|p2b: Urshifu|Urshifu-Rapid-Strike, L50, M|100/100\n|-weather|RainDance|[from] ability: Drizzle|[of] p1a: Tripitz\n|turn|1\n|\n|t:|1773689675\n|-terastallize|p2b: Urshifu|Ghost\n|move|p2a: Whimsicott|Light Screen|p2a: Whimsicott\n|-sidestart|p2: KilamanolaVGC|move: Light Screen\n|move|p2b: Urshifu|Surging Strikes|p1a: Tripitz\n|-resisted|p1a: Tripitz\n|-crit|p1a: Tripitz\n|-damage|p1a: Tripitz|73/100\n|-resisted|p1a: Tripitz\n|-crit|p1a: Tripitz\n|-damage|p1a: Tripitz|47/100\n|-resisted|p1a: Tripitz\n|-crit|p1a: Tripitz\n|-damage|p1a: Tripitz|18/100\n|-hitcount|p1a: Tripitz|3\n|move|p1a: Tripitz|Origin Pulse|p2b: Urshifu|[spread] p2b\n|-miss|p1a: Tripitz|p2a: Whimsicott\n|-damage|p2b: Urshifu|10/100\n|move|p1b: Hitmonshe|Power Whip|p2b: Urshifu\n|-damage|p2b: Urshifu|0 fnt\n|faint|p2b: Urshifu\n|\n|-weather|RainDance|[upkeep]\n|upkeep\n|inactive|KilamanolaVGC has 30 seconds left.\n|\n|t:|1773689701\n|switch|p2b: Miraidon|Miraidon, L50|100/100\n|-fieldstart|move: Electric Terrain|[from] ability: Hadron Engine|[of] p2b: Miraidon\n|turn|2\n|\n|t:|1773689706\n|move|p1a: Tripitz|Protect|p1a: Tripitz\n|-singleturn|p1a: Tripitz|Protect\n|move|p2b: Miraidon|Draco Meteor|p1b: Hitmonshe\n|-damage|p1b: Hitmonshe|0 fnt\n|-unboost|p2b: Miraidon|spa|2\n|faint|p1b: Hitmonshe\n|move|p2a: Whimsicott|Moonblast|p1a: Tripitz\n|-activate|p1a: Tripitz|move: Protect\n|\n|-weather|RainDance|[upkeep]\n|upkeep\n|\n|t:|1773689717\n|switch|p1b: Hermann|Kingambit, L50, M, shiny|100/100\n|turn|3\n|\n|t:|1773689742\n|switch|p2b: Lunala|Lunala, L50|100/100\n|-enditem|p2b: Lunala|Electric Seed\n|-boost|p2b: Lunala|def|1|[from] item: Electric Seed\n|move|p1a: Tripitz|Origin Pulse|p2b: Lunala|[spread] p2a,p2b\n|-resisted|p2a: Whimsicott\n|-damage|p2a: Whimsicott|65/100\n|-damage|p2b: Lunala|82/100\n|move|p2a: Whimsicott|Moonblast|p1a: Tripitz\n|-damage|p1a: Tripitz|0 fnt\n|faint|p1a: Tripitz\n|move|p1b: Hermann|Kowtow Cleave|p2b: Lunala\n|-supereffective|p2b: Lunala\n|-damage|p2b: Lunala|0 fnt\n|faint|p2b: Lunala\n|\n|-weather|RainDance|[upkeep]\n|upkeep\n|c|\u2606marcxhenry|are you a youtuber\n|\n|t:|1773689757\n|switch|p1a: Ludwig|Calyrex-Shadow, L50|100/100\n|switch|p2b: Miraidon|Miraidon, L50|100/100\n|-ability|p1a: Ludwig|As One\n|-ability|p1a: Ludwig|Unnerve\n|-activate|p2b: Miraidon|ability: Hadron Engine\n|turn|4\n|inactive|marcxhenry has 30 seconds left.\n|\n|t:|1773689785\n|-terastallize|p1b: Hermann|Grass\n|move|p1a: Ludwig|Protect|p1a: Ludwig\n|-singleturn|p1a: Ludwig|Protect\n|move|p2a: Whimsicott|Tailwind|p2a: Whimsicott\n|-sidestart|p2: KilamanolaVGC|move: Tailwind\n|move|p2b: Miraidon|Electro Drift|p1b: Hermann\n|-resisted|p1b: Hermann\n|-damage|p1b: Hermann|56/100\n|move|p1b: Hermann|Kowtow Cleave|p2b: Miraidon\n|-damage|p2b: Miraidon|53/100\n|\n|-weather|RainDance|[upkeep]\n|upkeep\n|turn|5\n|inactive|marcxhenry has 30 seconds left.\n|\n|t:|1773689811\n|move|p2a: Whimsicott|Encore|p1a: Ludwig\n|-start|p1a: Ludwig|Encore\n|move|p2b: Miraidon|Electro Drift|p1b: Hermann\n|-resisted|p1b: Hermann\n|-crit|p1b: Hermann\n|-damage|p1b: Hermann|0 fnt\n|faint|p1b: Hermann\n|move|p1a: Ludwig|Protect|p1a: Ludwig\n|-singleturn|p1a: Ludwig|Protect\n|\n|-weather|none\n|-sideend|p2: KilamanolaVGC|move: Light Screen\n|upkeep\n|turn|6\n|c|\u2606marcxhenry|sure a crit\n|c|\u2606marcxhenry|what else\n|-message|marcxhenry forfeited.\n|\n|win|KilamanolaVGC\n|raw|marcxhenry's rating: 1355 &rarr; <strong>1338</strong><br />(-17 for losing)\n|raw|KilamanolaVGC's rating: 1402 &rarr; <strong>1419</strong><br />(+17 for winning)\n|l|\u2606marcxhenry\n|player|p1|\n|l|\u203dKilamanolaVGC\n|player|p2|\n","uploadtime":1773689857,"views":18,"formatid":"gen9vgc2026regi","rating":1338,"private":0,"password":null}