{"id":"gen9vgc2026regi-2549998473","format":"[Gen 9] VGC 2026 Reg I","players":["I\u2764\ufe0f\u5a1c\u7984forever","Edbbbb"],"log":"|j|\u2606I\u2764\ufe0f\u5a1c\u7984forever\n|j|\u2606Edbbbb\n|t:|1772439085\n|gametype|doubles\n|player|p1|I\u2764\ufe0f\u5a1c\u7984forever|youngcouple-gen4dp|1408\n|player|p2|Edbbbb|swimmerf-gen4dp|1408\n|gen|9\n|tier|[Gen 9] VGC 2026 Reg I\n|rated|\n|rule|Species Clause: Limit one of each Pok\u00e9mon\n|rule|Item Clause: Limit 1 of each item\n|clearpoke\n|poke|p1|Groudon, L50|\n|poke|p1|Kyurem-White, L50|\n|poke|p1|Heatran, L50, F|\n|poke|p1|Whimsicott, L50, F|\n|poke|p1|Roaring Moon, L50|\n|poke|p1|Ditto, L50|\n|poke|p2|Calyrex-Shadow, L50|\n|poke|p2|Clefairy, L50, F|\n|poke|p2|Annihilape, L50, M|\n|poke|p2|Tornadus, L50, M|\n|poke|p2|Rayquaza, L50|\n|poke|p2|Smeargle, L50, F|\n|teampreview|4\n|\n|t:|1772439170\n|teamsize|p1|4\n|teamsize|p2|4\n|start\n|switch|p1a: Whimsicott|Whimsicott, L50, F|100/100\n|switch|p1b: Kyurem|Kyurem-White, L50|100/100\n|switch|p2a: Rayquaza|Rayquaza, L50, shiny|100/100\n|switch|p2b: Smeargle|Smeargle, L50, F, shiny|100/100\n|-ability|p2a: Rayquaza|Air Lock\n|-ability|p1b: Kyurem|Turboblaze\n|turn|1\n|\n|t:|1772439178\n|move|p2b: Smeargle|Fake Out|p1b: Kyurem\n|-damage|p1b: Kyurem|96/100\n|move|p1a: Whimsicott|Energy Ball|p2b: Smeargle\n|-damage|p2b: Smeargle|28/100\n|move|p2a: Rayquaza|Swords Dance|p2a: Rayquaza\n|-boost|p2a: Rayquaza|atk|2\n|cant|p1b: Kyurem|flinch\n|\n|-ability|p2b: Smeargle|Moody|boost\n|-boost|p2b: Smeargle|spa|2\n|-unboost|p2b: Smeargle|def|1\n|upkeep\n|turn|2\n|\n|t:|1772439198\n|move|p2a: Rayquaza|Protect|p2a: Rayquaza\n|-singleturn|p2a: Rayquaza|Protect\n|move|p1a: Whimsicott|Tailwind|p1a: Whimsicott\n|-sidestart|p1: I\u2764\ufe0f\u5a1c\u7984forever|move: Tailwind\n|move|p1b: Kyurem|Blizzard|p2a: Rayquaza|[spread] p2b\n|-activate|p2a: Rayquaza|move: Protect\n|-damage|p2b: Smeargle|0 fnt\n|faint|p2b: Smeargle\n|\n|upkeep\n|\n|t:|1772439208\n|switch|p2b: Clefairy|Clefairy, L50, F, shiny|100/100\n|turn|3\n|\n|t:|1772439215\n|-terastallize|p2a: Rayquaza|Normal\n|move|p2b: Clefairy|Helping Hand|p2a: Rayquaza\n|-singleturn|p2a: Rayquaza|Helping Hand|[of] p2b: Clefairy\n|move|p2a: Rayquaza|Extreme Speed|p1b: Kyurem\n|-damage|p1b: Kyurem|0 fnt\n|faint|p1b: Kyurem\n|move|p1a: Whimsicott|Endeavor|p2b: Clefairy\n|-damage|p2b: Clefairy|68/100\n|\n|upkeep\n|\n|t:|1772439224\n|switch|p1b: Ditto|Ditto, L50|100/100\n|-transform|p1b: Ditto|p2a: Rayquaza|[from] ability: Imposter\n|-start|p1b: Ditto|typechange|Dragon/Flying|[silent]\n|turn|4\n|\n|t:|1772439238\n|switch|p2b: Calyrex|Calyrex-Shadow, L50|100/100\n|-ability|p2b: Calyrex|As One\n|-ability|p2b: Calyrex|Unnerve\n|move|p1b: Ditto|Protect|p1b: Ditto\n|-singleturn|p1b: Ditto|Protect\n|move|p2a: Rayquaza|Protect|p2a: Rayquaza\n|-singleturn|p2a: Rayquaza|Protect\n|move|p1a: Whimsicott|Energy Ball|p2b: Calyrex\n|-damage|p2b: Calyrex|62/100\n|\n|upkeep\n|turn|5\n|\n|t:|1772439259\n|move|p1b: Ditto|Extreme Speed|p2a: Rayquaza\n|-damage|p2a: Rayquaza|37/100\n|move|p2a: Rayquaza|Extreme Speed|p1b: Ditto\n|-damage|p1b: Ditto|0 fnt\n|faint|p1b: Ditto\n|move|p2b: Calyrex|Astral Barrage|p1a: Whimsicott\n|-enditem|p1a: Whimsicott|Focus Sash\n|-damage|p1a: Whimsicott|1/100\n|move|p1a: Whimsicott|Trick Room|p1a: Whimsicott\n|-fieldstart|move: Trick Room|[of] p1a: Whimsicott\n|\n|-sideend|p1: I\u2764\ufe0f\u5a1c\u7984forever|move: Tailwind\n|upkeep\n|\n|t:|1772439268\n|switch|p1b: Groudon|Groudon, L50|100/100\n|-weather|SunnyDay|[from] ability: Drought|[of] p1b: Groudon\n|turn|6\n|\n|t:|1772439274\n|move|p2a: Rayquaza|Protect|p2a: Rayquaza\n|-singleturn|p2a: Rayquaza|Protect\n|move|p1b: Groudon|Precipice Blades|p2a: Rayquaza|[spread] p2b\n|-activate|p2a: Rayquaza|move: Protect\n|-damage|p2b: Calyrex|0 fnt\n|faint|p2b: Calyrex\n|move|p1a: Whimsicott|Energy Ball|p2a: Rayquaza\n|-activate|p2a: Rayquaza|move: Protect\n|\n|-weather|SunnyDay|[upkeep]\n|upkeep\n|\n|t:|1772439283\n|switch|p2b: Clefairy|Clefairy, L50, F, shiny|68/100\n|turn|7\n|\n|t:|1772439303\n|-terastallize|p1a: Whimsicott|Ghost\n|move|p2b: Clefairy|Helping Hand|p2a: Rayquaza\n|-singleturn|p2a: Rayquaza|Helping Hand|[of] p2b: Clefairy\n|move|p2a: Rayquaza|Extreme Speed|p1b: Groudon\n|-damage|p1b: Groudon|0 fnt\n|faint|p1b: Groudon\n|move|p1a: Whimsicott|Endeavor|p2b: Clefairy\n|-damage|p2b: Clefairy|1/100\n|\n|-weather|SunnyDay|[upkeep]\n|upkeep\n|turn|8\n|\n|t:|1772439315\n|move|p2b: Clefairy|After You|p2a: Rayquaza\n|-activate|p2a: Rayquaza|move: After You\n|move|p2a: Rayquaza|Dragon Ascent|p1a: Whimsicott\n|-damage|p1a: Whimsicott|0 fnt\n|-unboost|p2a: Rayquaza|def|1\n|-unboost|p2a: Rayquaza|spd|1\n|faint|p1a: Whimsicott\n|\n|win|Edbbbb\n|raw|I\u2764\ufe0f\u5a1c\u7984forever's rating: 1408 &rarr; <strong>1388</strong><br />(-20 for losing)\n|raw|Edbbbb's rating: 1408 &rarr; <strong>1428</strong><br />(+20 for winning)\n|l|\u2606I\u2764\ufe0f\u5a1c\u7984forever\n|player|p1|\n|l|\u2606Edbbbb\n|player|p2|\n","uploadtime":1772439550,"views":15,"formatid":"gen9vgc2026regi","rating":1388,"private":0,"password":null}