{"id":"gen9vgc2026regi-2560348208","format":"[Gen 9] VGC 2026 Reg I","players":["Leppizsmoll","jonen"],"log":"|j|\u2606Leppizsmoll\n|j|\u2606jonen\n|t:|1773679389\n|gametype|doubles\n|player|p1|Leppizsmoll|juan|1143\n|player|p2|jonen|medium|1195\n|gen|9\n|tier|[Gen 9] VGC 2026 Reg I\n|rated|\n|rule|Species Clause: Limit one of each Pok\u00e9mon\n|rule|Item Clause: Limit 1 of each item\n|clearpoke\n|poke|p1|Lunala, L50|\n|poke|p1|Amoonguss, L50, M|\n|poke|p1|Incineroar, L50, M|\n|poke|p1|Farigiraf, L50, M|\n|poke|p1|Terapagos, L50, M|\n|poke|p1|Ursaluna, L50, M|\n|poke|p2|Rabsca, L50, F|\n|poke|p2|Landorus, L50, M|\n|poke|p2|Calyrex-Ice, L50|\n|poke|p2|Miraidon, L50|\n|poke|p2|Incineroar, L50, F|\n|poke|p2|Urshifu-*, L50, M|\n|teampreview|4\n|\n|t:|1773679415\n|teamsize|p1|4\n|teamsize|p2|4\n|start\n|switch|p1a: Lunala|Lunala, L50|100/100\n|switch|p1b: Incineroar|Incineroar, L50, M|100/100\n|switch|p2a: Calyrex|Calyrex-Ice, L50|100/100\n|switch|p2b: Miraidon|Miraidon, L50|100/100\n|-ability|p2a: Calyrex|As One\n|-ability|p2a: Calyrex|Unnerve\n|-fieldstart|move: Electric Terrain|[from] ability: Hadron Engine|[of] p2b: Miraidon\n|-ability|p1b: Incineroar|Intimidate|boost\n|-unboost|p2a: Calyrex|atk|1\n|-unboost|p2b: Miraidon|atk|1\n|turn|1\n|\n|t:|1773679438\n|move|p2a: Calyrex|Protect|p2a: Calyrex\n|-singleturn|p2a: Calyrex|Protect\n|move|p1b: Incineroar|Fake Out|p2a: Calyrex\n|-activate|p2a: Calyrex|move: Protect\n|move|p2b: Miraidon|Discharge|p1b: Incineroar|[spread] p1a,p1b\n|-activate|p2a: Calyrex|move: Protect\n|-damage|p1a: Lunala|69/100\n|-damage|p1b: Incineroar|29/100\n|-status|p1a: Lunala|par\n|cant|p1a: Lunala|par\n|\n|-heal|p1a: Lunala|75/100 par|[from] item: Leftovers\n|upkeep\n|turn|2\n|\n|t:|1773679456\n|switch|p1b: Ursaluna|Ursaluna, L50, M|100/100\n|switch|p2a: Rabsca|Rabsca, L50, F|100/100\n|-enditem|p2a: Rabsca|Electric Seed\n|-boost|p2a: Rabsca|def|1|[from] item: Electric Seed\n|move|p2b: Miraidon|Discharge|p1b: Ursaluna|[spread] p1a\n|-activate|p2a: Rabsca|ability: Telepathy\n|-immune|p1b: Ursaluna\n|-damage|p1a: Lunala|14/100 par\n|move|p1a: Lunala|Moongeist Beam|p2a: Rabsca\n|-supereffective|p2a: Rabsca\n|-damage|p2a: Rabsca|17/100\n|\n|-heal|p1a: Lunala|20/100 par|[from] item: Leftovers\n|-status|p1b: Ursaluna|brn|[from] item: Flame Orb\n|upkeep\n|turn|3\n|\n|t:|1773679475\n|switch|p2b: Incineroar|Incineroar, L50, F|100/100\n|-ability|p2b: Incineroar|Intimidate|boost\n|-unboost|p1a: Lunala|atk|1\n|-unboost|p1b: Ursaluna|atk|1\n|move|p1a: Lunala|Wide Guard|p1a: Lunala\n|-singleturn|p1a: Lunala|Wide Guard\n|move|p1b: Ursaluna|Facade|p2a: Rabsca\n|-damage|p2a: Rabsca|0 fnt\n|faint|p2a: Rabsca\n|\n|-heal|p1a: Lunala|26/100 par|[from] item: Leftovers\n|-damage|p1b: Ursaluna|95/100 brn|[from] brn\n|upkeep\n|\n|t:|1773679486\n|switch|p2a: Miraidon|Miraidon, L50|100/100\n|-activate|p2a: Miraidon|ability: Hadron Engine\n|turn|4\n|\n|t:|1773679505\n|switch|p1a: Incineroar|Incineroar, L50, M|29/100\n|-ability|p1a: Incineroar|Intimidate|boost\n|-unboost|p2a: Miraidon|atk|1\n|-unboost|p2b: Incineroar|atk|1\n|move|p2a: Miraidon|Draco Meteor|p1b: Ursaluna\n|-damage|p1b: Ursaluna|0 fnt\n|-unboost|p2a: Miraidon|spa|2\n|faint|p1b: Ursaluna\n|move|p2b: Incineroar|Knock Off|p1a: Incineroar\n|-resisted|p1a: Incineroar\n|-damage|p1a: Incineroar|17/100\n|-enditem|p1a: Incineroar|Safety Goggles|[from] move: Knock Off|[of] p2b: Incineroar\n|\n|upkeep\n|\n|t:|1773679521\n|switch|p1b: Amoonguss|Amoonguss, L50, M|100/100\n|turn|5\n|\n|t:|1773679529\n|move|p1a: Incineroar|Fake Out|p2a: Miraidon\n|-damage|p2a: Miraidon|89/100\n|cant|p2a: Miraidon|flinch\n|move|p2b: Incineroar|U-turn|p1a: Incineroar\n|-damage|p1a: Incineroar|5/100\n|\n|t:|1773679535\n|switch|p2b: Calyrex|Calyrex-Ice, L50|100/100|[from] U-turn\n|-ability|p2b: Calyrex|As One\n|-ability|p2b: Calyrex|Unnerve\n|move|p1b: Amoonguss|Spore|p2a: Miraidon\n|-activate|p2a: Miraidon|move: Electric Terrain\n|\n|-fieldend|move: Electric Terrain\n|upkeep\n|turn|6\n|\n|t:|1773679546\n|move|p2a: Miraidon|Draco Meteor|p1a: Incineroar\n|-damage|p1a: Incineroar|0 fnt\n|-unboost|p2a: Miraidon|spa|2\n|faint|p1a: Incineroar\n|move|p2b: Calyrex|Glacial Lance|p1b: Amoonguss\n|-supereffective|p1b: Amoonguss\n|-damage|p1b: Amoonguss|0 fnt\n|faint|p1b: Amoonguss\n|-ability|p2b: Calyrex|Chilling Neigh|boost\n|-boost|p2b: Calyrex|atk|1\n|\n|upkeep\n|\n|t:|1773679549\n|switch|p1b: Lunala|Lunala, L50|26/100 par\n|turn|7\n|-message|Leppizsmoll forfeited.\n|\n|win|jonen\n|raw|Leppizsmoll's rating: 1143 &rarr; <strong>1122</strong><br />(-21 for losing)\n|raw|jonen's rating: 1195 &rarr; <strong>1216</strong><br />(+21 for winning)\n|l|\u2606Leppizsmoll\n|player|p1|\n|l|\u2606jonen\n|player|p2|\n","uploadtime":1773679551,"views":11,"formatid":"gen9vgc2026regi","rating":1122,"private":0,"password":null}