{"id":"gen9vgc2026regi-2540595877","format":"[Gen 9] VGC 2026 Reg I","players":["wtacrv","501JFW"],"log":"|j|\u2606wtacrv\n|j|\u2606501JFW\n|t:|1771224056\n|gametype|doubles\n|player|p1|wtacrv|biker-gen4|1382\n|player|p2|501JFW|266|1484\n|gen|9\n|tier|[Gen 9] VGC 2026 Reg I\n|rated|\n|rule|Species Clause: Limit one of each Pok\u00e9mon\n|rule|Item Clause: Limit 1 of each item\n|clearpoke\n|poke|p1|Calyrex-Ice, L50|\n|poke|p1|Tyranitar, L50, M|\n|poke|p1|Ho-Oh, L50|\n|poke|p1|Ursaluna-Bloodmoon, L50, M|\n|poke|p1|Sinistcha, L50|\n|poke|p1|Rillaboom, L50, F|\n|poke|p2|Kyogre, L50|\n|poke|p2|Calyrex-Ice, L50|\n|poke|p2|Amoonguss, L50, F|\n|poke|p2|Iron Jugulis, L50|\n|poke|p2|Urshifu-*, L50, M|\n|poke|p2|Indeedee-F, L50, F|\n|teampreview|4\n|inactive|Battle timer is ON: inactive players will automatically lose when time's up. (requested by wtacrv)\n|inactive|wtacrv has 60 seconds left.\n|inactive|501JFW has 60 seconds left.\n|\n|t:|1771224106\n|teamsize|p1|4\n|teamsize|p2|4\n|start\n|switch|p1a: Ho-Oh|Ho-Oh, L50|100/100\n|switch|p1b: Rillaboom|Rillaboom, L50, F|100/100\n|switch|p2a: Calyrex|Calyrex-Ice, L50|100/100\n|switch|p2b: Indeedee|Indeedee-F, L50, F, shiny|100/100\n|-ability|p2a: Calyrex|As One\n|-ability|p2a: Calyrex|Unnerve\n|-fieldstart|move: Grassy Terrain|[from] ability: Grassy Surge|[of] p1b: Rillaboom\n|-fieldstart|move: Psychic Terrain|[from] ability: Psychic Surge|[of] p2b: Indeedee\n|-enditem|p2b: Indeedee|Psychic Seed\n|-boost|p2b: Indeedee|spd|1|[from] item: Psychic Seed\n|turn|1\n|inactive|wtacrv has 30 seconds left.\n|\n|t:|1771224140\n|move|p2b: Indeedee|Follow Me|p2b: Indeedee\n|-singleturn|p2b: Indeedee|move: Follow Me\n|move|p1a: Ho-Oh|Sacred Fire|p2b: Indeedee\n|-damage|p2b: Indeedee|46/100\n|move|p1b: Rillaboom|Wood Hammer|p2b: Indeedee\n|-damage|p2b: Indeedee|0 fnt\n|faint|p2b: Indeedee\n|-damage|p1b: Rillaboom|88/100|[from] Recoil\n|move|p2a: Calyrex|Trick Room|p2a: Calyrex\n|-fieldstart|move: Trick Room|[of] p2a: Calyrex\n|\n|upkeep\n|inactive|501JFW has 30 seconds left.\n|inactive|501JFW has 20 seconds left.\n|inactive|501JFW has 15 seconds left.\n|inactive|501JFW has 10 seconds left.\n|inactive|501JFW has 5 seconds left.\n|\n|t:|1771224193\n|switch|p2b: Kyogre|Kyogre, L50, shiny|100/100\n|-weather|RainDance|[from] ability: Drizzle|[of] p2b: Kyogre\n|turn|2\n|\n|t:|1771224211\n|switch|p1b: Calyrex|Calyrex-Ice, L50|100/100\n|-ability|p1b: Calyrex|As One\n|-ability|p1b: Calyrex|Unnerve\n|-terastallize|p1a: Ho-Oh|Water\n|move|p2a: Calyrex|Glacial Lance|p1b: Calyrex|[spread] p1a,p1b\n|-resisted|p1a: Ho-Oh\n|-crit|p1a: Ho-Oh\n|-resisted|p1b: Calyrex\n|-damage|p1a: Ho-Oh|60/100\n|-damage|p1b: Calyrex|76/100\n|move|p1a: Ho-Oh|Iron Head|p2a: Calyrex\n|-supereffective|p2a: Calyrex\n|-damage|p2a: Calyrex|62/100\n|move|p2b: Kyogre|Origin Pulse|p1a: Ho-Oh|[spread] p1a,p1b\n|-resisted|p1a: Ho-Oh\n|-damage|p1a: Ho-Oh|25/100\n|-damage|p1b: Calyrex|0 fnt\n|faint|p1b: Calyrex\n|\n|-weather|RainDance|[upkeep]\n|-heal|p1a: Ho-Oh|31/100|[from] item: Leftovers\n|upkeep\n|\n|t:|1771224231\n|switch|p1b: Sinistcha|Sinistcha, L50|100/100\n|-heal|p1a: Ho-Oh|56/100|[from] ability: Hospitality|[of] p1b: Sinistcha\n|turn|3\n|\n|t:|1771224246\n|move|p1b: Sinistcha|Matcha Gotcha|p2a: Calyrex|[spread] p2a,p2b\n|-supereffective|p2b: Kyogre\n|-damage|p2a: Calyrex|47/100\n|-damage|p2b: Kyogre|69/100\n|-status|p2a: Calyrex|brn\n|move|p2a: Calyrex|Glacial Lance|p1b: Sinistcha|[spread] p1a,p1b\n|-resisted|p1a: Ho-Oh\n|-supereffective|p1b: Sinistcha\n|-damage|p1a: Ho-Oh|40/100\n|-damage|p1b: Sinistcha|41/100\n|move|p1a: Ho-Oh|Sacred Fire|p2a: Calyrex\n|-supereffective|p2a: Calyrex\n|-damage|p2a: Calyrex|11/100 brn\n|move|p2b: Kyogre|Origin Pulse|p1b: Sinistcha|[spread] p1a,p1b\n|-resisted|p1a: Ho-Oh\n|-resisted|p1b: Sinistcha\n|-damage|p1a: Ho-Oh|8/100\n|-damage|p1b: Sinistcha|0 fnt\n|faint|p1b: Sinistcha\n|\n|-weather|RainDance|[upkeep]\n|-heal|p1a: Ho-Oh|15/100|[from] item: Leftovers\n|-damage|p2a: Calyrex|5/100 brn|[from] brn\n|upkeep\n|\n|t:|1771224265\n|switch|p1b: Rillaboom|Rillaboom, L50, F|88/100\n|-fieldstart|move: Grassy Terrain|[from] ability: Grassy Surge|[of] p1b: Rillaboom\n|turn|4\n|\n|t:|1771224283\n|switch|p2a: Urshifu|Urshifu-Rapid-Strike, L50, M|100/100\n|move|p1b: Rillaboom|Grassy Glide|p2a: Urshifu\n|-supereffective|p2a: Urshifu\n|-damage|p2a: Urshifu|36/100\n|move|p1a: Ho-Oh|Recover|p1a: Ho-Oh\n|-heal|p1a: Ho-Oh|65/100\n|move|p2b: Kyogre|Origin Pulse|p1b: Rillaboom|[spread] p1a,p1b\n|-resisted|p1a: Ho-Oh\n|-resisted|p1b: Rillaboom\n|-damage|p1a: Ho-Oh|30/100\n|-damage|p1b: Rillaboom|44/100\n|\n|-weather|RainDance|[upkeep]\n|-heal|p1b: Rillaboom|50/100|[from] Grassy Terrain\n|-heal|p1a: Ho-Oh|36/100|[from] Grassy Terrain\n|-heal|p1a: Ho-Oh|42/100|[from] item: Leftovers\n|-heal|p2b: Kyogre|74/100|[from] Grassy Terrain\n|-heal|p2a: Urshifu|42/100|[from] Grassy Terrain\n|upkeep\n|turn|5\n|\n|t:|1771224302\n|-terastallize|p2a: Urshifu|Grass\n|move|p1b: Rillaboom|Grassy Glide|p2a: Urshifu\n|-resisted|p2a: Urshifu\n|-damage|p2a: Urshifu|23/100\n|move|p1a: Ho-Oh|Recover|p1a: Ho-Oh\n|-heal|p1a: Ho-Oh|92/100\n|move|p2b: Kyogre|Origin Pulse|p1b: Rillaboom|[spread] p1a,p1b\n|-resisted|p1a: Ho-Oh\n|-resisted|p1b: Rillaboom\n|-damage|p1a: Ho-Oh|56/100\n|-damage|p1b: Rillaboom|12/100\n|move|p2a: Urshifu|U-turn|p1b: Rillaboom\n|-supereffective|p1b: Rillaboom\n|-damage|p1b: Rillaboom|0 fnt\n|faint|p1b: Rillaboom\n|\n|t:|1771224311\n|switch|p2a: Calyrex|Calyrex-Ice, L50|5/100 brn|[from] U-turn\n|-ability|p2a: Calyrex|As One\n|-ability|p2a: Calyrex|Unnerve\n|\n|-weather|RainDance|[upkeep]\n|-heal|p2a: Calyrex|11/100 brn|[from] Grassy Terrain\n|-heal|p1a: Ho-Oh|62/100|[from] Grassy Terrain\n|-heal|p1a: Ho-Oh|68/100|[from] item: Leftovers\n|-heal|p2b: Kyogre|80/100|[from] Grassy Terrain\n|-damage|p2a: Calyrex|5/100 brn|[from] brn\n|-fieldend|move: Trick Room\n|upkeep\n|turn|6\n|inactive|501JFW has 30 seconds left.\n|\n|t:|1771224337\n|switch|p2b: Urshifu|Urshifu-Rapid-Strike, L50, M, tera:Grass|23/100\n|move|p1a: Ho-Oh|Brave Bird|p2b: Urshifu\n|-supereffective|p2b: Urshifu\n|-damage|p2b: Urshifu|0 fnt\n|faint|p2b: Urshifu\n|-damage|p1a: Ho-Oh|62/100|[from] Recoil\n|move|p2a: Calyrex|Glacial Lance|p1a: Ho-Oh\n|-resisted|p1a: Ho-Oh\n|-damage|p1a: Ho-Oh|41/100\n|\n|-weather|none\n|-heal|p1a: Ho-Oh|47/100|[from] Grassy Terrain\n|-heal|p1a: Ho-Oh|53/100|[from] item: Leftovers\n|-heal|p2a: Calyrex|11/100 brn|[from] Grassy Terrain\n|-damage|p2a: Calyrex|5/100 brn|[from] brn\n|upkeep\n|\n|t:|1771224340\n|switch|p2b: Kyogre|Kyogre, L50, shiny|80/100\n|-weather|RainDance|[from] ability: Drizzle|[of] p2b: Kyogre\n|turn|7\n|\n|t:|1771224357\n|move|p2b: Kyogre|Thunder|p1a: Ho-Oh\n|-supereffective|p1a: Ho-Oh\n|-damage|p1a: Ho-Oh|0 fnt\n|faint|p1a: Ho-Oh\n|\n|win|501JFW\n|raw|wtacrv's rating: 1382 &rarr; <strong>1368</strong><br />(-14 for losing)\n|raw|501JFW's rating: 1484 &rarr; <strong>1498</strong><br />(+14 for winning)\n|l|\u2606wtacrv\n|player|p1|\n|l|\u2606501JFW\n|player|p2|\n","uploadtime":1771224614,"views":33,"formatid":"gen9vgc2026regi","rating":1368,"private":0,"password":null}