{"id":"gen9vgc2026regi-2569709843","format":"[Gen 9] VGC 2026 Reg I","players":["TheNamesBetty","BreakTheShadowWall"],"log":"|j|\u2606TheNamesBetty\n|j|\u2606BreakTheShadowWall\n|t:|1774725210\n|gametype|doubles\n|player|p1|TheNamesBetty|koga|1307\n|player|p2|BreakTheShadowWall|102|1364\n|gen|9\n|tier|[Gen 9] VGC 2026 Reg I\n|rated|\n|rule|Species Clause: Limit one of each Pok\u00e9mon\n|rule|Item Clause: Limit 1 of each item\n|clearpoke\n|poke|p1|Calyrex-Shadow, L50|\n|poke|p1|Koraidon, L50|\n|poke|p1|Rillaboom, L50, F|\n|poke|p1|Incineroar, L50, F|\n|poke|p1|Regieleki, L50|\n|poke|p1|Cramorant, L50, F|\n|poke|p2|Miraidon, L50|\n|poke|p2|Iron Bundle, L50|\n|poke|p2|Lunala, L50|\n|poke|p2|Incineroar, L50, F|\n|poke|p2|Urshifu-*, L50, M|\n|poke|p2|Ursaluna, L50, F|\n|teampreview|4\nTheNamesBetty has agreed to open team sheets.\n|\n|t:|1774725264\n|teamsize|p1|4\n|teamsize|p2|4\n|start\n|switch|p1a: Incineroar|Incineroar, L50, F|100/100\n|switch|p1b: Koraidon|Koraidon, L50|100/100\n|switch|p2a: Iron Bundle|Iron Bundle, L50|100/100\n|switch|p2b: Miraidon|Miraidon, L50|100/100\n|-fieldstart|move: Electric Terrain|[from] ability: Hadron Engine|[of] p2b: Miraidon\n|-activate|p2a: Iron Bundle|ability: Quark Drive\n|-start|p2a: Iron Bundle|quarkdrivespe\n|-weather|SunnyDay|[from] ability: Orichalcum Pulse|[of] p1b: Koraidon\n|-activate|p1b: Koraidon|Orichalcum Pulse|[source]\n|-ability|p1a: Incineroar|Intimidate|boost\n|-unboost|p2a: Iron Bundle|atk|1\n|-unboost|p2b: Miraidon|atk|1\n|turn|1\n|\n|t:|1774725280\n|switch|p2b: Incineroar|Incineroar, L50, F|100/100\n|-ability|p2b: Incineroar|Intimidate|boost\n|-unboost|p1a: Incineroar|atk|1\n|-unboost|p1b: Koraidon|atk|1\n|-terastallize|p1b: Koraidon|Fire\n|move|p2a: Iron Bundle|Protect|p2a: Iron Bundle\n|-singleturn|p2a: Iron Bundle|Protect\n|move|p1a: Incineroar|Fake Out|p2b: Incineroar\n|-damage|p2b: Incineroar|96/100\n|move|p1b: Koraidon|Flame Charge|p2a: Iron Bundle\n|-activate|p2a: Iron Bundle|move: Protect\n|\n|-weather|SunnyDay|[upkeep]\n|upkeep\n|turn|2\n|\n|t:|1774725318\n|switch|p1b: Rillaboom|Rillaboom, L50, F|100/100\n|-fieldstart|move: Grassy Terrain|[from] ability: Grassy Surge|[of] p1b: Rillaboom\n|-end|p2a: Iron Bundle|Quark Drive\n|move|p2a: Iron Bundle|Encore|p1a: Incineroar\n|-start|p1a: Incineroar|Encore\n|move|p1a: Incineroar|Fake Out||[still]\n|-hint|Fake Out only works on your first turn out.\n|-fail|p1a: Incineroar\n|move|p2b: Incineroar|U-turn|p1a: Incineroar\n|-damage|p1a: Incineroar|85/100\n|\n|t:|1774725329\n|switch|p2b: Miraidon|Miraidon, L50|100/100|[from] U-turn\n|-fieldstart|move: Electric Terrain|[from] ability: Hadron Engine|[of] p2b: Miraidon\n|-activate|p2a: Iron Bundle|ability: Quark Drive\n|-start|p2a: Iron Bundle|quarkdrivespe\n|\n|-weather|SunnyDay|[upkeep]\n|upkeep\n|turn|3\n|\n|t:|1774725344\n|switch|p1a: Koraidon|Koraidon, L50, tera:Fire|100/100\n|-activate|p1a: Koraidon|ability: Orichalcum Pulse\n|move|p2a: Iron Bundle|Protect|p2a: Iron Bundle\n|-singleturn|p2a: Iron Bundle|Protect\n|move|p2b: Miraidon|Volt Switch|p1a: Koraidon\n|-damage|p1a: Koraidon|29/100\n|\n|t:|1774725355\n|switch|p2b: Incineroar|Incineroar, L50, F|96/100|[from] Volt Switch\n|-ability|p2b: Incineroar|Intimidate|boost\n|-unboost|p1a: Koraidon|atk|1\n|-unboost|p1b: Rillaboom|atk|1\n|move|p1b: Rillaboom|Wood Hammer|p2a: Iron Bundle\n|-activate|p2a: Iron Bundle|move: Protect\n|\n|-weather|SunnyDay|[upkeep]\n|upkeep\n|turn|4\n|\n|t:|1774725378\n|-end|p2a: Iron Bundle|Quark Drive|[silent]\n|switch|p2a: Miraidon|Miraidon, L50|100/100\n|-activate|p2a: Miraidon|ability: Hadron Engine\n|move|p2b: Incineroar|Fake Out|p1a: Koraidon\n|-damage|p1a: Koraidon|21/100\n|cant|p1a: Koraidon|flinch\n|move|p1b: Rillaboom|Wood Hammer|p2a: Miraidon\n|-resisted|p2a: Miraidon\n|-damage|p2a: Miraidon|82/100\n|-damage|p1b: Rillaboom|95/100|[from] Recoil\n|\n|-weather|SunnyDay|[upkeep]\n|upkeep\n|turn|5\n|\n|t:|1774725401\n|switch|p1b: Incineroar|Incineroar, L50, F|85/100\n|-ability|p1b: Incineroar|Intimidate|boost\n|-unboost|p2a: Miraidon|atk|1\n|-unboost|p2b: Incineroar|atk|1\n|move|p1a: Koraidon|Protect|p1a: Koraidon\n|-singleturn|p1a: Koraidon|Protect\n|move|p2a: Miraidon|Volt Switch|p1a: Koraidon\n|-activate|p1a: Koraidon|move: Protect\n|move|p2b: Incineroar|Flare Blitz|p1b: Incineroar\n|-resisted|p1b: Incineroar\n|-damage|p1b: Incineroar|67/100\n|-damage|p2b: Incineroar|90/100|[from] Recoil\n|\n|-weather|none\n|upkeep\n|turn|6\n|\n|t:|1774725426\n|switch|p2a: Lunala|Lunala, L50, shiny|100/100\n|-enditem|p2a: Lunala|Electric Seed\n|-boost|p2a: Lunala|def|1|[from] item: Electric Seed\n|move|p1b: Incineroar|Fake Out|p2a: Lunala\n|-immune|p2a: Lunala\n|move|p1a: Koraidon|Collision Course|p2a: Lunala\n|-immune|p2a: Lunala\n|move|p2b: Incineroar|U-turn|p1b: Incineroar\n|-damage|p1b: Incineroar|57/100\n|c|\u2606TheNamesBetty|You're destroying me!\n|\n|t:|1774725444\n|switch|p2b: Iron Bundle|Iron Bundle, L50|100/100|[from] U-turn\n|-activate|p2b: Iron Bundle|ability: Quark Drive\n|-start|p2b: Iron Bundle|quarkdrivespe\n|\n|-fieldend|move: Electric Terrain\n|-end|p2b: Iron Bundle|Quark Drive\n|upkeep\n|turn|7\n|\n|t:|1774725465\n|switch|p1b: Rillaboom|Rillaboom, L50, F|95/100\n|-fieldstart|move: Grassy Terrain|[from] ability: Grassy Surge|[of] p1b: Rillaboom\n|move|p2b: Iron Bundle|Icy Wind|p1a: Koraidon|[spread] p1a,p1b\n|-resisted|p1a: Koraidon\n|-supereffective|p1b: Rillaboom\n|-damage|p1a: Koraidon|11/100\n|-damage|p1b: Rillaboom|71/100\n|-unboost|p1a: Koraidon|spe|1\n|-unboost|p1b: Rillaboom|spe|1\n|move|p2a: Lunala|Moongeist Beam|p1a: Koraidon\n|-damage|p1a: Koraidon|0 fnt\n|faint|p1a: Koraidon\n|\n|-heal|p1b: Rillaboom|77/100|[from] Grassy Terrain\n|upkeep\n|\n|t:|1774725478\n|switch|p1a: Calyrex|Calyrex-Shadow, L50|100/100\n|-ability|p1a: Calyrex|As One\n|-ability|p1a: Calyrex|Unnerve\n|turn|8\n|\n|t:|1774725494\n|switch|p1a: Incineroar|Incineroar, L50, F|57/100\n|-ability|p1a: Incineroar|Intimidate|boost\n|-unboost|p2a: Lunala|atk|1\n|-unboost|p2b: Iron Bundle|atk|1\n|-terastallize|p2a: Lunala|Fairy\n|move|p2b: Iron Bundle|Protect|p2b: Iron Bundle\n|-singleturn|p2b: Iron Bundle|Protect\n|move|p2a: Lunala|Moongeist Beam|p1a: Incineroar\n|-resisted|p1a: Incineroar\n|-damage|p1a: Incineroar|33/100\n|move|p1b: Rillaboom|Wood Hammer|p2b: Iron Bundle\n|-activate|p2b: Iron Bundle|move: Protect\n|\n|-heal|p1a: Incineroar|39/100|[from] Grassy Terrain\n|-heal|p1b: Rillaboom|83/100|[from] Grassy Terrain\n|upkeep\n|turn|9\n|\n|t:|1774725521\n|-end|p2b: Iron Bundle|Quark Drive|[silent]\n|switch|p2b: Incineroar|Incineroar, L50, F|90/100\n|-ability|p2b: Incineroar|Intimidate|boost\n|-unboost|p1a: Incineroar|atk|1\n|-unboost|p1b: Rillaboom|atk|1\n|move|p1a: Incineroar|Fake Out|p2a: Lunala\n|-damage|p2a: Lunala|99/100\n|cant|p2a: Lunala|flinch\n|move|p1b: Rillaboom|U-turn|p2b: Incineroar\n|-damage|p2b: Incineroar|79/100\n|\n|t:|1774725532\n|switch|p1b: Calyrex|Calyrex-Shadow, L50|100/100|[from] U-turn\n|-ability|p1b: Calyrex|As One\n|-ability|p1b: Calyrex|Unnerve\n|\n|-heal|p2a: Lunala|100/100|[from] Grassy Terrain\n|-heal|p2b: Incineroar|85/100|[from] Grassy Terrain\n|-heal|p1a: Incineroar|45/100|[from] Grassy Terrain\n|upkeep\n|turn|10\n|\n|t:|1774725559\n|switch|p1a: Rillaboom|Rillaboom, L50, F|83/100\n|move|p1b: Calyrex|Psychic|p2a: Lunala\n|-damage|p2a: Lunala|81/100\n|-damage|p1b: Calyrex|91/100|[from] item: Life Orb\n|move|p2a: Lunala|Moongeist Beam|p1b: Calyrex\n|-supereffective|p1b: Calyrex\n|-damage|p1b: Calyrex|0 fnt\n|faint|p1b: Calyrex\n|move|p2b: Incineroar|U-turn|p1a: Rillaboom\n|-supereffective|p1a: Rillaboom\n|-damage|p1a: Rillaboom|48/100\n|\n|t:|1774725566\n|switch|p2b: Miraidon|Miraidon, L50|82/100|[from] U-turn\n|-fieldstart|move: Electric Terrain|[from] ability: Hadron Engine|[of] p2b: Miraidon\n|\n|upkeep\n|\n|t:|1774725568\n|switch|p1b: Incineroar|Incineroar, L50, F|45/100\n|-ability|p1b: Incineroar|Intimidate|boost\n|-unboost|p2a: Lunala|atk|1\n|-unboost|p2b: Miraidon|atk|1\n|turn|11\n|\n|t:|1774725581\n|move|p2b: Miraidon|Volt Switch|p1b: Incineroar\n|-damage|p1b: Incineroar|0 fnt\n|faint|p1b: Incineroar\n|\n|t:|1774725585\n|switch|p2b: Iron Bundle|Iron Bundle, L50|100/100|[from] Volt Switch\n|-activate|p2b: Iron Bundle|ability: Quark Drive\n|-start|p2b: Iron Bundle|quarkdrivespe\n|move|p2a: Lunala|Moongeist Beam|p1a: Rillaboom\n|-damage|p1a: Rillaboom|17/100\n|move|p1a: Rillaboom|Wood Hammer|p2a: Lunala\n|-damage|p2a: Lunala|50/100\n|-damage|p1a: Rillaboom|5/100|[from] Recoil\n|\n|upkeep\n|turn|12\n|c|\u2606BreakTheShadowWall|gg\n|c|\u2606TheNamesBetty|wp!\n|\n|t:|1774725597\n|move|p1a: Rillaboom|Fake Out||[still]\n|-hint|Fake Out only works on your first turn out.\n|-fail|p1a: Rillaboom\n|move|p2b: Iron Bundle|Icy Wind|p1a: Rillaboom\n|-supereffective|p1a: Rillaboom\n|-damage|p1a: Rillaboom|0 fnt\n|faint|p1a: Rillaboom\n|\n|win|BreakTheShadowWall\n|raw|TheNamesBetty's rating: 1307 &rarr; <strong>1290</strong><br />(-17 for losing)\n|raw|BreakTheShadowWall's rating: 1364 &rarr; <strong>1381</strong><br />(+17 for winning)\n","uploadtime":1774725605,"views":13,"formatid":"gen9vgc2026regi","rating":1290,"private":0,"password":null}