{"id":"gen9vgc2026regi-2560358604","format":"[Gen 9] VGC 2026 Reg I","players":["ArisHazard","Realfrytki"],"log":"|j|\u2606ArisHazard\n|j|\u2606Realfrytki\n|t:|1773680292\n|gametype|doubles\n|player|p1|ArisHazard|1|1366\n|player|p2|Realfrytki|veteranf|1400\n|gen|9\n|tier|[Gen 9] VGC 2026 Reg I\n|rated|\n|rule|Species Clause: Limit one of each Pok\u00e9mon\n|rule|Item Clause: Limit 1 of each item\n|clearpoke\n|poke|p1|Calyrex-Ice, L50|\n|poke|p1|Hitmontop, L50, M|\n|poke|p1|Miraidon, L50|\n|poke|p1|Sableye, L50, F|\n|poke|p1|Ting-Lu, L50|\n|poke|p1|Iron Valiant, L50|\n|poke|p2|Calyrex-Shadow, L50|\n|poke|p2|Terapagos, L50, M|\n|poke|p2|Iron Hands, L50|\n|poke|p2|Chi-Yu, L50|\n|poke|p2|Smeargle, L50, F|\n|poke|p2|Whimsicott, L50, M|\n|teampreview|4\n|\n|t:|1773680326\n|teamsize|p1|4\n|teamsize|p2|4\n|start\n|switch|p1a: Miraidon|Miraidon, L50|100/100\n|switch|p1b: Ting-Lu|Ting-Lu, L50|100/100\n|switch|p2a: Terapagos|Terapagos, L50, M|100/100\n|switch|p2b: Smeargle|Smeargle, L50, F|100/100\n|-activate|p2a: Terapagos|ability: Tera Shift\n|detailschange|p2a: Terapagos|Terapagos-Terastal, L50, M\n|-heal|p2a: Terapagos|100/100|[silent]\n|-fieldstart|move: Electric Terrain|[from] ability: Hadron Engine|[of] p1a: Miraidon\n|-ability|p1b: Ting-Lu|Vessel of Ruin\n|turn|1\n|inactive|Battle timer is ON: inactive players will automatically lose when time's up. (requested by ArisHazard)\n|\n|t:|1773680346\n|-terastallize|p2a: Terapagos|Stellar\n|detailschange|p2a: Terapagos|Terapagos-Stellar, L50, M, tera:Stellar\n|-heal|p2a: Terapagos|100/100|[silent]\n|-ability|p2a: Terapagos|Teraform Zero\n|-fieldend|move: Electric Terrain\n|move|p1a: Miraidon|Snarl|p2b: Smeargle|[spread] p2a,p2b\n|-damage|p2a: Terapagos|92/100\n|-damage|p2b: Smeargle|72/100\n|-unboost|p2a: Terapagos|spa|1\n|-unboost|p2b: Smeargle|spa|1\n|move|p2b: Smeargle|Spore|p1b: Ting-Lu\n|-status|p1b: Ting-Lu|slp|[from] move: Spore\n|move|p2a: Terapagos|Tera Starstorm|p1a: Miraidon|[spread] p1a,p1b\n|-damage|p1a: Miraidon|83/100\n|-damage|p1b: Ting-Lu|80/100 slp\n|cant|p1b: Ting-Lu|slp\n|\n|-ability|p2b: Smeargle|Moody|boost\n|-boost|p2b: Smeargle|spd|2\n|-unboost|p2b: Smeargle|spe|1\n|upkeep\n|turn|2\n|\n|t:|1773680369\n|move|p1a: Miraidon|Volt Switch|p2b: Smeargle\n|-damage|p2b: Smeargle|36/100\n|\n|t:|1773680373\n|switch|p1a: Hitmontop|Hitmontop, L50, M|100/100|[from] Volt Switch\n|-ability|p1a: Hitmontop|Intimidate|boost\n|-unboost|p2a: Terapagos|atk|1\n|-unboost|p2b: Smeargle|atk|1\n|move|p2a: Terapagos|Tera Starstorm|p1a: Hitmontop|[spread] p1a,p1b\n|-damage|p1a: Hitmontop|73/100\n|-damage|p1b: Ting-Lu|59/100 slp\n|move|p2b: Smeargle|Decorate|p2a: Terapagos\n|-boost|p2a: Terapagos|atk|2\n|-boost|p2a: Terapagos|spa|2\n|cant|p1b: Ting-Lu|slp\n|\n|-ability|p2b: Smeargle|Moody|boost\n|-boost|p2b: Smeargle|def|2\n|-unboost|p2b: Smeargle|spa|1\n|upkeep\n|turn|3\n|\n|t:|1773680392\n|switch|p1b: Miraidon|Miraidon, L50|83/100\n|-fieldstart|move: Electric Terrain|[from] ability: Hadron Engine|[of] p1b: Miraidon\n|move|p1a: Hitmontop|Fake Out|p2a: Terapagos\n|-damage|p2a: Terapagos|86/100\n|cant|p2a: Terapagos|flinch\n|move|p2b: Smeargle|Spore|p1a: Hitmontop\n|-activate|p1a: Hitmontop|move: Electric Terrain\n|\n|-ability|p2b: Smeargle|Moody|boost\n|-boost|p2b: Smeargle|spd|2\n|-unboost|p2b: Smeargle|def|1\n|upkeep\n|turn|4\n|inactive|Realfrytki has 30 seconds left.\n|\n|t:|1773680422\n|move|p1a: Hitmontop|Wide Guard|p1a: Hitmontop\n|-singleturn|p1a: Hitmontop|Wide Guard\n|move|p2b: Smeargle|Follow Me|p2b: Smeargle\n|-singleturn|p2b: Smeargle|move: Follow Me\n|move|p1b: Miraidon|Volt Switch|p2b: Smeargle\n|-damage|p2b: Smeargle|0 fnt\n|faint|p2b: Smeargle\n|\n|t:|1773680435\n|switch|p1b: Calyrex|Calyrex-Ice, L50|100/100|[from] Volt Switch\n|-ability|p1b: Calyrex|As One\n|-ability|p1b: Calyrex|Unnerve\n|move|p2a: Terapagos|Tera Starstorm|p1a: Hitmontop|[spread] \n|-activate|p1a: Hitmontop|move: Wide Guard\n|-activate|p1b: Calyrex|move: Wide Guard\n|\n|upkeep\n|\n|t:|1773680445\n|switch|p2b: Calyrex|Calyrex-Shadow, L50|100/100\n|-ability|p2b: Calyrex|As One\n|-ability|p2b: Calyrex|Unnerve\n|turn|5\n|\n|t:|1773680452\n|switch|p2a: Iron Hands|Iron Hands, L50|100/100\n|-activate|p2a: Iron Hands|ability: Quark Drive\n|-start|p2a: Iron Hands|quarkdriveatk\n|move|p1a: Hitmontop|Wide Guard|p1a: Hitmontop\n|-singleturn|p1a: Hitmontop|Wide Guard\n|move|p2b: Calyrex|Psychic|p1a: Hitmontop\n|-supereffective|p1a: Hitmontop\n|-damage|p1a: Hitmontop|0 fnt\n|faint|p1a: Hitmontop\n|-ability|p2b: Calyrex|Grim Neigh|boost\n|-boost|p2b: Calyrex|spa|1\n|-damage|p2b: Calyrex|91/100|[from] item: Life Orb\n|move|p1b: Calyrex|Trick Room|p1b: Calyrex\n|-fieldstart|move: Trick Room|[of] p1b: Calyrex\n|\n|upkeep\n|\n|t:|1773680468\n|switch|p1a: Miraidon|Miraidon, L50|83/100\n|-activate|p1a: Miraidon|ability: Hadron Engine\n|turn|6\n|\n|t:|1773680478\n|-terastallize|p1b: Calyrex|Fire\n|move|p2a: Iron Hands|Fake Out|p1a: Miraidon\n|-damage|p1a: Miraidon|66/100\n|move|p1b: Calyrex|Glacial Lance|p2b: Calyrex|[spread] p2a,p2b\n|-damage|p2a: Iron Hands|59/100\n|-damage|p2b: Calyrex|21/100\n|cant|p1a: Miraidon|flinch\n|move|p2b: Calyrex|Astral Barrage|p1b: Calyrex|[spread] p1a,p1b\n|-damage|p1a: Miraidon|10/100\n|-damage|p1b: Calyrex|25/100\n|-damage|p2b: Calyrex|11/100|[from] item: Life Orb\n|\n|upkeep\n|turn|7\n|inactive|Realfrytki has 30 seconds left.\n|\n|t:|1773680503\n|switch|p1a: Ting-Lu|Ting-Lu, L50|59/100 slp\n|-ability|p1a: Ting-Lu|Vessel of Ruin\n|move|p1b: Calyrex|Stomping Tantrum|p2a: Iron Hands\n|-supereffective|p2a: Iron Hands\n|-damage|p2a: Iron Hands|15/100\n|move|p2a: Iron Hands|Low Kick|p1b: Calyrex\n|-damage|p1b: Calyrex|0 fnt\n|faint|p1b: Calyrex\n|move|p2b: Calyrex|Astral Barrage|p1a: Ting-Lu\n|-resisted|p1a: Ting-Lu\n|-damage|p1a: Ting-Lu|26/100 slp\n|-damage|p2b: Calyrex|2/100|[from] item: Life Orb\n|\n|-fieldend|move: Electric Terrain\n|-end|p2a: Iron Hands|Quark Drive\n|upkeep\n|-message|ArisHazard forfeited.\n|\n|win|Realfrytki\n|raw|ArisHazard's rating: 1366 &rarr; <strong>1348</strong><br />(-18 for losing)\n|raw|Realfrytki's rating: 1400 &rarr; <strong>1418</strong><br />(+18 for winning)\n|l|\u2606ArisHazard\n|player|p1|\n|l|\u2606Realfrytki\n|player|p2|\n","uploadtime":1773680749,"views":10,"formatid":"gen9vgc2026regi","rating":1348,"private":0,"password":null}