{"id":"gen9vgc2026regi-2558727690","format":"[Gen 9] VGC 2026 Reg I","players":["wasaad5","Darknight675"],"log":"|j|\u2606wasaad5\n|j|\u2606Darknight675\n|t:|1773470615\n|gametype|doubles\n|player|p1|wasaad5|blue|1326\n|player|p2|Darknight675|will|1411\n|gen|9\n|tier|[Gen 9] VGC 2026 Reg I\n|rated|\n|rule|Species Clause: Limit one of each Pok\u00e9mon\n|rule|Item Clause: Limit 1 of each item\n|clearpoke\n|poke|p1|Kyurem-White, L50|\n|poke|p1|Zacian-*, L50|\n|poke|p1|Sableye, L50, M|\n|poke|p1|Urshifu-*, L50, F|\n|poke|p1|Amoonguss, L50, F|\n|poke|p1|Incineroar, L50, M|\n|poke|p2|Miraidon, L50|\n|poke|p2|Calyrex-Ice, L50|\n|poke|p2|Amoonguss, L50, M|\n|poke|p2|Incineroar, L50, M|\n|poke|p2|Urshifu-*, L50, M|\n|poke|p2|Landorus, L50, M|\n|teampreview|4\n|\n|t:|1773470651\n|teamsize|p1|4\n|teamsize|p2|4\n|start\n|switch|p1a: Kyurem|Kyurem-White, L50, shiny|100/100\n|switch|p1b: Amoonguss|Amoonguss, L50, F|100/100\n|switch|p2a: Incineroar|Incineroar, L50, M|100/100\n|switch|p2b: Calyrex|Calyrex-Ice, L50|100/100\n|-ability|p2b: Calyrex|As One\n|-ability|p2b: Calyrex|Unnerve\n|-ability|p1a: Kyurem|Turboblaze\n|-ability|p2a: Incineroar|Intimidate|boost\n|-unboost|p1a: Kyurem|atk|1\n|-unboost|p1b: Amoonguss|atk|1\n|turn|1\n|\n|t:|1773470673\n|-terastallize|p1b: Amoonguss|Dark\n|move|p2a: Incineroar|Fake Out|p1b: Amoonguss\n|-damage|p1b: Amoonguss|87/100\n|move|p1a: Kyurem|Fusion Flare|p2b: Calyrex\n|-supereffective|p2b: Calyrex\n|-damage|p2b: Calyrex|44/100\n|move|p2b: Calyrex|Glacial Lance|p1b: Amoonguss|[spread] p1a,p1b\n|-damage|p1a: Kyurem|54/100\n|-damage|p1b: Amoonguss|30/100\n|cant|p1b: Amoonguss|flinch\n|\n|upkeep\n|turn|2\n|\n|t:|1773470709\n|switch|p1b: Urshifu|Urshifu-Rapid-Strike, L50, F|100/100\n|move|p2b: Calyrex|Protect|p2b: Calyrex\n|-singleturn|p2b: Calyrex|Protect\n|move|p1a: Kyurem|Ice Beam|p2b: Calyrex\n|-activate|p2b: Calyrex|move: Protect\n|move|p2a: Incineroar|U-turn|p1b: Urshifu\n|-resisted|p1b: Urshifu\n|-damage|p1b: Urshifu|90/100\n|\n|t:|1773470718\n|switch|p2a: Miraidon|Miraidon, L50|100/100|[from] U-turn\n|-fieldstart|move: Electric Terrain|[from] ability: Hadron Engine|[of] p2a: Miraidon\n|\n|upkeep\n|turn|3\n|\n|t:|1773470730\n|switch|p2b: Incineroar|Incineroar, L50, M|100/100\n|-ability|p2b: Incineroar|Intimidate|boost\n|-unboost|p1a: Kyurem|atk|1\n|-unboost|p1b: Urshifu|atk|1\n|move|p2a: Miraidon|Electro Drift|p1b: Urshifu\n|-supereffective|p1b: Urshifu\n|-damage|p1b: Urshifu|0 fnt\n|faint|p1b: Urshifu\n|move|p1a: Kyurem|Ice Beam|p2a: Miraidon\n|-supereffective|p2a: Miraidon\n|-damage|p2a: Miraidon|11/100\n|\n|upkeep\n|\n|t:|1773470736\n|switch|p1b: Amoonguss|Amoonguss, L50, F, tera:Dark|63/100\n|turn|4\n|\n|t:|1773470757\n|move|p1b: Amoonguss|Protect|p1b: Amoonguss\n|-singleturn|p1b: Amoonguss|Protect\n|move|p2b: Incineroar|Fake Out|p1b: Amoonguss\n|-activate|p1b: Amoonguss|move: Protect\n|move|p2a: Miraidon|Electro Drift|p1a: Kyurem\n|-resisted|p1a: Kyurem\n|-damage|p1a: Kyurem|31/100\n|move|p1a: Kyurem|Ice Beam|p2a: Miraidon\n|-supereffective|p2a: Miraidon\n|-damage|p2a: Miraidon|0 fnt\n|faint|p2a: Miraidon\n|\n|upkeep\n|\n|t:|1773470774\n|switch|p2a: Calyrex|Calyrex-Ice, L50|44/100\n|-ability|p2a: Calyrex|As One\n|-ability|p2a: Calyrex|Unnerve\n|turn|5\n|\n|t:|1773470789\n|move|p2a: Calyrex|Protect|p2a: Calyrex\n|-singleturn|p2a: Calyrex|Protect\n|move|p1b: Amoonguss|Protect|p1b: Amoonguss\n|-singleturn|p1b: Amoonguss|Protect\n|move|p1a: Kyurem|Fusion Flare|p2a: Calyrex\n|-activate|p2a: Calyrex|move: Protect\n|move|p2b: Incineroar|U-turn|p1b: Amoonguss\n|-activate|p1b: Amoonguss|move: Protect\n|\n|upkeep\n|turn|6\n|\n|t:|1773470803\n|-terastallize|p2a: Calyrex|Fire\n|move|p1a: Kyurem|Fusion Flare|p2a: Calyrex\n|-resisted|p2a: Calyrex\n|-damage|p2a: Calyrex|31/100\n|move|p2b: Incineroar|U-turn|p1b: Amoonguss\n|-supereffective|p1b: Amoonguss\n|-damage|p1b: Amoonguss|19/100\n|\n|t:|1773470811\n|switch|p2b: Landorus|Landorus, L50, M|100/100|[from] U-turn\n|move|p2a: Calyrex|Glacial Lance|p1a: Kyurem|[spread] p1a,p1b\n|-crit|p1b: Amoonguss\n|-damage|p1a: Kyurem|0 fnt\n|-damage|p1b: Amoonguss|0 fnt\n|faint|p1a: Kyurem\n|faint|p1b: Amoonguss\n|-ability|p2a: Calyrex|Chilling Neigh|boost\n|-boost|p2a: Calyrex|atk|2\n|\n|-fieldend|move: Electric Terrain\n|upkeep\n|-message|wasaad5 forfeited.\n|\n|win|Darknight675\n|raw|wasaad5's rating: 1326 &rarr; <strong>1311</strong><br />(-15 for losing)\n|raw|Darknight675's rating: 1411 &rarr; <strong>1426</strong><br />(+15 for winning)\n|l|\u2606wasaad5\n|player|p1|\n|l|\u2606Darknight675\n|player|p2|\n","uploadtime":1773470991,"views":14,"formatid":"gen9vgc2026regi","rating":1311,"private":0,"password":null}