{"id":"gen9vgc2026regi-2563205704","format":"[Gen 9] VGC 2026 Reg I","players":["thepwr","Sh1k3"],"log":"|j|\u203dthepwr\n|j|\u2606Sh1k3\n|t:|1774003082\n|gametype|doubles\n|player|p1|thepwr|guzma|1211\n|player|p2|Sh1k3|266|1239\n|gen|9\n|tier|[Gen 9] VGC 2026 Reg I\n|rated|\n|rule|Species Clause: Limit one of each Pok\u00e9mon\n|rule|Item Clause: Limit 1 of each item\n|clearpoke\n|poke|p1|Incineroar, L50, F|\n|poke|p1|Rillaboom, L50, M|\n|poke|p1|Landorus, L50, M|\n|poke|p1|Smeargle, L50, M|\n|poke|p1|Koraidon, L50|\n|poke|p1|Calyrex-Ice, L50|\n|poke|p2|Calyrex-Shadow, L50|\n|poke|p2|Terapagos, L50, M|\n|poke|p2|Smeargle, L50, M|\n|poke|p2|Iron Hands, L50|\n|poke|p2|Tornadus, L50, M|\n|poke|p2|Chi-Yu, L50|\n|teampreview|4\n|inactive|Battle timer is ON: inactive players will automatically lose when time's up. (requested by thepwr)\n|inactive|thepwr has 60 seconds left.\n|inactive|Sh1k3 has 60 seconds left.\n|\n|t:|1774003142\n|teamsize|p1|4\n|teamsize|p2|4\n|start\n|switch|p1a: Smeargle|Smeargle, L50, M, shiny|100/100\n|switch|p1b: Calyrex|Calyrex-Ice, L50|100/100\n|switch|p2a: Terapagos|Terapagos, L50, M|100/100\n|switch|p2b: Smeargle|Smeargle, L50, M|100/100\n|-activate|p2a: Terapagos|ability: Tera Shift\n|detailschange|p2a: Terapagos|Terapagos-Terastal, L50, M\n|-heal|p2a: Terapagos|100/100|[silent]\n|-ability|p1b: Calyrex|As One\n|-ability|p1b: Calyrex|Unnerve\n|turn|1\n|inactive|thepwr has 30 seconds left.\n|\n|t:|1774003177\n|-terastallize|p1a: Smeargle|Grass\n|-terastallize|p2a: Terapagos|Stellar\n|detailschange|p2a: Terapagos|Terapagos-Stellar, L50, M, tera:Stellar\n|-heal|p2a: Terapagos|100/100|[silent]\n|move|p1b: Calyrex|Protect|p1b: Calyrex\n|-singleturn|p1b: Calyrex|Protect\n|move|p2b: Smeargle|Fake Out|p1a: Smeargle\n|-damage|p1a: Smeargle|91/100\n|cant|p1a: Smeargle|flinch\n|move|p2a: Terapagos|Meteor Beam||[still]\n|-prepare|p2a: Terapagos|Meteor Beam\n|-boost|p2a: Terapagos|spa|1\n|-enditem|p2a: Terapagos|Power Herb\n|-anim|p2a: Terapagos|Meteor Beam|p1b: Calyrex\n|-activate|p1b: Calyrex|move: Protect\n|\n|-ability|p1a: Smeargle|Moody|boost\n|-boost|p1a: Smeargle|def|2\n|-unboost|p1a: Smeargle|atk|1\n|-ability|p2b: Smeargle|Moody|boost\n|-boost|p2b: Smeargle|atk|2\n|-unboost|p2b: Smeargle|spe|1\n|upkeep\n|turn|2\n|inactive|thepwr has 30 seconds left.\n|inactive|thepwr has 20 seconds left.\n|\n|t:|1774003214\n|move|p1a: Smeargle|Follow Me|p1a: Smeargle\n|-singleturn|p1a: Smeargle|move: Follow Me\n|move|p2b: Smeargle|Follow Me|p2b: Smeargle\n|-singleturn|p2b: Smeargle|move: Follow Me\n|move|p2a: Terapagos|Tera Starstorm|p1a: Smeargle|[spread] p1a,p1b\n|-supereffective|p1a: Smeargle\n|-damage|p1a: Smeargle|0 fnt\n|-damage|p1b: Calyrex|65/100\n|faint|p1a: Smeargle\n|move|p1b: Calyrex|Trick Room|p1b: Calyrex\n|-fieldstart|move: Trick Room|[of] p1b: Calyrex\n|\n|-heal|p1b: Calyrex|71/100|[from] item: Leftovers\n|-ability|p2b: Smeargle|Moody|boost\n|-boost|p2b: Smeargle|def|2\n|-unboost|p2b: Smeargle|spd|1\n|upkeep\n|\n|t:|1774003229\n|switch|p1a: Landorus|Landorus, L50, M|100/100\n|turn|3\n|\n|t:|1774003239\n|move|p1b: Calyrex|Glacial Lance|p2b: Smeargle|[spread] p2a,p2b\n|-damage|p2a: Terapagos|66/100\n|-damage|p2b: Smeargle|54/100\n|move|p2b: Smeargle|Decorate|p2a: Terapagos\n|-boost|p2a: Terapagos|atk|2\n|-boost|p2a: Terapagos|spa|2\n|move|p2a: Terapagos|Tera Starstorm|p1b: Calyrex|[spread] p1a,p1b\n|-damage|p1a: Landorus|0 fnt\n|-damage|p1b: Calyrex|13/100\n|faint|p1a: Landorus\n|\n|-heal|p1b: Calyrex|19/100|[from] item: Leftovers\n|-ability|p2b: Smeargle|Moody|boost\n|-boost|p2b: Smeargle|spe|2\n|-unboost|p2b: Smeargle|atk|1\n|upkeep\n|\n|t:|1774003255\n|switch|p1a: Koraidon|Koraidon, L50, shiny|100/100\n|-weather|SunnyDay|[from] ability: Orichalcum Pulse|[of] p1a: Koraidon\n|-activate|p1a: Koraidon|Orichalcum Pulse|[source]\n|turn|4\n|\n|t:|1774003276\n|move|p1b: Calyrex|Glacial Lance|p2b: Smeargle|[spread] p2a,p2b\n|-damage|p2a: Terapagos|28/100\n|-damage|p2b: Smeargle|0 fnt\n|faint|p2b: Smeargle\n|-ability|p1b: Calyrex|Chilling Neigh|boost\n|-boost|p1b: Calyrex|atk|1\n|move|p2a: Terapagos|Tera Starstorm|p1a: Koraidon|[spread] p1a,p1b\n|-damage|p1a: Koraidon|13/100\n|-damage|p1b: Calyrex|0 fnt\n|faint|p1b: Calyrex\n|move|p1a: Koraidon|Low Kick|p2a: Terapagos\n|-supereffective|p2a: Terapagos\n|-damage|p2a: Terapagos|0 fnt\n|faint|p2a: Terapagos\n|detailschange|p2: Terapagos|Terapagos, L50, M|[silent]\n|\n|-weather|SunnyDay|[upkeep]\n|upkeep\n|\n|t:|1774003280\n|switch|p2a: Calyrex|Calyrex-Shadow, L50|100/100\n|switch|p2b: Chi-Yu|Chi-Yu, L50|100/100\n|-ability|p2a: Calyrex|As One\n|-ability|p2a: Calyrex|Unnerve\n|-ability|p2b: Chi-Yu|Beads of Ruin\n|turn|5\n|-message|thepwr forfeited.\n|\n|win|Sh1k3\n|raw|thepwr's rating: 1211 &rarr; <strong>1188</strong><br />(-23 for losing)\n|raw|Sh1k3's rating: 1239 &rarr; <strong>1262</strong><br />(+23 for winning)\n|l|\u203dthepwr\n|player|p1|\n","uploadtime":1774003307,"views":16,"formatid":"gen9vgc2026regi","rating":1188,"private":0,"password":null}