{"id":"gen9vgc2026regi-2529293008","format":"[Gen 9] VGC 2026 Reg I","players":["Alex Sotos fan","yamato-tak"],"log":"|j|\u2606Alex Sotos fan\n|j|\u2606yamato-tak\n|t:|1769768659\n|gametype|doubles\n|player|p1|Alex Sotos fan|youngster-gen4dp|1576\n|player|p2|yamato-tak|101|1500\n|gen|9\n|tier|[Gen 9] VGC 2026 Reg I\n|rated|\n|rule|Species Clause: Limit one of each Pok\u00e9mon\n|rule|Item Clause: Limit 1 of each item\n|clearpoke\n|poke|p1|Miraidon, L50|\n|poke|p1|Lunala, L50|\n|poke|p1|Urshifu-*, L50, F|\n|poke|p1|Ursaluna, L50, F|\n|poke|p1|Incineroar, L50, F|\n|poke|p1|Whimsicott, L50, F|\n|poke|p2|Miraidon, L50|\n|poke|p2|Calyrex-Ice, L50|\n|poke|p2|Volcarona, L50, M|\n|poke|p2|Araquanid, L50, M|\n|poke|p2|Grimmsnarl, L50, M|\n|poke|p2|Entei, L50|\n|teampreview|4\n|inactive|Battle timer is ON: inactive players will automatically lose when time's up. (requested by Alex Sotos fan)\n|\n|t:|1769768679\n|teamsize|p1|4\n|teamsize|p2|4\n|start\n|switch|p1a: Incineroar|Incineroar, L50, F, shiny|100/100\n|switch|p1b: Miraidon|Miraidon, L50, shiny|100/100\n|switch|p2a: Grimmsnarl|Grimmsnarl, L50, M, shiny|100/100\n|switch|p2b: Miraidon|Miraidon, L50, shiny|100/100\n|-fieldstart|move: Electric Terrain|[from] ability: Hadron Engine|[of] p1b: Miraidon\n|-activate|p2b: Miraidon|ability: Hadron Engine\n|-ability|p1a: Incineroar|Intimidate|boost\n|-unboost|p2a: Grimmsnarl|atk|1\n|-unboost|p2b: Miraidon|atk|1\n|turn|1\n|\n|t:|1769768693\n|-terastallize|p1b: Miraidon|Fairy\n|-terastallize|p2b: Miraidon|Electric\n|move|p2a: Grimmsnarl|Fake Out|p1b: Miraidon\n|-damage|p1b: Miraidon|93/100\n|move|p1a: Incineroar|Fake Out|p2b: Miraidon\n|-damage|p2b: Miraidon|91/100\n|cant|p1b: Miraidon|flinch\n|move|p2b: Miraidon|Calm Mind|p2b: Miraidon\n|-boost|p2b: Miraidon|spa|1\n|-boost|p2b: Miraidon|spd|1\n|\n|upkeep\n|turn|2\n|\n|t:|1769768709\n|move|p2a: Grimmsnarl|Light Screen|p2a: Grimmsnarl\n|-sidestart|p2: yamato-tak|move: Light Screen\n|move|p1b: Miraidon|Dazzling Gleam|p2a: Grimmsnarl|[spread] p2a,p2b\n|-supereffective|p2a: Grimmsnarl\n|-damage|p2a: Grimmsnarl|23/100\n|-damage|p2b: Miraidon|71/100\n|move|p2b: Miraidon|Electro Drift|p1a: Incineroar\n|-damage|p1a: Incineroar|7/100\n|move|p1a: Incineroar|U-turn|p2b: Miraidon\n|-damage|p2b: Miraidon|53/100\n|\n|t:|1769768721\n|switch|p1a: Lunala|Lunala, L50, shiny|100/100|[from] U-turn\n|-enditem|p1a: Lunala|Electric Seed\n|-boost|p1a: Lunala|def|1|[from] item: Electric Seed\n|\n|upkeep\n|turn|3\n|\n|t:|1769768729\n|move|p2a: Grimmsnarl|Reflect|p2a: Grimmsnarl\n|-sidestart|p2: yamato-tak|Reflect\n|move|p1b: Miraidon|Dazzling Gleam|p2a: Grimmsnarl|[spread] p2a,p2b\n|-supereffective|p2a: Grimmsnarl\n|-crit|p2a: Grimmsnarl\n|-damage|p2a: Grimmsnarl|0 fnt\n|-damage|p2b: Miraidon|33/100\n|faint|p2a: Grimmsnarl\n|move|p2b: Miraidon|Parabolic Charge|p1b: Miraidon|[spread] p1a,p1b\n|-damage|p1a: Lunala|73/100\n|-heal|p2b: Miraidon|49/100|[from] drain|[of] p1a: Lunala\n|-damage|p1b: Miraidon|26/100\n|-heal|p2b: Miraidon|79/100|[from] drain|[of] p1b: Miraidon\n|move|p1a: Lunala|Trick Room|p1a: Lunala\n|-fieldstart|move: Trick Room|[of] p1a: Lunala\n|\n|upkeep\n|\n|t:|1769768744\n|switch|p2a: Araquanid|Araquanid, L50, M, shiny|100/100\n|turn|4\n|\n|t:|1769768753\n|switch|p1b: Incineroar|Incineroar, L50, F, shiny|7/100\n|-ability|p1b: Incineroar|Intimidate|boost\n|-unboost|p2a: Araquanid|atk|1\n|-unboost|p2b: Miraidon|atk|1\n|move|p2a: Araquanid|Liquidation|p1b: Incineroar\n|-supereffective|p1b: Incineroar\n|-damage|p1b: Incineroar|0 fnt\n|faint|p1b: Incineroar\n|move|p1a: Lunala|Moongeist Beam|p2a: Araquanid\n|-damage|p2a: Araquanid|70/100\n|move|p2b: Miraidon|Electro Drift|p1a: Lunala\n|-damage|p1a: Lunala|0 fnt\n|faint|p1a: Lunala\n|\n|upkeep\n|\n|t:|1769768760\n|switch|p1b: Miraidon|Miraidon, L50, shiny, tera:Fairy|26/100\n|switch|p1a: Urshifu|Urshifu-Rapid-Strike, L50, F|100/100\n|-activate|p1b: Miraidon|ability: Hadron Engine\n|turn|5\n|\n|t:|1769768772\n|move|p2a: Araquanid|Wide Guard|p2a: Araquanid\n|-singleturn|p2a: Araquanid|Wide Guard\n|move|p1a: Urshifu|Surging Strikes|p2b: Miraidon\n|-crit|p2b: Miraidon\n|-damage|p2b: Miraidon|51/100\n|-crit|p2b: Miraidon\n|-damage|p2b: Miraidon|26/100\n|-crit|p2b: Miraidon\n|-damage|p2b: Miraidon|1/100\n|-hitcount|p2b: Miraidon|3\n|move|p2b: Miraidon|Parabolic Charge|p1b: Miraidon|[spread] p1a,p1b\n|-activate|p2a: Araquanid|move: Wide Guard\n|-supereffective|p1a: Urshifu\n|-damage|p1a: Urshifu|0 fnt\n|-heal|p2b: Miraidon|48/100|[from] drain|[of] p1a: Urshifu\n|-damage|p1b: Miraidon|0 fnt\n|-heal|p2b: Miraidon|59/100|[from] drain|[of] p1b: Miraidon\n|faint|p1a: Urshifu\n|faint|p1b: Miraidon\n|\n|win|yamato-tak\n|raw|Alex Sotos fan's rating: 1576 &rarr; <strong>1552</strong><br />(-24 for losing)\n|raw|yamato-tak's rating: 1500 &rarr; <strong>1524</strong><br />(+24 for winning)\n|l|\u2606Alex Sotos fan\n|player|p1|\n|l|\u2606yamato-tak\n|player|p2|\n","uploadtime":1769768989,"views":38,"formatid":"gen9vgc2026regi","rating":1524,"private":0,"password":null}