{"id":"gen9vgc2026regi-2582208099","format":"[Gen 9] VGC 2026 Reg I","players":["Praguesheevp","KCLord"],"log":"|j|\u2606Praguesheevp\n|j|\u2606KCLord\n|t:|1776071419\n|gametype|doubles\n|player|p1|Praguesheevp|169|1469\n|player|p2|KCLord|cynthia-gen4|1503\n|gen|9\n|tier|[Gen 9] VGC 2026 Reg I\n|rated|\n|rule|Species Clause: Limit one of each Pok\u00e9mon\n|rule|Item Clause: Limit 1 of each item\n|clearpoke\n|poke|p1|Calyrex-Ice, L50|\n|poke|p1|Kyogre, L50|\n|poke|p1|Smeargle, L50, M|\n|poke|p1|Roaring Moon, L50|\n|poke|p1|Landorus, L50, M|\n|poke|p1|Ogerpon-Cornerstone, L50, F|\n|poke|p2|Calyrex-Shadow, L50|\n|poke|p2|Zamazenta-*, L50|\n|poke|p2|Chien-Pao, L50|\n|poke|p2|Dragonite, L50, M|\n|poke|p2|Raging Bolt, L50|\n|poke|p2|Ogerpon-Cornerstone, L50, F|\n|teampreview|4\n|\n|t:|1776071464\n|teamsize|p1|4\n|teamsize|p2|4\n|start\n|switch|p1a: Ogerpon|Ogerpon-Cornerstone, L50, F|100/100\n|switch|p1b: Calyrex|Calyrex-Ice, L50|100/100\n|switch|p2a: Arlie|Chien-Pao, L50|100/100\n|switch|p2b: Green Goober|Dragonite, L50, M|100/100\n|-ability|p1b: Calyrex|As One\n|-ability|p1b: Calyrex|Unnerve\n|-ability|p2a: Arlie|Sword of Ruin\n|turn|1\n|\n|t:|1776071480\n|-terastallize|p2b: Green Goober|Normal\n|move|p1a: Ogerpon|Spiky Shield|p1a: Ogerpon\n|-singleturn|p1a: Ogerpon|move: Protect\n|move|p1b: Calyrex|Protect|p1b: Calyrex\n|-singleturn|p1b: Calyrex|Protect\n|move|p2b: Green Goober|Extreme Speed|p1b: Calyrex\n|-activate|p1b: Calyrex|move: Protect\n|move|p2a: Arlie|Icy Wind|p1a: Ogerpon|[spread] \n|-activate|p1a: Ogerpon|move: Protect\n|-activate|p1b: Calyrex|move: Protect\n|\n|upkeep\n|turn|2\n|\n|t:|1776071513\n|move|p2b: Green Goober|Extreme Speed|p1b: Calyrex\n|-damage|p1b: Calyrex|44/100\n|move|p2a: Arlie|Icy Wind|p1b: Calyrex|[spread] p1a\n|-miss|p2a: Arlie|p1b: Calyrex\n|-supereffective|p1a: Ogerpon\n|-damage|p1a: Ogerpon|77/100\n|-unboost|p1a: Ogerpon|spe|1\n|move|p1a: Ogerpon|Ivy Cudgel|p2a: Arlie|[anim] Ivy Cudgel Rock\n|-supereffective|p2a: Arlie\n|-damage|p2a: Arlie|0 fnt\n|faint|p2a: Arlie\n|move|p1b: Calyrex|Trick Room|p1b: Calyrex\n|-fieldstart|move: Trick Room|[of] p1b: Calyrex\n|\n|-heal|p1b: Calyrex|50/100|[from] item: Leftovers\n|upkeep\n|\n|t:|1776071531\n|switch|p2a: Zamazenta|Zamazenta-Crowned, L50|100/100\n|-ability|p2a: Zamazenta|Dauntless Shield|boost\n|-boost|p2a: Zamazenta|def|1\n|turn|3\n|\n|t:|1776071554\n|move|p2b: Green Goober|Extreme Speed|p1b: Calyrex\n|-damage|p1b: Calyrex|8/100\n|move|p1b: Calyrex|Leech Seed|p2a: Zamazenta\n|-start|p2a: Zamazenta|move: Leech Seed\n|move|p1a: Ogerpon|Ivy Cudgel|p2b: Green Goober|[anim] Ivy Cudgel Rock\n|-damage|p2b: Green Goober|50/100\n|move|p2a: Zamazenta|Body Press|p1a: Ogerpon\n|-supereffective|p1a: Ogerpon\n|-damage|p1a: Ogerpon|0 fnt\n|faint|p1a: Ogerpon\n|\n|-heal|p1b: Calyrex|14/100|[from] item: Leftovers\n|-damage|p2a: Zamazenta|88/100|[from] Leech Seed|[of] p1b: Calyrex\n|-heal|p1b: Calyrex|25/100|[silent]\n|upkeep\n|\n|t:|1776071565\n|switch|p1a: Landorus|Landorus, L50, M|100/100\n|turn|4\n|\n|t:|1776071584\n|move|p1b: Calyrex|Protect|p1b: Calyrex\n|-singleturn|p1b: Calyrex|Protect\n|move|p2a: Zamazenta|Protect|p2a: Zamazenta\n|-singleturn|p2a: Zamazenta|Protect\n|move|p2b: Green Goober|Extreme Speed|p1a: Landorus\n|-crit|p1a: Landorus\n|-damage|p1a: Landorus|1/100\n|move|p1a: Landorus|Earth Power|p2b: Green Goober\n|-damage|p2b: Green Goober|0 fnt\n|faint|p2b: Green Goober\n|\n|-heal|p1b: Calyrex|31/100|[from] item: Leftovers\n|-damage|p2a: Zamazenta|76/100|[from] Leech Seed|[of] p1b: Calyrex\n|-heal|p1b: Calyrex|43/100|[silent]\n|upkeep\n|\n|t:|1776071594\n|switch|p2b: PinkPonyClub|Calyrex-Shadow, L50|100/100\n|-ability|p2b: PinkPonyClub|As One\n|-ability|p2b: PinkPonyClub|Unnerve\n|turn|5\n|\n|t:|1776071605\n|move|p2a: Zamazenta|Wide Guard|p2a: Zamazenta\n|-singleturn|p2a: Zamazenta|Wide Guard\n|move|p1b: Calyrex|Glacial Lance|p2b: PinkPonyClub|[spread] \n|-activate|p2a: Zamazenta|move: Wide Guard\n|-activate|p2b: PinkPonyClub|move: Wide Guard\n|move|p1a: Landorus|Earth Power|p2a: Zamazenta\n|-supereffective|p2a: Zamazenta\n|-damage|p2a: Zamazenta|0 fnt\n|faint|p2a: Zamazenta\n|move|p2b: PinkPonyClub|Astral Barrage|p1b: Calyrex|[spread] p1a,p1b\n|-supereffective|p1b: Calyrex\n|-damage|p1a: Landorus|0 fnt\n|-damage|p1b: Calyrex|0 fnt\n|faint|p1a: Landorus\n|faint|p1b: Calyrex\n|-ability|p2b: PinkPonyClub|Grim Neigh|boost\n|-boost|p2b: PinkPonyClub|spa|2\n|\n|upkeep\n|\n|t:|1776071609\n|switch|p1b: Roaring Moon|Roaring Moon, L50|100/100\n|-enditem|p1b: Roaring Moon|Booster Energy\n|-activate|p1b: Roaring Moon|ability: Protosynthesis|[fromitem]\n|-start|p1b: Roaring Moon|protosynthesisspe\n|turn|6\n|\n|t:|1776071628\n|move|p2b: PinkPonyClub|Astral Barrage|p1b: Roaring Moon\n|-resisted|p1b: Roaring Moon\n|-damage|p1b: Roaring Moon|28/100\n|move|p1b: Roaring Moon|Knock Off|p2b: PinkPonyClub\n|-supereffective|p2b: PinkPonyClub\n|-enditem|p2b: PinkPonyClub|Focus Sash\n|-damage|p2b: PinkPonyClub|1/100\n|\n|-fieldend|move: Trick Room\n|upkeep\n|turn|7\n|\n|t:|1776071637\n|move|p1b: Roaring Moon|Knock Off|p2b: PinkPonyClub\n|-supereffective|p2b: PinkPonyClub\n|-damage|p2b: PinkPonyClub|0 fnt\n|faint|p2b: PinkPonyClub\n|\n|win|Praguesheevp\n|raw|Praguesheevp's rating: 1469 &rarr; <strong>1491</strong><br />(+22 for winning)\n|raw|KCLord's rating: 1503 &rarr; <strong>1481</strong><br />(-22 for losing)\n|l|\u2606KCLord\n|player|p2|\n|l|\u2606Praguesheevp\n|player|p1|\n|j|\u2606Praguesheevp\n|player|p1|Praguesheevp|169|\n","uploadtime":1776071885,"views":16,"formatid":"gen9vgc2026regi","rating":1481,"private":0,"password":null}