{"id":"gen9vgc2026regi-2565280688","format":"[Gen 9] VGC 2026 Reg I","players":["pumba-kun","ScribbleScribble"],"log":"|j|\u2606pumba-kun\n|j|\u2606ScribbleScribble\n|t:|1774256837\n|gametype|doubles\n|player|p1|pumba-kun|iris-gen5bw2|1399\n|player|p2|ScribbleScribble|mina-lgpe|1464\n|gen|9\n|tier|[Gen 9] VGC 2026 Reg I\n|rated|\n|rule|Species Clause: Limit one of each Pok\u00e9mon\n|rule|Item Clause: Limit 1 of each item\n|clearpoke\n|poke|p1|Terapagos, L50, M|\n|poke|p1|Incineroar, L50, M|\n|poke|p1|Rillaboom, L50, F|\n|poke|p1|Ogerpon-Cornerstone, L50, F|\n|poke|p1|Flutter Mane, L50|\n|poke|p1|Calyrex-Shadow, L50|\n|poke|p2|Calyrex-Ice, L50|\n|poke|p2|Kyogre, L50|\n|poke|p2|Tornadus, L50, M|\n|poke|p2|Indeedee-F, L50, F|\n|poke|p2|Urshifu-*, L50, M|\n|poke|p2|Landorus, L50, M|\n|teampreview|4\n|inactive|Battle timer is ON: inactive players will automatically lose when time's up. (requested by ScribbleScribble)\n|inactive|pumba-kun also wants the timer to be on.\npumba-kun has agreed to open team sheets.\n|\n|t:|1774256861\n|teamsize|p1|4\n|teamsize|p2|4\n|start\n|switch|p1a: Flip|Terapagos, L50, M|100/100\n|switch|p1b: Ogerpon|Ogerpon-Cornerstone, L50, F|100/100\n|switch|p2a: Tornadus|Tornadus, L50, M|100/100\n|switch|p2b: Urshifu|Urshifu-Rapid-Strike, L50, M|100/100\n|-activate|p1a: Flip|ability: Tera Shift\n|detailschange|p1a: Flip|Terapagos-Terastal, L50, M\n|-heal|p1a: Flip|100/100|[silent]\n|turn|1\n|\n|t:|1774256882\n|move|p2a: Tornadus|Taunt|p1a: Flip\n|-start|p1a: Flip|move: Taunt\n|move|p1b: Ogerpon|Ivy Cudgel|p2a: Tornadus|[anim] Ivy Cudgel Rock\n|-supereffective|p2a: Tornadus\n|-enditem|p2a: Tornadus|Focus Sash\n|-damage|p2a: Tornadus|1/100\n|move|p2b: Urshifu|Surging Strikes|p1a: Flip\n|-activate|p1a: Flip|ability: Tera Shell\n|-resisted|p1a: Flip\n|-crit|p1a: Flip\n|-damage|p1a: Flip|90/100\n|-resisted|p1a: Flip\n|-crit|p1a: Flip\n|-damage|p1a: Flip|79/100\n|-resisted|p1a: Flip\n|-crit|p1a: Flip\n|-damage|p1a: Flip|68/100\n|-hitcount|p1a: Flip|3\n|move|p1a: Flip|Tera Starstorm|p2b: Urshifu\n|-damage|p2b: Urshifu|31/100\n|\n|-heal|p1a: Flip|74/100|[from] item: Leftovers\n|upkeep\n|turn|2\n|\n|t:|1774256900\n|move|p1b: Ogerpon|Follow Me|p1b: Ogerpon\n|-singleturn|p1b: Ogerpon|move: Follow Me\n|move|p2a: Tornadus|Tailwind|p2a: Tornadus\n|-sidestart|p2: ScribbleScribble|move: Tailwind\n|move|p2b: Urshifu|Surging Strikes|p1b: Ogerpon\n|-crit|p1b: Ogerpon\n|-damage|p1b: Ogerpon|68/100\n|-crit|p1b: Ogerpon\n|-damage|p1b: Ogerpon|36/100\n|-crit|p1b: Ogerpon\n|-damage|p1b: Ogerpon|2/100\n|-hitcount|p1b: Ogerpon|3\n|move|p1a: Flip|Tera Starstorm|p2a: Tornadus\n|-damage|p2a: Tornadus|0 fnt\n|faint|p2a: Tornadus\n|\n|-heal|p1a: Flip|81/100|[from] item: Leftovers\n|upkeep\n|\n|t:|1774256904\n|switch|p2a: Calyrex|Calyrex-Ice, L50|100/100\n|-ability|p2a: Calyrex|As One\n|-ability|p2a: Calyrex|Unnerve\n|turn|3\n|\n|t:|1774256916\n|-terastallize|p1a: Flip|Stellar\n|detailschange|p1a: Flip|Terapagos-Stellar, L50, M, tera:Stellar\n|-heal|p1a: Flip|86/100|[silent]\n|move|p2b: Urshifu|Surging Strikes|p1a: Flip\n|-crit|p1a: Flip\n|-damage|p1a: Flip|71/100\n|-crit|p1a: Flip\n|-damage|p1a: Flip|54/100\n|-crit|p1a: Flip\n|-damage|p1a: Flip|36/100\n|-hitcount|p1a: Flip|3\n|move|p2a: Calyrex|Glacial Lance|p1a: Flip|[spread] p1a,p1b\n|-supereffective|p1b: Ogerpon\n|-damage|p1a: Flip|12/100\n|-damage|p1b: Ogerpon|0 fnt\n|faint|p1b: Ogerpon\n|-ability|p2a: Calyrex|Chilling Neigh|boost\n|-boost|p2a: Calyrex|atk|1\n|move|p1a: Flip|Tera Starstorm|p2b: Urshifu|[spread] p2a,p2b\n|-damage|p2a: Calyrex|74/100\n|-damage|p2b: Urshifu|0 fnt\n|faint|p2b: Urshifu\n|\n|-heal|p1a: Flip|18/100|[from] item: Leftovers\n|-end|p1a: Flip|move: Taunt\n|upkeep\n|\n|t:|1774256928\n|switch|p1b: Macky|Rillaboom, L50, F|100/100\n|switch|p2b: Kyogre|Kyogre, L50|100/100\n|-weather|RainDance|[from] ability: Drizzle|[of] p2b: Kyogre\n|-fieldstart|move: Grassy Terrain|[from] ability: Grassy Surge|[of] p1b: Macky\n|turn|4\n|\n|t:|1774256935\n|-terastallize|p2b: Kyogre|Grass\n|move|p1b: Macky|Fake Out|p2a: Calyrex\n|-damage|p2a: Calyrex|66/100\n|move|p2b: Kyogre|Water Spout|p1b: Macky|[spread] p1a,p1b\n|-resisted|p1b: Macky\n|-damage|p1a: Flip|0 fnt\n|-damage|p1b: Macky|61/100\n|faint|p1a: Flip\n|detailschange|p1: Flip|Terapagos, L50, M|[silent]\n|cant|p2a: Calyrex|flinch\n|\n|-weather|RainDance|[upkeep]\n|-heal|p2a: Calyrex|72/100|[from] Grassy Terrain\n|-heal|p1b: Macky|67/100|[from] Grassy Terrain\n|upkeep\n|\n|t:|1774256942\n|switch|p1a: Tlacuache|Calyrex-Shadow, L50|100/100\n|-ability|p1a: Tlacuache|As One\n|-ability|p1a: Tlacuache|Unnerve\n|turn|5\n|inactive|ScribbleScribble has 30 seconds left.\n|\n|t:|1774256971\n|move|p1a: Tlacuache|Protect|p1a: Tlacuache\n|-singleturn|p1a: Tlacuache|Protect\n|move|p2b: Kyogre|Water Spout|p1a: Tlacuache|[spread] p1b\n|-activate|p1a: Tlacuache|move: Protect\n|-resisted|p1b: Macky\n|-crit|p1b: Macky\n|-damage|p1b: Macky|9/100\n|move|p2a: Calyrex|Glacial Lance|p1a: Tlacuache|[spread] p1b\n|-activate|p1a: Tlacuache|move: Protect\n|-supereffective|p1b: Macky\n|-damage|p1b: Macky|0 fnt\n|faint|p1b: Macky\n|-ability|p2a: Calyrex|Chilling Neigh|boost\n|-boost|p2a: Calyrex|atk|1\n|\n|-weather|RainDance|[upkeep]\n|-heal|p2a: Calyrex|78/100|[from] Grassy Terrain\n|-sideend|p2: ScribbleScribble|move: Tailwind\n|upkeep\n|turn|6\n|\n|t:|1774256981\n|move|p1a: Tlacuache|Astral Barrage|p2a: Calyrex|[spread] p2a,p2b\n|-supereffective|p2a: Calyrex\n|-damage|p2a: Calyrex|4/100\n|-damage|p2b: Kyogre|60/100\n|move|p2b: Kyogre|Water Spout|p1a: Tlacuache\n|-damage|p1a: Tlacuache|2/100\n|move|p2a: Calyrex|Trick Room|p2a: Calyrex\n|-fieldstart|move: Trick Room|[of] p2a: Calyrex\n|\n|-weather|RainDance|[upkeep]\n|-heal|p2a: Calyrex|10/100|[from] Grassy Terrain\n|-heal|p2b: Kyogre|67/100|[from] Grassy Terrain\n|-heal|p1a: Tlacuache|8/100|[from] Grassy Terrain\n|upkeep\n|turn|7\n|\n|t:|1774256989\n|move|p2a: Calyrex|Glacial Lance|p1a: Tlacuache\n|-damage|p1a: Tlacuache|0 fnt\n|faint|p1a: Tlacuache\n|\n|win|ScribbleScribble\n|raw|pumba-kun's rating: 1399 &rarr; <strong>1383</strong><br />(-16 for losing)\n|raw|ScribbleScribble's rating: 1464 &rarr; <strong>1480</strong><br />(+16 for winning)\n|l|\u2606pumba-kun\n|player|p1|\n|l|\u2606ScribbleScribble\n|player|p2|\n","uploadtime":1774257195,"views":11,"formatid":"gen9vgc2026regi","rating":1383,"private":0,"password":null}