{"id":"gen9vgc2026regi-2532202275","format":"[Gen 9] VGC 2026 Reg I","players":["Greg J Alexander","kojimuranishi"],"log":"|j|\u2606Greg J Alexander\n|j|\u2606kojimuranishi\n|t:|1770149402\n|gametype|doubles\n|player|p1|Greg J Alexander|265|1405\n|player|p2|kojimuranishi|2|1491\n|gen|9\n|tier|[Gen 9] VGC 2026 Reg I\n|rated|\n|rule|Species Clause: Limit one of each Pok\u00e9mon\n|rule|Item Clause: Limit 1 of each item\n|clearpoke\n|poke|p1|Mimikyu, L50, M|\n|poke|p1|Hariyama, L50, M|\n|poke|p1|Calyrex-Ice, L50|\n|poke|p1|Groudon, L50|\n|poke|p1|Grimmsnarl, L50, M|\n|poke|p1|Clefable, L50, F|\n|poke|p2|Whimsicott, L50, M|\n|poke|p2|Chi-Yu, L50|\n|poke|p2|Calyrex-Ice, L50|\n|poke|p2|Miraidon, L50|\n|poke|p2|Ursaluna, L50, M|\n|poke|p2|Torkoal, L50, M|\n|teampreview|4\n|inactive|Battle timer is ON: inactive players will automatically lose when time's up. (requested by kojimuranishi)\n|\n|t:|1770149421\n|teamsize|p1|4\n|teamsize|p2|4\n|start\n|switch|p1a: Grimmsnarl|Grimmsnarl, L50, M|100/100\n|switch|p1b: Groudon|Groudon, L50|100/100\n|switch|p2a: Chi-Yu|Chi-Yu, L50|100/100\n|switch|p2b: Calyrex|Calyrex-Ice, L50|100/100\n|-ability|p2b: Calyrex|As One\n|-ability|p2b: Calyrex|Unnerve\n|-ability|p2a: Chi-Yu|Beads of Ruin\n|-weather|SunnyDay|[from] ability: Drought|[of] p1b: Groudon\n|turn|1\n|inactive|Greg J Alexander has 30 seconds left.\n|\n|t:|1770149448\n|move|p1b: Groudon|Protect|p1b: Groudon\n|-singleturn|p1b: Groudon|Protect\n|move|p1a: Grimmsnarl|Light Screen|p1a: Grimmsnarl\n|-sidestart|p1: Greg J Alexander|move: Light Screen\n|move|p2a: Chi-Yu|Heat Wave|p1a: Grimmsnarl|[spread] p1a\n|-activate|p1b: Groudon|move: Protect\n|-damage|p1a: Grimmsnarl|23/100\n|move|p2b: Calyrex|High Horsepower|p1b: Groudon\n|-activate|p1b: Groudon|move: Protect\n|\n|-weather|SunnyDay|[upkeep]\n|upkeep\n|turn|2\n|\n|t:|1770149462\n|move|p1a: Grimmsnarl|Reflect|p1a: Grimmsnarl\n|-sidestart|p1: Greg J Alexander|Reflect\n|move|p2a: Chi-Yu|Heat Wave|p1b: Groudon|[spread] p1a,p1b\n|-damage|p1a: Grimmsnarl|0 fnt\n|-damage|p1b: Groudon|23/100\n|faint|p1a: Grimmsnarl\n|move|p2b: Calyrex|High Horsepower|p1b: Groudon\n|-damage|p1b: Groudon|0 fnt\n|faint|p1b: Groudon\n|-ability|p2b: Calyrex|Chilling Neigh|boost\n|-boost|p2b: Calyrex|atk|1\n|\n|-weather|SunnyDay|[upkeep]\n|upkeep\n|\n|t:|1770149476\n|switch|p1b: Big Hands|Hariyama, L50, M|100/100\n|switch|p1a: Raider|Calyrex-Ice, L50|100/100\n|-ability|p1a: Raider|As One\n|-ability|p1a: Raider|Unnerve\n|turn|3\n|\n|t:|1770149500\n|-terastallize|p1a: Raider|Water\n|move|p1b: Big Hands|Fake Out|p2a: Chi-Yu\n|-damage|p2a: Chi-Yu|78/100\n|cant|p2a: Chi-Yu|flinch\n|move|p2b: Calyrex|High Horsepower|p1a: Raider\n|-damage|p1a: Raider|62/100\n|move|p1a: Raider|Trick Room|p1a: Raider\n|-fieldstart|move: Trick Room|[of] p1a: Raider\n|\n|-weather|SunnyDay|[upkeep]\n|upkeep\n|turn|4\n|\n|t:|1770149524\n|move|p1a: Raider|Protect|p1a: Raider\n|-singleturn|p1a: Raider|Protect\n|move|p1b: Big Hands|Close Combat|p2a: Chi-Yu\n|-supereffective|p2a: Chi-Yu\n|-damage|p2a: Chi-Yu|0 fnt\n|-unboost|p1b: Big Hands|def|1\n|-unboost|p1b: Big Hands|spd|1\n|faint|p2a: Chi-Yu\n|move|p2b: Calyrex|High Horsepower|p1a: Raider\n|-activate|p1a: Raider|move: Protect\n|\n|-weather|SunnyDay|[upkeep]\n|upkeep\n|\n|t:|1770149537\n|switch|p2a: Ursaluna|Ursaluna, L50, M|100/100\n|turn|5\n|\n|t:|1770149548\n|move|p2a: Ursaluna|Protect|p2a: Ursaluna\n|-singleturn|p2a: Ursaluna|Protect\n|move|p1b: Big Hands|Knock Off|p2b: Calyrex\n|-supereffective|p2b: Calyrex\n|-damage|p2b: Calyrex|53/100\n|-enditem|p2b: Calyrex|Choice Band|[from] move: Knock Off|[of] p1b: Big Hands\n|move|p1a: Raider|Glacial Lance|p2b: Calyrex|[spread] p2b\n|-activate|p2a: Ursaluna|move: Protect\n|-resisted|p2b: Calyrex\n|-damage|p2b: Calyrex|32/100\n|move|p2b: Calyrex|High Horsepower|p1a: Raider\n|-damage|p1a: Raider|38/100\n|\n|-weather|none\n|-status|p2a: Ursaluna|brn|[from] item: Flame Orb\n|upkeep\n|turn|6\n|inactive|kojimuranishi has 30 seconds left.\n|\n|t:|1770149573\n|-terastallize|p2a: Ursaluna|Water\n|move|p2a: Ursaluna|Facade|p1b: Big Hands\n|-damage|p1b: Big Hands|0 fnt\n|faint|p1b: Big Hands\n|move|p1a: Raider|Glacial Lance|p2a: Ursaluna|[spread] p2a,p2b\n|-resisted|p2a: Ursaluna\n|-resisted|p2b: Calyrex\n|-damage|p2a: Ursaluna|79/100 brn\n|-damage|p2b: Calyrex|9/100\n|move|p2b: Calyrex|Seed Bomb|p1a: Raider\n|-supereffective|p1a: Raider\n|-damage|p1a: Raider|0 fnt\n|faint|p1a: Raider\n|\n|win|kojimuranishi\n|raw|Greg J Alexander's rating: 1405 &rarr; <strong>1390</strong><br />(-15 for losing)\n|raw|kojimuranishi's rating: 1491 &rarr; <strong>1506</strong><br />(+15 for winning)\n|l|\u2606Greg J Alexander\n|player|p1|\n|l|\u2606kojimuranishi\n|player|p2|\n","uploadtime":1770149713,"views":17,"formatid":"gen9vgc2026regi","rating":1390,"private":0,"password":null}