{"id":"gen9vgc2026regi-2541762974","format":"[Gen 9] VGC 2026 Reg I","players":["paradox franco","cdogp3"],"log":"|j|\u2606paradox franco\n|j|\u2606cdogp3\n|t:|1771366599\n|gametype|doubles\n|player|p1|paradox franco|elesa|1461\n|player|p2|cdogp3|hoopster|1555\n|gen|9\n|tier|[Gen 9] VGC 2026 Reg I\n|rated|\n|rule|Species Clause: Limit one of each Pok\u00e9mon\n|rule|Item Clause: Limit 1 of each item\n|clearpoke\n|poke|p1|Lunala, L50|\n|poke|p1|Groudon, L50|\n|poke|p1|Whimsicott, L50, F|\n|poke|p1|Raging Bolt, L50|\n|poke|p1|Kingambit, L50, F|\n|poke|p1|Chi-Yu, L50|\n|poke|p2|Koraidon, L50|\n|poke|p2|Calyrex-Shadow, L50|\n|poke|p2|Flutter Mane, L50|\n|poke|p2|Incineroar, L50, F|\n|poke|p2|Clefairy, L50, F|\n|poke|p2|Rillaboom, L50, F|\n|teampreview|4\n|inactive|Battle timer is ON: inactive players will automatically lose when time's up. (requested by cdogp3)\n|inactive|paradox franco has 60 seconds left.\n|\n|t:|1771366646\n|teamsize|p1|4\n|teamsize|p2|4\n|start\n|switch|p1a: Whimsicott|Whimsicott, L50, F|100/100\n|switch|p1b: Raging Bolt|Raging Bolt, L50|100/100\n|switch|p2a: Koraidon|Koraidon, L50|100/100\n|switch|p2b: Flutter Mane|Flutter Mane, L50|100/100\n|-weather|SunnyDay|[from] ability: Orichalcum Pulse|[of] p2a: Koraidon\n|-activate|p2b: Flutter Mane|ability: Protosynthesis\n|-start|p2b: Flutter Mane|protosynthesisspe\n|-activate|p1b: Raging Bolt|ability: Protosynthesis\n|-start|p1b: Raging Bolt|protosynthesisspa\n|-activate|p2a: Koraidon|Orichalcum Pulse|[source]\n|turn|1\n|\n|t:|1771366665\n|-terastallize|p2a: Koraidon|Fire\n|move|p1a: Whimsicott|Tailwind|p1a: Whimsicott\n|-sidestart|p1: paradox franco|move: Tailwind\n|move|p2b: Flutter Mane|Icy Wind|p1a: Whimsicott|[spread] p1a,p1b\n|-supereffective|p1a: Whimsicott\n|-supereffective|p1b: Raging Bolt\n|-damage|p1a: Whimsicott|29/100\n|-damage|p1b: Raging Bolt|80/100\n|-unboost|p1a: Whimsicott|spe|1\n|-unboost|p1b: Raging Bolt|spe|1\n|move|p1b: Raging Bolt|Thunderbolt|p2b: Flutter Mane\n|-damage|p2b: Flutter Mane|24/100\n|move|p2a: Koraidon|Flame Charge|p1a: Whimsicott\n|-supereffective|p1a: Whimsicott\n|-damage|p1a: Whimsicott|0 fnt\n|-boost|p2a: Koraidon|spe|1\n|faint|p1a: Whimsicott\n|\n|-weather|SunnyDay|[upkeep]\n|upkeep\n|\n|t:|1771366683\n|switch|p1a: Groudon|Groudon, L50|100/100\n|turn|2\n|\n|t:|1771366688\n|move|p2b: Flutter Mane|Protect|p2b: Flutter Mane\n|-singleturn|p2b: Flutter Mane|Protect\n|move|p2a: Koraidon|Protect|p2a: Koraidon\n|-singleturn|p2a: Koraidon|Protect\n|move|p1b: Raging Bolt|Thunderclap||[still]\n|-fail|p1b: Raging Bolt\n|move|p1a: Groudon|Precipice Blades|p2b: Flutter Mane|[spread] \n|-activate|p2a: Koraidon|move: Protect\n|-activate|p2b: Flutter Mane|move: Protect\n|\n|-weather|SunnyDay|[upkeep]\n|upkeep\n|turn|3\n|\n|t:|1771366694\n|-end|p2b: Flutter Mane|Protosynthesis|[silent]\n|switch|p2b: Rillaboom|Rillaboom, L50, F|100/100\n|-fieldstart|move: Grassy Terrain|[from] ability: Grassy Surge|[of] p2b: Rillaboom\n|move|p1b: Raging Bolt|Thunderclap|p2a: Koraidon\n|-damage|p2a: Koraidon|55/100\n|move|p2a: Koraidon|Flare Blitz|p1a: Groudon\n|-damage|p1a: Groudon|15/100\n|-damage|p2a: Koraidon|26/100|[from] Recoil\n|move|p1a: Groudon|Precipice Blades|p2b: Rillaboom|[spread] p2b\n|-miss|p1a: Groudon|p2a: Koraidon\n|-resisted|p2b: Rillaboom\n|-damage|p2b: Rillaboom|77/100\n|\n|-weather|SunnyDay|[upkeep]\n|-heal|p2a: Koraidon|32/100|[from] Grassy Terrain\n|-heal|p1a: Groudon|21/100|[from] Grassy Terrain\n|-heal|p1b: Raging Bolt|86/100|[from] Grassy Terrain\n|-heal|p2b: Rillaboom|83/100|[from] Grassy Terrain\n|upkeep\n|turn|4\n|inactive|paradox franco has 30 seconds left.\n|\n|t:|1771366720\n|move|p2b: Rillaboom|Fake Out|p1b: Raging Bolt\n|-damage|p1b: Raging Bolt|73/100\n|move|p2a: Koraidon|Low Kick|p1b: Raging Bolt\n|-damage|p1b: Raging Bolt|0 fnt\n|faint|p1b: Raging Bolt\n|-end|p1b: Raging Bolt|Protosynthesis|[silent]\n|move|p1a: Groudon|High Horsepower|p2a: Koraidon\n|-supereffective|p2a: Koraidon\n|-damage|p2a: Koraidon|0 fnt\n|faint|p2a: Koraidon\n|\n|-weather|SunnyDay|[upkeep]\n|-heal|p1a: Groudon|27/100|[from] Grassy Terrain\n|-heal|p2b: Rillaboom|89/100|[from] Grassy Terrain\n|-sideend|p1: paradox franco|move: Tailwind\n|upkeep\n|\n|t:|1771366729\n|switch|p2a: Flutter Mane|Flutter Mane, L50|24/100\n|switch|p1b: Lunala|Lunala, L50|100/100\n|-activate|p2a: Flutter Mane|ability: Protosynthesis\n|-start|p2a: Flutter Mane|protosynthesisspe\n|turn|5\n|\n|t:|1771366735\n|-terastallize|p1b: Lunala|Fairy\n|move|p2a: Flutter Mane|Moonblast|p1a: Groudon\n|-damage|p1a: Groudon|0 fnt\n|faint|p1a: Groudon\n|move|p1b: Lunala|Dazzling Gleam|p2b: Rillaboom|[spread] p2a,p2b\n|-damage|p2a: Flutter Mane|0 fnt\n|-damage|p2b: Rillaboom|55/100\n|faint|p2a: Flutter Mane\n|-end|p2a: Flutter Mane|Protosynthesis|[silent]\n|move|p2b: Rillaboom|U-turn|p1b: Lunala\n|-resisted|p1b: Lunala\n|-damage|p1b: Lunala|95/100\n|\n|t:|1771366739\n|switch|p2b: Calyrex|Calyrex-Shadow, L50|100/100|[from] U-turn\n|-ability|p2b: Calyrex|As One\n|-ability|p2b: Calyrex|Unnerve\n|\n|-weather|none\n|-heal|p1b: Lunala|100/100|[from] Grassy Terrain\n|upkeep\n|\n|t:|1771366740\n|switch|p2a: Rillaboom|Rillaboom, L50, F|55/100\n|turn|6\n|-message|paradox franco forfeited.\n|\n|win|cdogp3\n|raw|paradox franco's rating: 1461 &rarr; <strong>1446</strong><br />(-15 for losing)\n|raw|cdogp3's rating: 1555 &rarr; <strong>1570</strong><br />(+15 for winning)\n|l|\u2606paradox franco\n|player|p1|\n|l|\u2606cdogp3\n|player|p2|\n","uploadtime":1771366954,"views":17,"formatid":"gen9vgc2026regi","rating":1446,"private":0,"password":null}