{"id":"gen9vgc2026regi-2563524900","format":"[Gen 9] VGC 2026 Reg I","players":["YSE-Mill","sheeshshane925"],"log":"|j|\u2606YSE-Mill\n|j|\u2606sheeshshane925\n|t:|1774033868\n|gametype|doubles\n|player|p1|YSE-Mill|n|1387\n|player|p2|sheeshshane925|chuck|1524\n|gen|9\n|tier|[Gen 9] VGC 2026 Reg I\n|rated|\n|rule|Species Clause: Limit one of each Pok\u00e9mon\n|rule|Item Clause: Limit 1 of each item\n|clearpoke\n|poke|p1|Miraidon, L50|\n|poke|p1|Lunala, L50|\n|poke|p1|Ursaluna, L50, M|\n|poke|p1|Incineroar, L50, M|\n|poke|p1|Grimmsnarl, L50, M|\n|poke|p1|Urshifu-*, L50, M|\n|poke|p2|Calyrex-Ice, L50|\n|poke|p2|Miraidon, L50|\n|poke|p2|Farigiraf, L50, M|\n|poke|p2|Iron Hands, L50|\n|poke|p2|Scraggy, L50, F|\n|poke|p2|Iron Bundle, L50|\n|teampreview|4\n|inactive|Battle timer is ON: inactive players will automatically lose when time's up. (requested by sheeshshane925)\n|\n|t:|1774033888\n|teamsize|p1|4\n|teamsize|p2|4\n|start\n|switch|p1a: Lunala|Lunala, L50, shiny|100/100\n|switch|p1b: Ursaluna|Ursaluna, L50, M|100/100\n|switch|p2a: Miraidon|Miraidon, L50, shiny|100/100\n|switch|p2b: Iron Bundle|Iron Bundle, L50|100/100\n|-fieldstart|move: Electric Terrain|[from] ability: Hadron Engine|[of] p2a: Miraidon\n|-activate|p2b: Iron Bundle|ability: Quark Drive\n|-start|p2b: Iron Bundle|quarkdrivespe\n|-enditem|p1a: Lunala|Electric Seed\n|-boost|p1a: Lunala|def|1|[from] item: Electric Seed\n|turn|1\n|\n|t:|1774033911\n|-terastallize|p2a: Miraidon|Fairy\n|move|p1b: Ursaluna|Protect|p1b: Ursaluna\n|-singleturn|p1b: Ursaluna|Protect\n|move|p2b: Iron Bundle|Freeze-Dry|p1a: Lunala\n|-damage|p1a: Lunala|89/100\n|move|p2a: Miraidon|Electro Drift|p1a: Lunala\n|-damage|p1a: Lunala|0 fnt\n|faint|p1a: Lunala\n|-damage|p2a: Miraidon|91/100|[from] item: Life Orb\n|\n|-status|p1b: Ursaluna|brn|[from] item: Flame Orb\n|upkeep\n|\n|t:|1774033927\n|switch|p1a: Miraidon|Miraidon, L50, shiny|100/100\n|-activate|p1a: Miraidon|ability: Hadron Engine\n|turn|2\n|\n|t:|1774033936\n|-terastallize|p1a: Miraidon|Electric\n|move|p2a: Miraidon|Protect|p2a: Miraidon\n|-singleturn|p2a: Miraidon|Protect\n|move|p2b: Iron Bundle|Encore|p1b: Ursaluna\n|-start|p1b: Ursaluna|Encore\n|move|p1a: Miraidon|Electro Drift|p2a: Miraidon\n|-activate|p2a: Miraidon|move: Protect\n|move|p1b: Ursaluna|Protect||[still]\n|-fail|p1b: Ursaluna\n|\n|-damage|p1b: Ursaluna|95/100 brn|[from] brn\n|upkeep\n|turn|3\n|inactive|sheeshshane925 has 30 seconds left.\n|inactive|sheeshshane925 has 20 seconds left.\n|\n|t:|1774033974\n|switch|p1b: Grimmsnarl|Grimmsnarl, L50, M|100/100\n|move|p2b: Iron Bundle|Icy Wind|p1a: Miraidon|[spread] p1a,p1b\n|-damage|p1a: Miraidon|90/100\n|-damage|p1b: Grimmsnarl|82/100\n|-unboost|p1a: Miraidon|spe|1\n|-unboost|p1b: Grimmsnarl|spe|1\n|move|p2a: Miraidon|Dazzling Gleam|p1b: Grimmsnarl|[spread] p1a,p1b\n|-supereffective|p1b: Grimmsnarl\n|-damage|p1a: Miraidon|61/100\n|-damage|p1b: Grimmsnarl|0 fnt\n|faint|p1b: Grimmsnarl\n|-damage|p2a: Miraidon|81/100|[from] item: Life Orb\n|move|p1a: Miraidon|Electro Drift|p2a: Miraidon\n|-damage|p2a: Miraidon|0 fnt\n|faint|p2a: Miraidon\n|\n|upkeep\n|inactive|YSE-Mill has 30 seconds left.\n|inactive|sheeshshane925 has 30 seconds left.\n|inactive|YSE-Mill has 20 seconds left.\n|\n|t:|1774034010\n|switch|p2a: Scraggy|Scraggy, L50, F|100/100\n|switch|p1b: Ursaluna|Ursaluna, L50, M|95/100 brn\n|-ability|p2a: Scraggy|Intimidate|boost\n|-unboost|p1a: Miraidon|atk|1\n|-unboost|p1b: Ursaluna|atk|1\n|turn|4\n|\n|t:|1774034035\n|move|p2a: Scraggy|Fake Out|p1a: Miraidon\n|-damage|p1a: Miraidon|55/100\n|move|p2b: Iron Bundle|Freeze-Dry|p1b: Ursaluna\n|-supereffective|p1b: Ursaluna\n|-damage|p1b: Ursaluna|27/100 brn\n|cant|p1a: Miraidon|flinch\n|move|p1b: Ursaluna|Facade|p2b: Iron Bundle\n|-enditem|p2b: Iron Bundle|Focus Sash\n|-damage|p2b: Iron Bundle|1/100\n|\n|-damage|p1b: Ursaluna|21/100 brn|[from] brn\n|upkeep\n|turn|5\n|inactive|YSE-Mill has 30 seconds left.\n|inactive|sheeshshane925 has 30 seconds left.\n|inactive|YSE-Mill has 20 seconds left.\n|inactive|sheeshshane925 has 20 seconds left.\n|inactive|YSE-Mill has 15 seconds left.\n|inactive|YSE-Mill has 10 seconds left.\n|inactive|YSE-Mill has 5 seconds left.\n|\n|t:|1774034090\n|move|p2b: Iron Bundle|Protect|p2b: Iron Bundle\n|-singleturn|p2b: Iron Bundle|Protect\n|move|p1a: Miraidon|Volt Switch|p2a: Scraggy\n|-damage|p2a: Scraggy|18/100\n|move|p1b: Ursaluna|Headlong Rush|p2b: Iron Bundle\n|-activate|p2b: Iron Bundle|move: Protect\n|move|p2a: Scraggy|Foul Play|p1b: Ursaluna\n|-damage|p1b: Ursaluna|0 fnt\n|faint|p1b: Ursaluna\n|\n|-fieldend|move: Electric Terrain\n|-end|p2b: Iron Bundle|Quark Drive\n|upkeep\n|turn|6\n|inactive|YSE-Mill has 30 seconds left.\n|inactive|YSE-Mill has 20 seconds left.\n|inactive|YSE-Mill has 15 seconds left.\n|inactive|YSE-Mill has 10 seconds left.\n|inactive|YSE-Mill has 5 seconds left.\n|\n|t:|1774034145\n|switch|p2a: Calyrex|Calyrex-Ice, L50|100/100\n|-ability|p2a: Calyrex|As One\n|-ability|p2a: Calyrex|Unnerve\n|move|p2b: Iron Bundle|Encore|p1a: Miraidon\n|-start|p1a: Miraidon|Encore\n|move|p1a: Miraidon|Volt Switch|p2b: Iron Bundle\n|-supereffective|p2b: Iron Bundle\n|-damage|p2b: Iron Bundle|0 fnt\n|faint|p2b: Iron Bundle\n|-end|p2b: Iron Bundle|Quark Drive|[silent]\n|\n|upkeep\n|\n|t:|1774034155\n|switch|p2b: Scraggy|Scraggy, L50, F|18/100\n|-ability|p2b: Scraggy|Intimidate|boost\n|-unboost|p1a: Miraidon|atk|1\n|turn|7\n|c|\u2606sheeshshane925|gg\n|inactive|YSE-Mill has 30 seconds left.\n|inactive|YSE-Mill has 20 seconds left.\n|inactive|YSE-Mill has 15 seconds left.\n|inactive|YSE-Mill has 10 seconds left.\n|inactive|YSE-Mill has 5 seconds left.\n|\n|t:|1774034211\n|move|p2b: Scraggy|Fake Out|p1a: Miraidon\n|-damage|p1a: Miraidon|47/100\n|cant|p1a: Miraidon|flinch\n|move|p2a: Calyrex|Trick Room|p2a: Calyrex\n|-fieldstart|move: Trick Room|[of] p2a: Calyrex\n|\n|upkeep\n|turn|8\n|inactive|YSE-Mill has 30 seconds left.\n|inactive|YSE-Mill has 20 seconds left.\n|inactive|YSE-Mill has 15 seconds left.\n|inactive|YSE-Mill has 10 seconds left.\n|inactive|YSE-Mill has 5 seconds left.\n|\n|t:|1774034266\n|move|p2b: Scraggy|Endeavor|p1a: Miraidon\n|-damage|p1a: Miraidon|11/100\n|move|p2a: Calyrex|Glacial Lance|p1a: Miraidon\n|-damage|p1a: Miraidon|0 fnt\n|faint|p1a: Miraidon\n|\n|win|sheeshshane925\n|raw|YSE-Mill's rating: 1387 &rarr; <strong>1375</strong><br />(-12 for losing)\n|raw|sheeshshane925's rating: 1524 &rarr; <strong>1536</strong><br />(+12 for winning)\n|l|\u2606sheeshshane925\n|player|p2|\n","uploadtime":1774034486,"views":12,"formatid":"gen9vgc2026regi","rating":1375,"private":0,"password":null}