{"id":"gen9vgc2026regi-2542859440","format":"[Gen 9] VGC 2026 Reg I","players":["prova77","fogdocker"],"log":"|j|\u2606prova77\n|j|\u2606fogdocker\n|t:|1771507367\n|gametype|doubles\n|player|p1|prova77|swimmerf-gen4dp|1411\n|player|p2|fogdocker|169|1496\n|gen|9\n|tier|[Gen 9] VGC 2026 Reg I\n|rated|\n|rule|Species Clause: Limit one of each Pok\u00e9mon\n|rule|Item Clause: Limit 1 of each item\n|clearpoke\n|poke|p1|Necrozma-Dusk-Mane, L50|\n|poke|p1|Indeedee-F, L50, F|\n|poke|p1|Urshifu-*, L50, M|\n|poke|p1|Raging Bolt, L50|\n|poke|p1|Torterra, L50, F|\n|poke|p1|Calyrex-Ice, L50|\n|poke|p2|Calyrex-Ice, L50|\n|poke|p2|Koraidon, L50|\n|poke|p2|Flutter Mane, L50|\n|poke|p2|Incineroar, L50, M|\n|poke|p2|Rillaboom, L50, M|\n|poke|p2|Volcarona, L50, F|\n|teampreview|4\n|inactive|Battle timer is ON: inactive players will automatically lose when time's up. (requested by prova77)\n|inactive|prova77 has 60 seconds left.\n|inactive|fogdocker has 60 seconds left.\n|\n|t:|1771507424\n|teamsize|p1|4\n|teamsize|p2|4\n|start\n|switch|p1a: Indeedee|Indeedee-F, L50, F|100/100\n|switch|p1b: Necrozma|Necrozma-Dusk-Mane, L50|100/100\n|switch|p2a: Calyrex|Calyrex-Ice, L50|100/100\n|switch|p2b: Koraidon|Koraidon, L50|100/100\n|-ability|p2a: Calyrex|As One\n|-ability|p2a: Calyrex|Unnerve\n|-weather|SunnyDay|[from] ability: Orichalcum Pulse|[of] p2b: Koraidon\n|-activate|p2b: Koraidon|Orichalcum Pulse|[source]\n|-fieldstart|move: Psychic Terrain|[from] ability: Psychic Surge|[of] p1a: Indeedee\n|-enditem|p1a: Indeedee|Psychic Seed\n|-boost|p1a: Indeedee|spd|1|[from] item: Psychic Seed\n|turn|1\n|inactive|prova77 has 30 seconds left.\n|\n|t:|1771507453\n|switch|p2b: Incineroar|Incineroar, L50, M|100/100\n|-ability|p2b: Incineroar|Intimidate|boost\n|-unboost|p1a: Indeedee|atk|1\n|-unboost|p1b: Necrozma|atk|1\n|-terastallize|p1b: Necrozma|Fire\n|move|p1a: Indeedee|Follow Me|p1a: Indeedee\n|-singleturn|p1a: Indeedee|move: Follow Me\n|move|p1b: Necrozma|Meteor Beam||[still]\n|-prepare|p1b: Necrozma|Meteor Beam\n|-boost|p1b: Necrozma|spa|1\n|-enditem|p1b: Necrozma|Power Herb\n|-anim|p1b: Necrozma|Meteor Beam|p2b: Incineroar\n|-supereffective|p2b: Incineroar\n|-damage|p2b: Incineroar|6/100\n|move|p2a: Calyrex|Glacial Lance|p1a: Indeedee|[spread] p1a,p1b\n|-resisted|p1b: Necrozma\n|-damage|p1a: Indeedee|59/100\n|-damage|p1b: Necrozma|83/100\n|\n|-weather|SunnyDay|[upkeep]\n|upkeep\n|turn|2\n|inactive|fogdocker has 30 seconds left.\n|\n|t:|1771507479\n|move|p1a: Indeedee|Helping Hand|p1b: Necrozma\n|-singleturn|p1b: Necrozma|Helping Hand|[of] p1a: Indeedee\n|move|p1b: Necrozma|Heat Wave|p2b: Incineroar|[spread] p2a,p2b\n|-supereffective|p2a: Calyrex\n|-resisted|p2b: Incineroar\n|-damage|p2a: Calyrex|0 fnt\n|-damage|p2b: Incineroar|0 fnt\n|faint|p2a: Calyrex\n|faint|p2b: Incineroar\n|\n|-weather|SunnyDay|[upkeep]\n|upkeep\n|\n|t:|1771507486\n|switch|p2b: Volcarona|Volcarona, L50, F|100/100\n|switch|p2a: Koraidon|Koraidon, L50|100/100\n|-activate|p2a: Koraidon|ability: Orichalcum Pulse\n|turn|3\n|\n|t:|1771507508\n|move|p2a: Koraidon|Protect|p2a: Koraidon\n|-singleturn|p2a: Koraidon|Protect\n|move|p1a: Indeedee|Follow Me|p1a: Indeedee\n|-singleturn|p1a: Indeedee|move: Follow Me\n|move|p2b: Volcarona|Fiery Dance|p1a: Indeedee\n|-damage|p1a: Indeedee|26/100\n|move|p1b: Necrozma|Expanding Force|p2a: Koraidon|[spread] p2b\n|-activate|p2a: Koraidon|move: Protect\n|-damage|p2b: Volcarona|24/100\n|\n|-weather|SunnyDay|[upkeep]\n|upkeep\n|turn|4\n|\n|t:|1771507524\n|-terastallize|p2a: Koraidon|Fire\n|move|p1a: Indeedee|Follow Me|p1a: Indeedee\n|-singleturn|p1a: Indeedee|move: Follow Me\n|move|p2a: Koraidon|Flare Blitz|p1a: Indeedee\n|-damage|p1a: Indeedee|0 fnt\n|faint|p1a: Indeedee\n|-damage|p2a: Koraidon|92/100|[from] Recoil\n|-damage|p2a: Koraidon|82/100|[from] item: Life Orb\n|move|p2b: Volcarona|Struggle Bug|p1b: Necrozma\n|-resisted|p1b: Necrozma\n|-damage|p1b: Necrozma|75/100\n|-unboost|p1b: Necrozma|spa|1\n|move|p1b: Necrozma|Expanding Force|p2b: Volcarona|[spread] p2a,p2b\n|-damage|p2a: Koraidon|22/100\n|-damage|p2b: Volcarona|0 fnt\n|faint|p2b: Volcarona\n|\n|-weather|SunnyDay|[upkeep]\n|upkeep\n|\n|t:|1771507540\n|switch|p1a: Urshifu|Urshifu-Rapid-Strike, L50, M|100/100\n|turn|5\n|\n|t:|1771507545\n|move|p1a: Urshifu|Close Combat|p2a: Koraidon\n|-damage|p2a: Koraidon|0 fnt\n|-unboost|p1a: Urshifu|def|1\n|-unboost|p1a: Urshifu|spd|1\n|faint|p2a: Koraidon\n|\n|win|prova77\n|raw|prova77's rating: 1411 &rarr; <strong>1436</strong><br />(+25 for winning)\n|raw|fogdocker's rating: 1496 &rarr; <strong>1471</strong><br />(-25 for losing)\n|l|\u2606fogdocker\n|player|p2|\n|l|\u2606prova77\n|player|p1|\n","uploadtime":1771507773,"views":15,"formatid":"gen9vgc2026regi","rating":1436,"private":0,"password":null}