{"id":"gen9vgc2026regi-2519910525","format":"[Gen 9] VGC 2026 Reg I","players":["kojimuranishi","dwb1"],"log":"|j|\u2606kojimuranishi\n|j|\u2606dwb1\n|t:|1768569343\n|gametype|doubles\n|player|p1|kojimuranishi|102|1447\n|player|p2|dwb1|marnie|1361\n|gen|9\n|tier|[Gen 9] VGC 2026 Reg I\n|rated|\n|rule|Species Clause: Limit one of each Pok\u00e9mon\n|rule|Item Clause: Limit 1 of each item\n|clearpoke\n|poke|p1|Miraidon, L50|\n|poke|p1|Lunala, L50|\n|poke|p1|Chien-Pao, L50|\n|poke|p1|Dragonite, L50, M|\n|poke|p1|Ursaluna, L50, F|\n|poke|p1|Urshifu-*, L50, F|\n|poke|p2|Grimmsnarl, L50, M|\n|poke|p2|Kyogre, L50|\n|poke|p2|Calyrex-Ice, L50|\n|poke|p2|Rillaboom, L50, M|\n|poke|p2|Landorus, L50, M|\n|poke|p2|Urshifu-*, L50, M|\n|teampreview|4\n|inactive|Battle timer is ON: inactive players will automatically lose when time's up. (requested by kojimuranishi)\n|inactive|dwb1 has 60 seconds left.\n|\n|t:|1768569382\n|teamsize|p1|4\n|teamsize|p2|4\n|start\n|switch|p1a: Lunala|Lunala, L50|100/100\n|switch|p1b: Chien-Pao|Chien-Pao, L50|100/100\n|switch|p2a: Kyogre|Kyogre, L50|100/100\n|switch|p2b: Rillaboom|Rillaboom, L50, M|100/100\n|-ability|p1b: Chien-Pao|Sword of Ruin\n|-weather|RainDance|[from] ability: Drizzle|[of] p2a: Kyogre\n|-fieldstart|move: Grassy Terrain|[from] ability: Grassy Surge|[of] p2b: Rillaboom\n|turn|1\n|inactive|kojimuranishi has 30 seconds left.\n|\n|t:|1768569416\n|move|p1b: Chien-Pao|Protect|p1b: Chien-Pao\n|-singleturn|p1b: Chien-Pao|Protect\n|move|p2b: Rillaboom|Fake Out|p1b: Chien-Pao\n|-activate|p1b: Chien-Pao|move: Protect\n|move|p1a: Lunala|Meteor Beam||[still]\n|-prepare|p1a: Lunala|Meteor Beam\n|-boost|p1a: Lunala|spa|1\n|-enditem|p1a: Lunala|Power Herb\n|-anim|p1a: Lunala|Meteor Beam|p2a: Kyogre\n|-damage|p2a: Kyogre|70/100\n|move|p2a: Kyogre|Water Spout|p1b: Chien-Pao|[spread] p1a\n|-activate|p1b: Chien-Pao|move: Protect\n|-damage|p1a: Lunala|76/100\n|\n|-weather|RainDance|[upkeep]\n|-heal|p1a: Lunala|82/100|[from] Grassy Terrain\n|-heal|p2a: Kyogre|76/100|[from] Grassy Terrain\n|upkeep\n|turn|2\n|\n|t:|1768569439\n|move|p1b: Chien-Pao|Ice Spinner|p2b: Rillaboom\n|-supereffective|p2b: Rillaboom\n|-damage|p2b: Rillaboom|0 fnt\n|-fieldend|move: Grassy Terrain\n|faint|p2b: Rillaboom\n|-damage|p1b: Chien-Pao|91/100|[from] item: Life Orb\n|move|p1a: Lunala|Moongeist Beam|p2a: Kyogre\n|-damage|p2a: Kyogre|40/100\n|move|p2a: Kyogre|Water Spout|p1a: Lunala|[spread] p1a,p1b\n|-damage|p1a: Lunala|54/100\n|-damage|p1b: Chien-Pao|29/100\n|\n|-weather|RainDance|[upkeep]\n|upkeep\n|\n|t:|1768569448\n|switch|p2b: Calyrex|Calyrex-Ice, L50|100/100\n|-ability|p2b: Calyrex|As One\n|-ability|p2b: Calyrex|Unnerve\n|turn|3\n|\n|t:|1768569464\n|-terastallize|p2b: Calyrex|Grass\n|move|p1b: Chien-Pao|Crunch|p2a: Kyogre\n|-damage|p2a: Kyogre|0 fnt\n|faint|p2a: Kyogre\n|-damage|p1b: Chien-Pao|20/100|[from] item: Life Orb\n|move|p1a: Lunala|Moongeist Beam|p2b: Calyrex\n|-damage|p2b: Calyrex|51/100\n|move|p2b: Calyrex|Trick Room|p2b: Calyrex\n|-fieldstart|move: Trick Room|[of] p2b: Calyrex\n|\n|-weather|RainDance|[upkeep]\n|-heal|p2b: Calyrex|57/100|[from] item: Leftovers\n|upkeep\n|\n|t:|1768569472\n|switch|p2a: Urshifu|Urshifu-Rapid-Strike, L50, M|100/100\n|turn|4\n|\n|t:|1768569495\n|move|p1b: Chien-Pao|Sucker Punch||[still]\n|-fail|p1b: Chien-Pao\n|move|p2b: Calyrex|Leech Seed|p1b: Chien-Pao\n|-start|p1b: Chien-Pao|move: Leech Seed\n|move|p2a: Urshifu|Surging Strikes|p1a: Lunala\n|-crit|p1a: Lunala\n|-damage|p1a: Lunala|5/100\n|-crit|p1a: Lunala\n|-damage|p1a: Lunala|0 fnt\n|faint|p1a: Lunala\n|-hitcount|p1: Lunala|2\n|\n|-weather|RainDance|[upkeep]\n|-heal|p2b: Calyrex|62/100|[from] item: Leftovers\n|-damage|p1b: Chien-Pao|8/100|[from] Leech Seed|[of] p2b: Calyrex\n|-heal|p2b: Calyrex|72/100|[silent]\n|upkeep\n|j| SaltyCore69\n|\n|t:|1768569510\n|switch|p1a: Dragonite|Dragonite, L50, M|100/100\n|turn|5\n|\n|t:|1768569516\n|-terastallize|p1a: Dragonite|Normal\n|move|p1a: Dragonite|Extreme Speed|p2a: Urshifu\n|-damage|p2a: Urshifu|2/100\n|move|p1b: Chien-Pao|Sucker Punch|p2a: Urshifu\n|-resisted|p2a: Urshifu\n|-damage|p2a: Urshifu|0 fnt\n|faint|p2a: Urshifu\n|-damage|p1b: Chien-Pao|0 fnt|[from] item: Life Orb\n|faint|p1b: Chien-Pao\n|move|p2b: Calyrex|Glacial Lance|p1a: Dragonite\n|-damage|p1a: Dragonite|62/100\n|\n|-weather|none\n|-heal|p2b: Calyrex|77/100|[from] item: Leftovers\n|upkeep\n|\n|t:|1768569532\n|switch|p1b: Ursaluna|Ursaluna, L50, F|100/100\n|turn|6\n|\n|t:|1768569551\n|move|p1a: Dragonite|Extreme Speed|p2b: Calyrex\n|-damage|p2b: Calyrex|35/100\n|move|p1b: Ursaluna|Facade|p2b: Calyrex\n|-damage|p2b: Calyrex|10/100\n|move|p2b: Calyrex|Glacial Lance|p1b: Ursaluna|[spread] p1a,p1b\n|-supereffective|p1b: Ursaluna\n|-damage|p1a: Dragonite|8/100\n|-damage|p1b: Ursaluna|16/100\n|\n|-heal|p2b: Calyrex|16/100|[from] item: Leftovers\n|-status|p1b: Ursaluna|brn|[from] item: Flame Orb\n|upkeep\n|turn|7\n|\n|t:|1768569569\n|move|p2b: Calyrex|Protect|p2b: Calyrex\n|-singleturn|p2b: Calyrex|Protect\n|move|p1a: Dragonite|Extreme Speed|p2b: Calyrex\n|-activate|p2b: Calyrex|move: Protect\n|move|p1b: Ursaluna|Facade|p2b: Calyrex\n|-activate|p2b: Calyrex|move: Protect\n|\n|-heal|p2b: Calyrex|22/100|[from] item: Leftovers\n|-damage|p1b: Ursaluna|10/100 brn|[from] brn\n|-fieldend|move: Trick Room\n|upkeep\n|turn|8\n|\n|t:|1768569584\n|move|p2b: Calyrex|Protect||[still]\n|-fail|p2b: Calyrex\n|move|p1a: Dragonite|Extreme Speed|p2b: Calyrex\n|-damage|p2b: Calyrex|0 fnt\n|faint|p2b: Calyrex\n|\n|win|kojimuranishi\n|raw|kojimuranishi's rating: 1447 &rarr; <strong>1462</strong><br />(+15 for winning)\n|raw|dwb1's rating: 1361 &rarr; <strong>1346</strong><br />(-15 for losing)\n|l|\u2606dwb1\n|player|p2|\n|l|\u2606kojimuranishi\n|player|p1|\n|l| SaltyCore69\n","uploadtime":1768569788,"views":15,"formatid":"gen9vgc2026regi","rating":1346,"private":0,"password":null}