{"id":"gen9vgc2026regi-2561145877","format":"[Gen 9] VGC 2026 Reg I","players":["ludicolouvgc","cpxigao"],"log":"|j|\u2606ludicolouvgc\n|j|\u2606cpxigao\n|t:|1773768450\n|gametype|doubles\n|player|p1|ludicolouvgc|steven|1406\n|player|p2|cpxigao|266|1499\n|gen|9\n|tier|[Gen 9] VGC 2026 Reg I\n|rated|\n|rule|Species Clause: Limit one of each Pok\u00e9mon\n|rule|Item Clause: Limit 1 of each item\n|clearpoke\n|poke|p1|Miraidon, L50|\n|poke|p1|Lunala, L50|\n|poke|p1|Whimsicott, L50, F|\n|poke|p1|Ursaluna, L50, M|\n|poke|p1|Urshifu-*, L50, M|\n|poke|p1|Incineroar, L50, F|\n|poke|p2|Terapagos, L50, M|\n|poke|p2|Lunala, L50|\n|poke|p2|Smeargle, L50, F|\n|poke|p2|Weezing-Galar, L50, F|\n|poke|p2|Murkrow, L50, M|\n|poke|p2|Ursaluna, L50, M|\n|teampreview|4\n|\n|t:|1773768464\n|teamsize|p1|4\n|teamsize|p2|4\n|start\n|switch|p1a: Lunala|Lunala, L50, shiny|100/100\n|switch|p1b: Miraidon|Miraidon, L50, shiny|100/100\n|switch|p2a: Murkrow|Murkrow, L50, M|100/100\n|switch|p2b: Weezing|Weezing-Galar, L50, F|100/100\n|-ability|p2b: Weezing|Neutralizing Gas\n|-block|p2a: Murkrow|item: Ability Shield\n|turn|1\n|\n|t:|1773768478\n|switch|p1a: Incineroar|Incineroar, L50, F|100/100\n|move|p2a: Murkrow|Tailwind|p2a: Murkrow\n|-sidestart|p2: cpxigao|move: Tailwind\n|move|p2b: Weezing|Taunt|p1a: Incineroar\n|-start|p1a: Incineroar|move: Taunt\n|move|p1b: Miraidon|Volt Switch|p2a: Murkrow\n|-supereffective|p2a: Murkrow\n|-damage|p2a: Murkrow|0 fnt\n|faint|p2a: Murkrow\n|\n|t:|1773768487\n|switch|p1b: Lunala|Lunala, L50, shiny|100/100|[from] Volt Switch\n|\n|upkeep\n|\n|t:|1773768495\n|switch|p2a: Smeargle|Smeargle, L50, F|100/100\n|turn|2\n|\n|t:|1773768518\n|-end|p2b: Weezing|ability: Neutralizing Gas\n|-ability|p1a: Incineroar|Intimidate|boost\n|-fail|p2a: Smeargle|unboost|Attack|[from] ability: Own Tempo|[of] p2a: Smeargle\n|-unboost|p2b: Weezing|atk|1\n|switch|p2b: Terapagos|Terapagos, L50, M|100/100\n|-activate|p2b: Terapagos|ability: Tera Shift\n|detailschange|p2b: Terapagos|Terapagos-Terastal, L50, M\n|-heal|p2b: Terapagos|100/100|[silent]\n|move|p1a: Incineroar|Fake Out|p2a: Smeargle\n|-damage|p2a: Smeargle|75/100\n|cant|p2a: Smeargle|flinch\n|move|p1b: Lunala|Moonblast|p2a: Smeargle\n|-damage|p2a: Smeargle|5/100\n|\n|upkeep\n|turn|3\n|\n|t:|1773768554\n|-terastallize|p2b: Terapagos|Stellar\n|detailschange|p2b: Terapagos|Terapagos-Stellar, L50, M, tera:Stellar\n|-heal|p2b: Terapagos|100/100|[silent]\n|move|p2a: Smeargle|Decorate|p2b: Terapagos\n|-boost|p2b: Terapagos|atk|2\n|-boost|p2b: Terapagos|spa|2\n|move|p2b: Terapagos|Tera Starstorm|p1b: Lunala|[spread] p1a,p1b\n|-damage|p1a: Incineroar|28/100\n|-damage|p1b: Lunala|57/100\n|move|p1b: Lunala|Moonblast|p2a: Smeargle\n|-damage|p2a: Smeargle|0 fnt\n|faint|p2a: Smeargle\n|move|p1a: Incineroar|U-turn|p2b: Terapagos\n|-damage|p2b: Terapagos|87/100\n|\n|t:|1773768568\n|switch|p1a: Ursaluna|Ursaluna, L50, M, shiny|100/100|[from] U-turn\n|\n|-status|p1a: Ursaluna|brn|[from] item: Flame Orb\n|upkeep\n|\n|t:|1773768574\n|switch|p2a: Weezing|Weezing-Galar, L50, F|100/100\n|-ability|p2a: Weezing|Neutralizing Gas\n|turn|4\n|\n|t:|1773768599\n|move|p1b: Lunala|Wide Guard|p1b: Lunala\n|-singleturn|p1b: Lunala|Wide Guard\n|move|p2b: Terapagos|Tera Starstorm|p1a: Ursaluna|[spread] \n|-activate|p1a: Ursaluna|move: Wide Guard\n|-activate|p1b: Lunala|move: Wide Guard\n|move|p2a: Weezing|Taunt|p1b: Lunala\n|-start|p1b: Lunala|move: Taunt\n|move|p1a: Ursaluna|Headlong Rush|p2a: Weezing\n|-supereffective|p2a: Weezing\n|-damage|p2a: Weezing|25/100\n|-unboost|p1a: Ursaluna|def|1\n|-unboost|p1a: Ursaluna|spd|1\n|\n|-damage|p1a: Ursaluna|95/100 brn|[from] brn\n|-sideend|p2: cpxigao|move: Tailwind\n|upkeep\n|turn|5\n|\n|t:|1773768623\n|switch|p1b: Incineroar|Incineroar, L50, F|28/100\n|move|p2a: Weezing|Protect|p2a: Weezing\n|-singleturn|p2a: Weezing|Protect\n|move|p1a: Ursaluna|Protect|p1a: Ursaluna\n|-singleturn|p1a: Ursaluna|Protect\n|move|p2b: Terapagos|Tera Starstorm|p1a: Ursaluna|[spread] p1b\n|-activate|p1a: Ursaluna|move: Protect\n|-damage|p1b: Incineroar|0 fnt\n|faint|p1b: Incineroar\n|\n|-damage|p1a: Ursaluna|89/100 brn|[from] brn\n|upkeep\n|\n|t:|1773768630\n|switch|p1b: Lunala|Lunala, L50, shiny|57/100\n|turn|6\n|\n|t:|1773768644\n|move|p1b: Lunala|Wide Guard|p1b: Lunala\n|-singleturn|p1b: Lunala|Wide Guard\n|move|p2b: Terapagos|Tera Starstorm|p1b: Lunala|[spread] \n|-activate|p1a: Ursaluna|move: Wide Guard\n|-activate|p1b: Lunala|move: Wide Guard\n|move|p2a: Weezing|Taunt|p1b: Lunala\n|-start|p1b: Lunala|move: Taunt\n|move|p1a: Ursaluna|Earthquake|p2a: Weezing|[spread] p2a,p2b\n|-activate|p1b: Lunala|move: Wide Guard\n|-supereffective|p2a: Weezing\n|-damage|p2a: Weezing|0 fnt\n|-damage|p2b: Terapagos|72/100\n|faint|p2a: Weezing\n|-end|p2a: Weezing|ability: Neutralizing Gas\n|\n|-damage|p1a: Ursaluna|83/100 brn|[from] brn\n|upkeep\n|turn|7\n|\n|t:|1773768665\n|move|p2b: Terapagos|Tera Starstorm|p1a: Ursaluna|[spread] p1a,p1b\n|-damage|p1a: Ursaluna|0 fnt\n|-damage|p1b: Lunala|0 fnt\n|faint|p1a: Ursaluna\n|faint|p1b: Lunala\n|\n|upkeep\n|\n|t:|1773768668\n|switch|p1b: Miraidon|Miraidon, L50, shiny|100/100\n|-fieldstart|move: Electric Terrain|[from] ability: Hadron Engine|[of] p1b: Miraidon\n|turn|8\n|\n|t:|1773768673\n|move|p1b: Miraidon|Electro Drift|p2b: Terapagos\n|-damage|p2b: Terapagos|0 fnt\n|faint|p2b: Terapagos\n|detailschange|p2: Terapagos|Terapagos, L50, M|[silent]\n|\n|win|ludicolouvgc\n|raw|ludicolouvgc's rating: 1406 &rarr; <strong>1431</strong><br />(+25 for winning)\n|raw|cpxigao's rating: 1499 &rarr; <strong>1474</strong><br />(-25 for losing)\n|l|\u2606ludicolouvgc\n|player|p1|\n|l|\u2606cpxigao\n|player|p2|\n","uploadtime":1773768877,"views":20,"formatid":"gen9vgc2026regi","rating":1431,"private":0,"password":null}