{"id":"gen9vgc2026regi-2562439721","format":"[Gen 9] VGC 2026 Reg I","players":["SycrasisEU","therollercoaster"],"log":"|j|\u2606SycrasisEU\n|j|\u2606therollercoaster\n|t:|1773917257\n|gametype|doubles\n|player|p1|SycrasisEU|pryce|1258\n|player|p2|therollercoaster|cynthia|1185\n|gen|9\n|tier|[Gen 9] VGC 2026 Reg I\n|rated|\n|rule|Species Clause: Limit one of each Pok\u00e9mon\n|rule|Item Clause: Limit 1 of each item\n|clearpoke\n|poke|p1|Koraidon, L50|\n|poke|p1|Incineroar, L50, M|\n|poke|p1|Miraidon, L50|\n|poke|p1|Sneasler, L50, F|\n|poke|p1|Whimsicott, L50, F|\n|poke|p1|Sandy Shocks, L50|\n|poke|p2|Kyogre, L50|\n|poke|p2|Urshifu-*, L50, F|\n|poke|p2|Whimsicott, L50, F|\n|poke|p2|Miraidon, L50|\n|poke|p2|Archaludon, L50, M|\n|poke|p2|Landorus-Therian, L50, M|\n|teampreview|4\n|inactive|Battle timer is ON: inactive players will automatically lose when time's up. (requested by SycrasisEU)\nSycrasisEU has agreed to open team sheets.\n|inactive|SycrasisEU has 60 seconds left.\n|inactive|therollercoaster has 60 seconds left.\n|\n|t:|1773917295\n|teamsize|p1|4\n|teamsize|p2|4\n|start\n|switch|p1a: Miraidon|Miraidon, L50|100/100\n|switch|p1b: Sneasler|Sneasler, L50, F|100/100\n|switch|p2a: Whimsicott|Whimsicott, L50, F|100/100\n|switch|p2b: Miraidon|Miraidon, L50|100/100\n|-fieldstart|move: Electric Terrain|[from] ability: Hadron Engine|[of] p2b: Miraidon\n|-enditem|p1b: Sneasler|Electric Seed\n|-boost|p1b: Sneasler|def|1|[from] item: Electric Seed\n|-activate|p1a: Miraidon|ability: Hadron Engine\n|turn|1\n|inactive|therollercoaster has 30 seconds left.\n|\n|t:|1773917322\n|-terastallize|p1a: Miraidon|Fairy\n|move|p2a: Whimsicott|Tailwind|p2a: Whimsicott\n|-sidestart|p2: therollercoaster|move: Tailwind\n|move|p2b: Miraidon|Volt Switch|p1b: Sneasler\n|-damage|p1b: Sneasler|0 fnt\n|faint|p1b: Sneasler\n|\n|t:|1773917331\n|switch|p2b: Archaludon|Archaludon, L50, M|100/100|[from] Volt Switch\n|move|p1a: Miraidon|Dazzling Gleam|p2b: Archaludon|[spread] p2a,p2b\n|-damage|p2a: Whimsicott|22/100\n|-damage|p2b: Archaludon|62/100\n|-ability|p2b: Archaludon|Stamina|boost\n|-boost|p2b: Archaludon|def|1\n|\n|upkeep\n|\n|t:|1773917341\n|switch|p1b: Sandy Shocks|Sandy Shocks, L50|100/100\n|turn|2\n|\n|t:|1773917353\n|move|p2a: Whimsicott|Light Screen|p2a: Whimsicott\n|-sidestart|p2: therollercoaster|move: Light Screen\n|move|p2b: Archaludon|Snarl|p1b: Sandy Shocks|[spread] p1a,p1b\n|-resisted|p1a: Miraidon\n|-damage|p1a: Miraidon|95/100\n|-damage|p1b: Sandy Shocks|91/100\n|-unboost|p1a: Miraidon|spa|1\n|-unboost|p1b: Sandy Shocks|spa|1\n|move|p1a: Miraidon|Dazzling Gleam|p2b: Archaludon|[spread] p2a,p2b\n|-damage|p2a: Whimsicott|0 fnt\n|-damage|p2b: Archaludon|47/100\n|-ability|p2b: Archaludon|Stamina|boost\n|-boost|p2b: Archaludon|def|1\n|faint|p2a: Whimsicott\n|move|p1b: Sandy Shocks|Earth Power|p2b: Archaludon\n|-supereffective|p2b: Archaludon\n|-damage|p2b: Archaludon|26/100\n|-ability|p2b: Archaludon|Stamina|boost\n|-boost|p2b: Archaludon|def|1\n|\n|upkeep\n|\n|t:|1773917373\n|switch|p2a: Miraidon|Miraidon, L50|100/100\n|-activate|p2a: Miraidon|ability: Hadron Engine\n|turn|3\n|inactive|SycrasisEU has 30 seconds left.\n|inactive|SycrasisEU has 20 seconds left.\n|\n|t:|1773917412\n|-terastallize|p2a: Miraidon|Fairy\n|move|p2a: Miraidon|Draco Meteor|p1b: Sandy Shocks\n|-damage|p1b: Sandy Shocks|0 fnt\n|-unboost|p2a: Miraidon|spa|2\n|faint|p1b: Sandy Shocks\n|-end|p1b: Sandy Shocks|Protosynthesis|[silent]\n|move|p2b: Archaludon|Snarl|p1a: Miraidon\n|-resisted|p1a: Miraidon\n|-damage|p1a: Miraidon|88/100\n|-unboost|p1a: Miraidon|spa|1\n|move|p1a: Miraidon|Dazzling Gleam|p2b: Archaludon|[spread] p2a,p2b\n|-damage|p2a: Miraidon|82/100\n|-damage|p2b: Archaludon|13/100\n|-ability|p2b: Archaludon|Stamina|boost\n|-boost|p2b: Archaludon|def|1\n|\n|upkeep\n|\n|t:|1773917419\n|switch|p1b: Koraidon|Koraidon, L50|100/100\n|-weather|SunnyDay|[from] ability: Orichalcum Pulse|[of] p1b: Koraidon\n|-activate|p1b: Koraidon|Orichalcum Pulse|[source]\n|turn|4\n|inactive|therollercoaster has 30 seconds left.\n|\n|t:|1773917450\n|switch|p2a: Kyogre|Kyogre, L50|100/100\n|-weather|RainDance|[from] ability: Drizzle|[of] p2a: Kyogre\n|move|p2b: Archaludon|Flash Cannon|p1a: Miraidon\n|-supereffective|p1a: Miraidon\n|-crit|p1a: Miraidon\n|-damage|p1a: Miraidon|4/100\n|move|p1b: Koraidon|Flare Blitz|p2a: Kyogre\n|-resisted|p2a: Kyogre\n|-damage|p2a: Kyogre|86/100\n|-damage|p1b: Koraidon|95/100|[from] Recoil\n|move|p1a: Miraidon|Dazzling Gleam|p2a: Kyogre|[spread] p2a,p2b\n|-damage|p2a: Kyogre|72/100\n|-damage|p2b: Archaludon|1/100\n|-ability|p2b: Archaludon|Stamina|boost\n|-boost|p2b: Archaludon|def|1\n|\n|-weather|RainDance|[upkeep]\n|-heal|p2a: Kyogre|77/100|[from] item: Leftovers\n|-sideend|p2: therollercoaster|move: Tailwind\n|upkeep\n|turn|5\n|-message|SycrasisEU forfeited.\n|\n|win|therollercoaster\n|raw|SycrasisEU's rating: 1258 &rarr; <strong>1228</strong><br />(-30 for losing)\n|raw|therollercoaster's rating: 1185 &rarr; <strong>1215</strong><br />(+30 for winning)\n|l|\u2606SycrasisEU\n|player|p1|\n|l|\u2606therollercoaster\n|player|p2|\n","uploadtime":1773917738,"views":10,"formatid":"gen9vgc2026regi","rating":1215,"private":0,"password":null}