{"id":"gen9vgc2026regi-2551456258","format":"[Gen 9] VGC 2026 Reg I","players":["501JFW","kojimuranishi"],"log":"|j|\u2606501JFW\n|j|\u2606kojimuranishi\n|t:|1772604611\n|gametype|doubles\n|player|p1|501JFW|2|1453\n|player|p2|kojimuranishi|101|1547\n|gen|9\n|tier|[Gen 9] VGC 2026 Reg I\n|rated|\n|rule|Species Clause: Limit one of each Pok\u00e9mon\n|rule|Item Clause: Limit 1 of each item\n|clearpoke\n|poke|p1|Lunala, L50|\n|poke|p1|Koraidon, L50|\n|poke|p1|Jumpluff, L50, F|\n|poke|p1|Ogerpon-Cornerstone, L50, F|\n|poke|p1|Raging Bolt, L50|\n|poke|p1|Ursaluna, L50, M|\n|poke|p2|Raging Bolt, L50|\n|poke|p2|Calyrex-Ice, L50|\n|poke|p2|Kyogre, L50|\n|poke|p2|Indeedee-F, L50, F|\n|poke|p2|Ursaluna, L50, F|\n|poke|p2|Chien-Pao, L50|\n|teampreview|4\n|inactive|Battle timer is ON: inactive players will automatically lose when time's up. (requested by 501JFW)\n|inactive|501JFW has 60 seconds left.\n|\n|t:|1772604667\n|teamsize|p1|4\n|teamsize|p2|4\n|start\n|switch|p1a: Koraidon|Koraidon, L50, shiny|100/100\n|switch|p1b: Jumpluff|Jumpluff, L50, F, shiny|100/100\n|switch|p2a: Indeedee|Indeedee-F, L50, F|100/100\n|switch|p2b: Calyrex|Calyrex-Ice, L50|100/100\n|-ability|p2b: Calyrex|As One\n|-ability|p2b: Calyrex|Unnerve\n|-weather|SunnyDay|[from] ability: Orichalcum Pulse|[of] p1a: Koraidon\n|-activate|p1a: Koraidon|Orichalcum Pulse|[source]\n|-fieldstart|move: Psychic Terrain|[from] ability: Psychic Surge|[of] p2a: Indeedee\n|turn|1\n|\n|t:|1772604688\n|move|p2a: Indeedee|Follow Me|p2a: Indeedee\n|-singleturn|p2a: Indeedee|move: Follow Me\n|move|p1b: Jumpluff|Sleep Powder|p2a: Indeedee\n|-activate|p2a: Indeedee|item: Safety Goggles|Sleep Powder\n|move|p1a: Koraidon|U-turn|p2a: Indeedee\n|-supereffective|p2a: Indeedee\n|-damage|p2a: Indeedee|37/100\n|\n|t:|1772604693\n|switch|p1a: Lunala|Lunala, L50, shiny|100/100|[from] U-turn\n|move|p2b: Calyrex|Trick Room|p2b: Calyrex\n|-fieldstart|move: Trick Room|[of] p2b: Calyrex\n|\n|-weather|SunnyDay|[upkeep]\n|upkeep\n|turn|2\n|inactive|501JFW has 30 seconds left.\n|\n|t:|1772604733\n|switch|p2b: Ursaluna|Ursaluna, L50, F|100/100\n|move|p1a: Lunala|Wide Guard|p1a: Lunala\n|-singleturn|p1a: Lunala|Wide Guard\n|move|p2a: Indeedee|Follow Me|p2a: Indeedee\n|-singleturn|p2a: Indeedee|move: Follow Me\n|move|p1b: Jumpluff|Sleep Powder|p2a: Indeedee\n|-activate|p2a: Indeedee|item: Safety Goggles|Sleep Powder\n|\n|-weather|SunnyDay|[upkeep]\n|-status|p2b: Ursaluna|brn|[from] item: Flame Orb\n|upkeep\n|turn|3\n|inactive|501JFW has 30 seconds left.\n|inactive|501JFW has 20 seconds left.\n|\n|t:|1772604771\n|move|p2b: Ursaluna|Rock Slide|p1b: Jumpluff|[spread] p1a,p1b\n|-supereffective|p1b: Jumpluff\n|-damage|p1a: Lunala|85/100\n|-damage|p1b: Jumpluff|31/100\n|move|p2a: Indeedee|Psychic|p1b: Jumpluff\n|-damage|p1b: Jumpluff|0 fnt\n|faint|p1b: Jumpluff\n|move|p1a: Lunala|Heat Wave|p2a: Indeedee|[spread] p2a,p2b\n|-damage|p2a: Indeedee|0 fnt\n|-damage|p2b: Ursaluna|64/100 brn\n|faint|p2a: Indeedee\n|\n|-weather|SunnyDay|[upkeep]\n|-damage|p2b: Ursaluna|58/100 brn|[from] brn\n|upkeep\n|\n|t:|1772604787\n|switch|p2a: Raging Bolt|Raging Bolt, L50|100/100\n|switch|p1b: Koraidon|Koraidon, L50, shiny|100/100\n|-activate|p1b: Koraidon|ability: Orichalcum Pulse\n|-activate|p2a: Raging Bolt|ability: Protosynthesis\n|-start|p2a: Raging Bolt|protosynthesisspa\n|turn|4\n|\n|t:|1772604808\n|-terastallize|p1b: Koraidon|Ghost\n|move|p2b: Ursaluna|Headlong Rush|p1a: Lunala\n|-damage|p1a: Lunala|0 fnt\n|-unboost|p2b: Ursaluna|def|1\n|-unboost|p2b: Ursaluna|spd|1\n|faint|p1a: Lunala\n|move|p2a: Raging Bolt|Draco Meteor|p1b: Koraidon\n|-enditem|p1b: Koraidon|Focus Sash\n|-damage|p1b: Koraidon|1/100\n|-unboost|p2a: Raging Bolt|spa|2\n|-damage|p2a: Raging Bolt|91/100|[from] item: Life Orb\n|move|p1b: Koraidon|Close Combat|p2a: Raging Bolt\n|-crit|p2a: Raging Bolt\n|-damage|p2a: Raging Bolt|0 fnt\n|-unboost|p1b: Koraidon|def|1\n|-unboost|p1b: Koraidon|spd|1\n|faint|p2a: Raging Bolt\n|-end|p2a: Raging Bolt|Protosynthesis|[silent]\n|\n|-weather|SunnyDay|[upkeep]\n|-damage|p2b: Ursaluna|52/100 brn|[from] brn\n|upkeep\n|\n|t:|1772604831\n|switch|p2a: Calyrex|Calyrex-Ice, L50|100/100\n|switch|p1a: Ogerpon|Ogerpon-Cornerstone, L50, F|100/100\n|-ability|p2a: Calyrex|As One\n|-ability|p2a: Calyrex|Unnerve\n|turn|5\n|inactive|kojimuranishi has 30 seconds left.\n|inactive|kojimuranishi has 20 seconds left.\n|\n|t:|1772604866\n|move|p1a: Ogerpon|Spiky Shield|p1a: Ogerpon\n|-singleturn|p1a: Ogerpon|move: Protect\n|move|p1b: Koraidon|Protect|p1b: Koraidon\n|-singleturn|p1b: Koraidon|Protect\n|move|p2a: Calyrex|Glacial Lance|p1a: Ogerpon|[spread] \n|-activate|p1a: Ogerpon|move: Protect\n|-activate|p1b: Koraidon|move: Protect\n|move|p2b: Ursaluna|Rock Slide|p1b: Koraidon|[spread] \n|-activate|p1a: Ogerpon|move: Protect\n|-activate|p1b: Koraidon|move: Protect\n|\n|-weather|none\n|-damage|p2b: Ursaluna|46/100 brn|[from] brn\n|-fieldend|move: Trick Room\n|-fieldend|move: Psychic Terrain\n|upkeep\n|turn|6\n|inactive|501JFW has 30 seconds left.\n|inactive|501JFW has 20 seconds left.\n|\n|t:|1772604905\n|-terastallize|p2a: Calyrex|Water\n|move|p2b: Ursaluna|Protect|p2b: Ursaluna\n|-singleturn|p2b: Ursaluna|Protect\n|move|p1b: Koraidon|Shadow Claw|p2a: Calyrex\n|-damage|p2a: Calyrex|80/100\n|move|p1a: Ogerpon|Ivy Cudgel|p2a: Calyrex|[anim] Ivy Cudgel Rock\n|-damage|p2a: Calyrex|44/100\n|move|p2a: Calyrex|Trick Room|p2a: Calyrex\n|-fieldstart|move: Trick Room|[of] p2a: Calyrex\n|\n|-heal|p2a: Calyrex|50/100|[from] item: Leftovers\n|-damage|p2b: Ursaluna|40/100 brn|[from] brn\n|upkeep\n|turn|7\n|-message|501JFW forfeited.\n|\n|win|kojimuranishi\n|raw|501JFW's rating: 1453 &rarr; <strong>1438</strong><br />(-15 for losing)\n|raw|kojimuranishi's rating: 1547 &rarr; <strong>1562</strong><br />(+15 for winning)\n|l|\u2606501JFW\n|player|p1|\n|l|\u2606kojimuranishi\n|player|p2|\n","uploadtime":1772605155,"views":14,"formatid":"gen9vgc2026regi","rating":1438,"private":0,"password":null}