{"id":"gen9vgc2026regi-2571293998","format":"[Gen 9] VGC 2026 Reg I","players":["Shagrathisbeast","FreeBagels"],"log":"|j|\u2606Shagrathisbeast\n|j|\u2606FreeBagels\n|t:|1774901185\n|gametype|doubles\n|player|p1|Shagrathisbeast|265|1389\n|player|p2|FreeBagels|lucas|1379\n|gen|9\n|tier|[Gen 9] VGC 2026 Reg I\n|rated|\n|rule|Species Clause: Limit one of each Pok\u00e9mon\n|rule|Item Clause: Limit 1 of each item\n|clearpoke\n|poke|p1|Zamazenta-*, L50|\n|poke|p1|Calyrex-Ice, L50|\n|poke|p1|Ogerpon-Cornerstone, L50, F|\n|poke|p1|Raging Bolt, L50|\n|poke|p1|Pelipper, L50, M|\n|poke|p1|Urshifu-*, L50, M|\n|poke|p2|Calyrex-Ice, L50|\n|poke|p2|Chi-Yu, L50|\n|poke|p2|Koraidon, L50|\n|poke|p2|Landorus, L50, M|\n|poke|p2|Incineroar, L50, M|\n|poke|p2|Flutter Mane, L50|\n|teampreview|4\nShagrathisbeast has agreed to open team sheets.\n|inactive|Battle timer is ON: inactive players will automatically lose when time's up. (requested by FreeBagels)\n|inactive|Shagrathisbeast has 60 seconds left.\n|\n|t:|1774901231\n|teamsize|p1|4\n|teamsize|p2|4\n|start\n|switch|p1a: Ogerpon|Ogerpon-Cornerstone, L50, F|100/100\n|switch|p1b: Calyrex|Calyrex-Ice, L50|100/100\n|switch|p2a: Incineroar|Incineroar, L50, M|100/100\n|switch|p2b: Calyrex|Calyrex-Ice, L50|100/100\n|-ability|p2b: Calyrex|As One\n|-ability|p2b: Calyrex|Unnerve\n|-ability|p1b: Calyrex|As One\n|-ability|p1b: Calyrex|Unnerve\n|-ability|p2a: Incineroar|Intimidate|boost\n|-unboost|p1a: Ogerpon|atk|1\n|-fail|p1b: Calyrex|unboost|[from] item: Clear Amulet|[of] p1b: Calyrex\n|turn|1\n|inactive|FreeBagels has 30 seconds left.\n|\n|t:|1774901266\n|switch|p1b: Zamazenta|Zamazenta-Crowned, L50, shiny|100/100\n|-ability|p1b: Zamazenta|Dauntless Shield|boost\n|-boost|p1b: Zamazenta|def|1\n|move|p1a: Ogerpon|Spiky Shield|p1a: Ogerpon\n|-singleturn|p1a: Ogerpon|move: Protect\n|move|p2a: Incineroar|Knock Off|p1b: Zamazenta\n|-resisted|p1b: Zamazenta\n|-damage|p1b: Zamazenta|95/100\n|move|p2b: Calyrex|Glacial Lance|p1b: Zamazenta|[spread] p1b\n|-activate|p1a: Ogerpon|move: Protect\n|-resisted|p1b: Zamazenta\n|-damage|p1b: Zamazenta|83/100\n|\n|upkeep\n|turn|2\n|inactive|Shagrathisbeast has 30 seconds left.\n|inactive|Shagrathisbeast has 20 seconds left.\n|\n|t:|1774901301\n|-terastallize|p2b: Calyrex|Water\n|move|p1a: Ogerpon|Ivy Cudgel|p2b: Calyrex|[anim] Ivy Cudgel Rock\n|-damage|p2b: Calyrex|77/100\n|move|p1b: Zamazenta|Body Press|p2b: Calyrex\n|-damage|p2b: Calyrex|36/100\n|move|p2a: Incineroar|Taunt|p1b: Zamazenta\n|-start|p1b: Zamazenta|move: Taunt\n|move|p2b: Calyrex|Trick Room|p2b: Calyrex\n|-fieldstart|move: Trick Room|[of] p2b: Calyrex\n|\n|upkeep\n|turn|3\n|inactive|Shagrathisbeast has 30 seconds left.\n|\n|t:|1774901329\n|switch|p2a: Landorus|Landorus, L50, M|100/100\n|move|p1a: Ogerpon|Follow Me|p1a: Ogerpon\n|-singleturn|p1a: Ogerpon|move: Follow Me\n|move|p2b: Calyrex|Glacial Lance|p1b: Zamazenta|[spread] p1a,p1b\n|-supereffective|p1a: Ogerpon\n|-resisted|p1b: Zamazenta\n|-ability|p1a: Ogerpon|Sturdy\n|-damage|p1a: Ogerpon|1/100\n|-damage|p1b: Zamazenta|70/100\n|move|p1b: Zamazenta|Body Press|p2b: Calyrex\n|-damage|p2b: Calyrex|0 fnt\n|faint|p2b: Calyrex\n|\n|upkeep\n|\n|t:|1774901340\n|switch|p2b: Koraidon|Koraidon, L50|100/100\n|-weather|SunnyDay|[from] ability: Orichalcum Pulse|[of] p2b: Koraidon\n|-activate|p2b: Koraidon|Orichalcum Pulse|[source]\n|turn|4\n|inactive|Shagrathisbeast has 30 seconds left.\n|\n|t:|1774901369\n|move|p2a: Landorus|Protect|p2a: Landorus\n|-singleturn|p2a: Landorus|Protect\n|move|p2b: Koraidon|Protect|p2b: Koraidon\n|-singleturn|p2b: Koraidon|Protect\n|move|p1a: Ogerpon|Follow Me|p1a: Ogerpon\n|-singleturn|p1a: Ogerpon|move: Follow Me\n|move|p1b: Zamazenta|Body Press|p2b: Koraidon\n|-activate|p2b: Koraidon|move: Protect\n|\n|-weather|SunnyDay|[upkeep]\n|upkeep\n|turn|5\n|inactive|Shagrathisbeast has 30 seconds left.\n|\n|t:|1774901409\n|switch|p2a: Incineroar|Incineroar, L50, M|100/100\n|-ability|p2a: Incineroar|Intimidate|boost\n|-unboost|p1a: Ogerpon|atk|1\n|-unboost|p1b: Zamazenta|atk|1\n|move|p1a: Ogerpon|Follow Me|p1a: Ogerpon\n|-singleturn|p1a: Ogerpon|move: Follow Me\n|move|p2b: Koraidon|Scale Shot|p1a: Ogerpon\n|-damage|p1a: Ogerpon|0 fnt\n|faint|p1a: Ogerpon\n|-hitcount|p1: Ogerpon|1\n|-unboost|p2b: Koraidon|def|1\n|-boost|p2b: Koraidon|spe|1\n|move|p1b: Zamazenta|Body Press|p2b: Koraidon\n|-damage|p2b: Koraidon|24/100\n|\n|-weather|SunnyDay|[upkeep]\n|-end|p1b: Zamazenta|move: Taunt\n|upkeep\n|\n|t:|1774901426\n|switch|p1a: Calyrex|Calyrex-Ice, L50|100/100\n|-ability|p1a: Calyrex|As One\n|-ability|p1a: Calyrex|Unnerve\n|turn|6\n|\n|t:|1774901450\n|move|p2a: Incineroar|Fake Out|p1a: Calyrex\n|-damage|p1a: Calyrex|94/100\n|cant|p1a: Calyrex|flinch\n|move|p1b: Zamazenta|Body Press|p2b: Koraidon\n|-damage|p2b: Koraidon|0 fnt\n|faint|p2b: Koraidon\n|\n|-weather|SunnyDay|[upkeep]\n|-fieldend|move: Trick Room\n|upkeep\n|\n|t:|1774901457\n|switch|p2b: Landorus|Landorus, L50, M|100/100\n|turn|7\n|\n|t:|1774901468\n|-terastallize|p1b: Zamazenta|Grass\n|move|p1b: Zamazenta|Body Press|p2a: Incineroar\n|-supereffective|p2a: Incineroar\n|-damage|p2a: Incineroar|0 fnt\n|faint|p2a: Incineroar\n|move|p2b: Landorus|Earth Power|p1a: Calyrex\n|-damage|p1a: Calyrex|52/100\n|move|p1a: Calyrex|Glacial Lance|p2b: Landorus\n|-supereffective|p2b: Landorus\n|-damage|p2b: Landorus|0 fnt\n|faint|p2b: Landorus\n|\n|win|Shagrathisbeast\n|raw|Shagrathisbeast's rating: 1389 &rarr; <strong>1408</strong><br />(+19 for winning)\n|raw|FreeBagels's rating: 1379 &rarr; <strong>1360</strong><br />(-19 for losing)\n|l|\u2606FreeBagels\n|player|p2|\n|l|\u2606Shagrathisbeast\n|player|p1|\n","uploadtime":1774901641,"views":20,"formatid":"gen9vgc2026regi","rating":1360,"private":0,"password":null}