{"id":"gen9vgc2026regi-2549616519","format":"[Gen 9] VGC 2026 Reg I","players":["shangenb1","cdogp3"],"log":"|j|\u2606shangenb1\n|j|\u2606cdogp3\n|t:|1772390371\n|gametype|doubles\n|player|p1|shangenb1|169|1446\n|player|p2|cdogp3|hoopster|1653\n|gen|9\n|tier|[Gen 9] VGC 2026 Reg I\n|rated|\n|rule|Species Clause: Limit one of each Pok\u00e9mon\n|rule|Item Clause: Limit 1 of each item\n|clearpoke\n|poke|p1|Calyrex-Shadow, L50|\n|poke|p1|Zamazenta-*, L50|\n|poke|p1|Rillaboom, L50, M|\n|poke|p1|Raging Bolt, L50|\n|poke|p1|Ogerpon-Hearthflame, L50, F|\n|poke|p1|Smeargle, L50, F|\n|poke|p2|Sneasler, L50, F|\n|poke|p2|Ditto, L50|\n|poke|p2|Calyrex-Ice, L50|\n|poke|p2|Miraidon, L50|\n|poke|p2|Urshifu-*, L50, F|\n|poke|p2|Incineroar, L50, F|\n|teampreview|4\n|inactive|Battle timer is ON: inactive players will automatically lose when time's up. (requested by cdogp3)\n|inactive|shangenb1 also wants the timer to be on.\n|inactive|shangenb1 has 60 seconds left.\n|\n|t:|1772390414\n|teamsize|p1|4\n|teamsize|p2|4\n|start\n|switch|p1a: Rillaboom|Rillaboom, L50, M|100/100\n|switch|p1b: Calyrex|Calyrex-Shadow, L50|100/100\n|switch|p2a: Calyrex|Calyrex-Ice, L50|100/100\n|switch|p2b: Incineroar|Incineroar, L50, F|100/100\n|-ability|p1b: Calyrex|As One\n|-ability|p1b: Calyrex|Unnerve\n|-ability|p2a: Calyrex|As One\n|-ability|p2a: Calyrex|Unnerve\n|-fieldstart|move: Grassy Terrain|[from] ability: Grassy Surge|[of] p1a: Rillaboom\n|-ability|p2b: Incineroar|Intimidate|boost\n|-unboost|p1a: Rillaboom|atk|1\n|-unboost|p1b: Calyrex|atk|1\n|turn|1\n|j| globalfish39\n|\n|t:|1772390436\n|-terastallize|p1b: Calyrex|Dark\n|-terastallize|p2a: Calyrex|Water\n|move|p1a: Rillaboom|Fake Out|p2a: Calyrex\n|-damage|p2a: Calyrex|95/100\n|move|p1b: Calyrex|Nasty Plot|p1b: Calyrex\n|-boost|p1b: Calyrex|spa|2\n|move|p2b: Incineroar|U-turn|p1b: Calyrex\n|-supereffective|p1b: Calyrex\n|-damage|p1b: Calyrex|54/100\n|\n|t:|1772390442\n|switch|p2b: Miraidon|Miraidon, L50|100/100|[from] U-turn\n|-fieldstart|move: Electric Terrain|[from] ability: Hadron Engine|[of] p2b: Miraidon\n|cant|p2a: Calyrex|flinch\n|\n|upkeep\n|turn|2\n|\n|t:|1772390467\n|move|p2b: Miraidon|Protect|p2b: Miraidon\n|-singleturn|p2b: Miraidon|Protect\n|move|p1b: Calyrex|Astral Barrage|p2b: Miraidon|[spread] p2a\n|-activate|p2b: Miraidon|move: Protect\n|-damage|p2a: Calyrex|1/100\n|-damage|p1b: Calyrex|44/100|[from] item: Life Orb\n|move|p1a: Rillaboom|Grassy Glide|p2b: Miraidon\n|-activate|p2b: Miraidon|move: Protect\n|move|p2a: Calyrex|Glacial Lance|p1b: Calyrex|[spread] p1a,p1b\n|-supereffective|p1a: Rillaboom\n|-damage|p1a: Rillaboom|10/100\n|-damage|p1b: Calyrex|0 fnt\n|faint|p1b: Calyrex\n|-ability|p2a: Calyrex|Chilling Neigh|boost\n|-boost|p2a: Calyrex|atk|1\n|\n|upkeep\n|\n|t:|1772390487\n|switch|p1b: Zamazenta|Zamazenta-Crowned, L50|100/100\n|-ability|p1b: Zamazenta|Dauntless Shield|boost\n|-boost|p1b: Zamazenta|def|1\n|turn|3\n|j| Therazer456\n|\n|t:|1772390502\n|switch|p1a: Raging Bolt|Raging Bolt, L50|100/100\n|-enditem|p1a: Raging Bolt|Booster Energy\n|-activate|p1a: Raging Bolt|ability: Protosynthesis|[fromitem]\n|-start|p1a: Raging Bolt|protosynthesisspa\n|switch|p2a: Ditto|Ditto, L50, shiny|100/100\n|-transform|p2a: Ditto|p1b: Zamazenta|[from] ability: Imposter\n|-ability|p2a: Ditto|Dauntless Shield|boost\n|-boost|p2a: Ditto|def|1\n|move|p2b: Miraidon|Volt Switch|p1a: Raging Bolt\n|-resisted|p1a: Raging Bolt\n|-damage|p1a: Raging Bolt|81/100\n|-damage|p2b: Miraidon|91/100|[from] item: Life Orb\n|\n|t:|1772390505\n|switch|p2b: Calyrex|Calyrex-Ice, L50, tera:Water|1/100|[from] Volt Switch\n|-ability|p2b: Calyrex|As One\n|-ability|p2b: Calyrex|Unnerve\n|move|p1b: Zamazenta|Body Press|p2b: Calyrex\n|-damage|p2b: Calyrex|0 fnt\n|faint|p2b: Calyrex\n|\n|upkeep\n|\n|t:|1772390507\n|switch|p2b: Miraidon|Miraidon, L50|91/100\n|-activate|p2b: Miraidon|ability: Hadron Engine\n|turn|4\n|inactive|shangenb1 has 30 seconds left.\n|\n|t:|1772390533\n|move|p1b: Zamazenta|Protect|p1b: Zamazenta\n|-singleturn|p1b: Zamazenta|Protect\n|move|p1a: Raging Bolt|Thunderclap|p2a: Ditto\n|-damage|p2a: Ditto|48/100\n|move|p2a: Ditto|Body Press|p1b: Zamazenta\n|-activate|p1b: Zamazenta|move: Protect\n|move|p2b: Miraidon|Draco Meteor|p1a: Raging Bolt|[miss]\n|-miss|p2b: Miraidon|p1a: Raging Bolt\n|\n|upkeep\n|turn|5\n|inactive|shangenb1 has 30 seconds left.\n|\n|t:|1772390559\n|switch|p2a: Incineroar|Incineroar, L50, F|100/100\n|-ability|p2a: Incineroar|Intimidate|boost\n|-unboost|p1a: Raging Bolt|atk|1\n|-unboost|p1b: Zamazenta|atk|1\n|move|p1a: Raging Bolt|Thunderclap||[still]\n|-fail|p1a: Raging Bolt\n|move|p2b: Miraidon|Electro Drift|p1b: Zamazenta\n|-damage|p1b: Zamazenta|10/100\n|-damage|p2b: Miraidon|81/100|[from] item: Life Orb\n|move|p1b: Zamazenta|Body Press|p2b: Miraidon\n|-damage|p2b: Miraidon|12/100\n|\n|-fieldend|move: Electric Terrain\n|upkeep\n|turn|6\n|\n|t:|1772390584\n|move|p1b: Zamazenta|Protect|p1b: Zamazenta\n|-singleturn|p1b: Zamazenta|Protect\n|move|p1a: Raging Bolt|Protect|p1a: Raging Bolt\n|-singleturn|p1a: Raging Bolt|Protect\n|move|p2a: Incineroar|Fake Out|p1a: Raging Bolt\n|-activate|p1a: Raging Bolt|move: Protect\n|move|p2b: Miraidon|Volt Switch|p1b: Zamazenta\n|-activate|p1b: Zamazenta|move: Protect\n|\n|upkeep\n|turn|7\n|\n|t:|1772390598\n|move|p1a: Raging Bolt|Thunderclap|p2b: Miraidon\n|-resisted|p2b: Miraidon\n|-damage|p2b: Miraidon|0 fnt\n|faint|p2b: Miraidon\n|move|p1b: Zamazenta|Body Press|p2a: Incineroar\n|-supereffective|p2a: Incineroar\n|-damage|p2a: Incineroar|0 fnt\n|faint|p2a: Incineroar\n|\n|upkeep\n|-message|cdogp3 forfeited.\n|\n|win|shangenb1\n|raw|shangenb1's rating: 1446 &rarr; <strong>1477</strong><br />(+31 for winning)\n|raw|cdogp3's rating: 1653 &rarr; <strong>1622</strong><br />(-31 for losing)\n|l|\u2606cdogp3\n|player|p2|\n|l|\u2606shangenb1\n|player|p1|\n","uploadtime":1772390866,"views":17,"formatid":"gen9vgc2026regi","rating":1477,"private":0,"password":null}