{"id":"gen9vgc2026regi-2563195150","format":"[Gen 9] VGC 2026 Reg I","players":["Ice124567890","EllenJoe2026"],"log":"|j|\u2606Ice124567890\n|j|\u2606EllenJoe2026\n|t:|1774001564\n|gametype|doubles\n|player|p1|Ice124567890|102|1538\n|player|p2|EllenJoe2026|2|1531\n|gen|9\n|tier|[Gen 9] VGC 2026 Reg I\n|rated|\n|rule|Species Clause: Limit one of each Pok\u00e9mon\n|rule|Item Clause: Limit 1 of each item\n|clearpoke\n|poke|p1|Zacian-*, L50|\n|poke|p1|Calyrex-Shadow, L50|\n|poke|p1|Tornadus, L50, M|\n|poke|p1|Landorus, L50, M|\n|poke|p1|Incineroar, L50, M|\n|poke|p1|Ogerpon-Wellspring, L50, F|\n|poke|p2|Calyrex-Shadow, L50|\n|poke|p2|Zamazenta-*, L50|\n|poke|p2|Incineroar, L50, F|\n|poke|p2|Rillaboom, L50, F|\n|poke|p2|Smeargle, L50, F|\n|poke|p2|Tornadus, L50, M|\n|teampreview|4\n|inactive|Battle timer is ON: inactive players will automatically lose when time's up. (requested by Ice124567890)\n|inactive|EllenJoe2026 also wants the timer to be on.\n|\n|t:|1774001584\n|teamsize|p1|4\n|teamsize|p2|4\n|start\n|switch|p1a: Tornadus|Tornadus, L50, M|100/100\n|switch|p1b: Ogerpon|Ogerpon-Wellspring, L50, F|100/100\n|switch|p2a: Calyrex|Calyrex-Shadow, L50|100/100\n|switch|p2b: Tornadus|Tornadus, L50, M, shiny|100/100\n|-ability|p2a: Calyrex|As One\n|-ability|p2a: Calyrex|Unnerve\n|turn|1\n|\n|t:|1774001596\n|move|p2a: Calyrex|Protect|p2a: Calyrex\n|-singleturn|p2a: Calyrex|Protect\n|move|p1a: Tornadus|Bleakwind Storm|p2a: Calyrex|[spread] p2b\n|-activate|p2a: Calyrex|move: Protect\n|-damage|p2b: Tornadus|68/100\n|-unboost|p2b: Tornadus|spe|1\n|move|p1b: Ogerpon|Ivy Cudgel|p2a: Calyrex|[anim] Ivy Cudgel Water\n|-activate|p2a: Calyrex|move: Protect\n|move|p2b: Tornadus|Bleakwind Storm|p1a: Tornadus|[spread] \n|-miss|p2b: Tornadus|p1a: Tornadus\n|-miss|p2b: Tornadus|p1b: Ogerpon\n|\n|upkeep\n|turn|2\n|inactive|Ice124567890 has 30 seconds left.\n|inactive|EllenJoe2026 has 30 seconds left.\n|\n|t:|1774001627\n|switch|p2a: Incineroar|Incineroar, L50, F, shiny|100/100\n|-ability|p2a: Incineroar|Intimidate|boost\n|-unboost|p1a: Tornadus|atk|1\n|-unboost|p1b: Ogerpon|atk|1\n|-terastallize|p1b: Ogerpon|Water\n|detailschange|p1b: Ogerpon|Ogerpon-Wellspring-Tera, L50, F, tera:Water\n|-ability|p1b: Ogerpon|Embody Aspect (Wellspring)|boost\n|-boost|p1b: Ogerpon|spd|1\n|move|p1a: Tornadus|Tailwind|p1a: Tornadus\n|-sidestart|p1: Ice124567890|move: Tailwind\n|move|p2b: Tornadus|Tailwind|p2b: Tornadus\n|-sidestart|p2: EllenJoe2026|move: Tailwind\n|move|p1b: Ogerpon|Ivy Cudgel|p2b: Tornadus|[anim] Ivy Cudgel Water\n|-damage|p2b: Tornadus|11/100\n|\n|upkeep\n|turn|3\n|inactive|EllenJoe2026 has 30 seconds left.\n|\n|t:|1774001661\n|switch|p2b: Zamazenta|Zamazenta-Crowned, L50, shiny|100/100\n|-ability|p2b: Zamazenta|Dauntless Shield|boost\n|-boost|p2b: Zamazenta|def|1\n|-terastallize|p2a: Incineroar|Grass\n|move|p1a: Tornadus|Bleakwind Storm|p2b: Zamazenta|[spread] p2a\n|-miss|p1a: Tornadus|p2b: Zamazenta\n|-supereffective|p2a: Incineroar\n|-damage|p2a: Incineroar|44/100\n|-unboost|p2a: Incineroar|spe|1\n|move|p1b: Ogerpon|Ivy Cudgel|p2b: Zamazenta|[anim] Ivy Cudgel Water\n|-damage|p2b: Zamazenta|82/100\n|move|p2a: Incineroar|Parting Shot|p1b: Ogerpon\n|-unboost|p1b: Ogerpon|atk|1\n|-unboost|p1b: Ogerpon|spa|1\n|\n|t:|1774001680\n|switch|p2a: Calyrex|Calyrex-Shadow, L50|100/100|[from] Parting Shot\n|-ability|p2a: Calyrex|As One\n|-ability|p2a: Calyrex|Unnerve\n|\n|upkeep\n|turn|4\n|inactive|Ice124567890 has 30 seconds left.\n|inactive|Ice124567890 has 20 seconds left.\n|\n|t:|1774001718\n|move|p2a: Calyrex|Astral Barrage|p1a: Tornadus|[spread] p1a,p1b\n|-damage|p1a: Tornadus|29/100\n|-damage|p1b: Ogerpon|58/100\n|move|p2b: Zamazenta|Body Press|p1b: Ogerpon\n|-damage|p1b: Ogerpon|0 fnt\n|faint|p1b: Ogerpon\n|detailschange|p1: Ogerpon|Ogerpon-Wellspring, L50, F|[silent]\n|move|p1a: Tornadus|Bleakwind Storm|p2b: Zamazenta|[spread] p2b\n|-miss|p1a: Tornadus|p2a: Calyrex\n|-damage|p2b: Zamazenta|59/100\n|-unboost|p2b: Zamazenta|spe|1\n|\n|upkeep\n|\n|t:|1774001726\n|switch|p1b: Calyrex|Calyrex-Shadow, L50|100/100\n|-ability|p1b: Calyrex|As One\n|-ability|p1b: Calyrex|Unnerve\n|turn|5\n|\n|t:|1774001741\n|move|p1a: Tornadus|Protect|p1a: Tornadus\n|-singleturn|p1a: Tornadus|Protect\n|move|p1b: Calyrex|Protect|p1b: Calyrex\n|-singleturn|p1b: Calyrex|Protect\n|move|p2b: Zamazenta|Wide Guard|p2b: Zamazenta\n|-singleturn|p2b: Zamazenta|Wide Guard\n|move|p2a: Calyrex|Imprison|p2a: Calyrex\n|-start|p2a: Calyrex|move: Imprison\n|\n|-sideend|p1: Ice124567890|move: Tailwind\n|-sideend|p2: EllenJoe2026|move: Tailwind\n|upkeep\n|turn|6\n|\n|t:|1774001757\n|move|p1a: Tornadus|Tailwind|p1a: Tornadus\n|-sidestart|p1: Ice124567890|move: Tailwind\n|move|p1b: Calyrex|Encore|p2a: Calyrex\n|-start|p2a: Calyrex|Encore\n|move|p2a: Calyrex|Imprison||[still]\n|-fail|p2a: Calyrex\n|move|p2b: Zamazenta|Heavy Slam|p1b: Calyrex\n|-damage|p1b: Calyrex|45/100\n|\n|upkeep\n|turn|7\n|\n|t:|1774001769\n|move|p1b: Calyrex|Disable|p2b: Zamazenta\n|-start|p2b: Zamazenta|Disable|Heavy Slam\n|move|p1a: Tornadus|Bleakwind Storm|p2a: Calyrex|[spread] p2b\n|-miss|p1a: Tornadus|p2a: Calyrex\n|-damage|p2b: Zamazenta|39/100\n|move|p2a: Calyrex|Imprison||[still]\n|-fail|p2a: Calyrex\n|cant|p2b: Zamazenta|Disable|Heavy Slam\n|\n|upkeep\n|turn|8\n|\n|t:|1774001791\n|switch|p2b: Incineroar|Incineroar, L50, F, shiny, tera:Grass|44/100\n|-ability|p2b: Incineroar|Intimidate|boost\n|-unboost|p1a: Tornadus|atk|1\n|-unboost|p1b: Calyrex|atk|1\n|move|p1b: Calyrex|Encore||[still]\n|-fail|p1b: Calyrex\n|move|p1a: Tornadus|Bleakwind Storm|p2a: Calyrex|[spread] p2a,p2b\n|-supereffective|p2b: Incineroar\n|-damage|p2a: Calyrex|69/100\n|-damage|p2b: Incineroar|0 fnt\n|faint|p2b: Incineroar\n|move|p2a: Calyrex|Imprison||[still]\n|-fail|p2a: Calyrex\n|\n|-end|p2a: Calyrex|Encore\n|upkeep\n|\n|t:|1774001800\n|switch|p2b: Tornadus|Tornadus, L50, M, shiny|11/100\n|turn|9\n|\n|t:|1774001807\n|move|p2b: Tornadus|Taunt|p1b: Calyrex\n|-start|p1b: Calyrex|move: Taunt\n|cant|p1b: Calyrex|move: Taunt|Encore\n|move|p1a: Tornadus|Bleakwind Storm|p2b: Tornadus|[spread] p2a,p2b\n|-damage|p2a: Calyrex|35/100\n|-damage|p2b: Tornadus|0 fnt\n|faint|p2b: Tornadus\n|move|p2a: Calyrex|Astral Barrage|p1a: Tornadus|[spread] p1a,p1b\n|-supereffective|p1b: Calyrex\n|-damage|p1a: Tornadus|0 fnt\n|-damage|p1b: Calyrex|0 fnt\n|faint|p1a: Tornadus\n|faint|p1b: Calyrex\n|-ability|p2a: Calyrex|Grim Neigh|boost\n|-boost|p2a: Calyrex|spa|2\n|\n|-sideend|p1: Ice124567890|move: Tailwind\n|upkeep\n|\n|t:|1774001815\n|switch|p2b: Zamazenta|Zamazenta-Crowned, L50, shiny|39/100\n|switch|p1a: Zacian|Zacian-Crowned, L50|100/100\n|-ability|p1a: Zacian|Intrepid Sword|boost\n|-boost|p1a: Zacian|atk|1\n|turn|10\n|\n|t:|1774001826\n|move|p2a: Calyrex|Astral Barrage|p1a: Zacian\n|-damage|p1a: Zacian|0 fnt\n|faint|p1a: Zacian\n|\n|win|EllenJoe2026\n|raw|Ice124567890's rating: 1538 &rarr; <strong>1518</strong><br />(-20 for losing)\n|raw|EllenJoe2026's rating: 1531 &rarr; <strong>1551</strong><br />(+20 for winning)\n|l|\u2606Ice124567890\n|player|p1|\n|l|\u2606EllenJoe2026\n|player|p2|\n","uploadtime":1774001980,"views":16,"formatid":"gen9vgc2026regi","rating":1518,"private":0,"password":null}