{"id":"gen9vgc2026regi-2579846976","format":"[Gen 9] VGC 2026 Reg I","players":["chrisjhall11","Voth"],"log":"|j|\u2606chrisjhall11\n|j|\u2606Voth\n|t:|1775833037\n|gametype|doubles\n|player|p1|chrisjhall11|dawn|1548\n|player|p2|Voth|dawn|1615\n|gen|9\n|tier|[Gen 9] VGC 2026 Reg I\n|rated|\n|rule|Species Clause: Limit one of each Pok\u00e9mon\n|rule|Item Clause: Limit 1 of each item\n|clearpoke\n|poke|p1|Miraidon, L50|\n|poke|p1|Zamazenta-*, L50|\n|poke|p1|Amoonguss, L50, M|\n|poke|p1|Incineroar, L50, M|\n|poke|p1|Chien-Pao, L50|\n|poke|p1|Landorus, L50, M|\n|poke|p2|Urshifu-*, L50, M|\n|poke|p2|Calyrex-Ice, L50|\n|poke|p2|Tornadus, L50, M|\n|poke|p2|Landorus, L50, M|\n|poke|p2|Rillaboom, L50, F|\n|poke|p2|Kyogre, L50|\n|teampreview|4\n|\n|t:|1775833062\n|teamsize|p1|4\n|teamsize|p2|4\n|start\n|switch|p1a: Chien-Pao|Chien-Pao, L50|100/100\n|switch|p1b: Amoonguss|Amoonguss, L50, M|100/100\n|switch|p2a: Mustang|Calyrex-Ice, L50|100/100\n|switch|p2b: Roque|Landorus, L50, M|100/100\n|-ability|p2a: Mustang|As One\n|-ability|p2a: Mustang|Unnerve\n|-ability|p1a: Chien-Pao|Sword of Ruin\n|turn|1\n|\n|t:|1775833074\n|switch|p2b: Victra|Kyogre, L50|100/100\n|-weather|RainDance|[from] ability: Drizzle|[of] p2b: Victra\n|move|p1b: Amoonguss|Protect|p1b: Amoonguss\n|-singleturn|p1b: Amoonguss|Protect\n|move|p1a: Chien-Pao|Icicle Crash|p2b: Victra\n|-resisted|p2b: Victra\n|-damage|p2b: Victra|73/100\n|move|p2a: Mustang|Glacial Lance|p1a: Chien-Pao|[spread] p1a\n|-activate|p1b: Amoonguss|move: Protect\n|-resisted|p1a: Chien-Pao\n|-damage|p1a: Chien-Pao|65/100\n|\n|-weather|RainDance|[upkeep]\n|upkeep\n|turn|2\n|inactive|Battle timer is ON: inactive players will automatically lose when time's up. (requested by Voth)\n|\n|t:|1775833099\n|switch|p1b: Zamazenta|Zamazenta-Crowned, L50|100/100\n|-ability|p1b: Zamazenta|Dauntless Shield|boost\n|-boost|p1b: Zamazenta|def|1\n|move|p1a: Chien-Pao|Crunch|p2b: Victra\n|-damage|p2b: Victra|23/100\n|-unboost|p2b: Victra|def|1\n|move|p2b: Victra|Origin Pulse|p1a: Chien-Pao|[spread] p1a,p1b\n|-damage|p1a: Chien-Pao|0 fnt\n|-damage|p1b: Zamazenta|40/100\n|faint|p1a: Chien-Pao\n|move|p2a: Mustang|Glacial Lance|p1b: Zamazenta\n|-resisted|p1b: Zamazenta\n|-damage|p1b: Zamazenta|26/100\n|\n|-weather|RainDance|[upkeep]\n|upkeep\n|\n|t:|1775833115\n|switch|p1a: Miraidon|Miraidon, L50|100/100\n|-fieldstart|move: Electric Terrain|[from] ability: Hadron Engine|[of] p1a: Miraidon\n|turn|3\n|\n|t:|1775833133\n|switch|p2b: Roque|Landorus, L50, M|100/100\n|move|p2a: Mustang|Protect|p2a: Mustang\n|-singleturn|p2a: Mustang|Protect\n|move|p1b: Zamazenta|Wide Guard|p1b: Zamazenta\n|-singleturn|p1b: Zamazenta|Wide Guard\n|move|p1a: Miraidon|Volt Switch|p2b: Roque\n|-immune|p2b: Roque\n|\n|-weather|RainDance|[upkeep]\n|upkeep\n|turn|4\n|\n|t:|1775833152\n|switch|p2a: Darrow|Rillaboom, L50, F|100/100\n|-fieldstart|move: Grassy Terrain|[from] ability: Grassy Surge|[of] p2a: Darrow\n|move|p1a: Miraidon|Volt Switch|p2a: Darrow\n|-resisted|p2a: Darrow\n|-crit|p2a: Darrow\n|-damage|p2a: Darrow|81/100\n|\n|t:|1775833159\n|switch|p1a: Amoonguss|Amoonguss, L50, M|100/100|[from] Volt Switch\n|move|p2b: Roque|Earth Power|p1a: Amoonguss\n|-damage|p1a: Amoonguss|42/100\n|move|p1b: Zamazenta|Body Press|p2a: Darrow\n|-damage|p2a: Darrow|20/100\n|\n|-weather|RainDance|[upkeep]\n|-heal|p1b: Zamazenta|32/100|[from] Grassy Terrain\n|-heal|p2a: Darrow|26/100|[from] Grassy Terrain\n|-heal|p1a: Amoonguss|48/100|[from] Grassy Terrain\n|upkeep\n|turn|5\n|\n|t:|1775833176\n|move|p1b: Zamazenta|Protect|p1b: Zamazenta\n|-singleturn|p1b: Zamazenta|Protect\n|move|p1a: Amoonguss|Protect|p1a: Amoonguss\n|-singleturn|p1a: Amoonguss|Protect\n|move|p2a: Darrow|Fake Out|p1a: Amoonguss\n|-activate|p1a: Amoonguss|move: Protect\n|move|p2b: Roque|Sandsear Storm|p1a: Amoonguss|[spread] \n|-activate|p1a: Amoonguss|move: Protect\n|-activate|p1b: Zamazenta|move: Protect\n|\n|-weather|none\n|-heal|p1b: Zamazenta|38/100|[from] Grassy Terrain\n|-heal|p2a: Darrow|31/100|[from] Grassy Terrain\n|-heal|p1a: Amoonguss|53/100|[from] Grassy Terrain\n|upkeep\n|turn|6\n|\n|t:|1775833191\n|move|p1b: Zamazenta|Wide Guard|p1b: Zamazenta\n|-singleturn|p1b: Zamazenta|Wide Guard\n|move|p2b: Roque|Earth Power|p1b: Zamazenta\n|-supereffective|p1b: Zamazenta\n|-damage|p1b: Zamazenta|0 fnt\n|faint|p1b: Zamazenta\n|move|p2a: Darrow|U-turn|p1a: Amoonguss\n|-damage|p1a: Amoonguss|34/100\n|-damage|p2a: Darrow|15/100|[from] item: Rocky Helmet|[of] p1a: Amoonguss\n|\n|t:|1775833201\n|switch|p2a: Mustang|Calyrex-Ice, L50|100/100|[from] U-turn\n|-ability|p2a: Mustang|As One\n|-ability|p2a: Mustang|Unnerve\n|move|p1a: Amoonguss|Spore|p2b: Roque\n|-status|p2b: Roque|slp|[from] move: Spore\n|\n|-heal|p1a: Amoonguss|40/100|[from] Grassy Terrain\n|upkeep\n|\n|t:|1775833212\n|switch|p1b: Miraidon|Miraidon, L50|100/100\n|-fieldstart|move: Electric Terrain|[from] ability: Hadron Engine|[of] p1b: Miraidon\n|turn|7\n|\n|t:|1775833221\n|switch|p2b: Darrow|Rillaboom, L50, F|15/100\n|-fieldstart|move: Grassy Terrain|[from] ability: Grassy Surge|[of] p2b: Darrow\n|-terastallize|p1b: Miraidon|Electric\n|move|p1a: Amoonguss|Protect|p1a: Amoonguss\n|-singleturn|p1a: Amoonguss|Protect\n|move|p1b: Miraidon|Electro Drift|p2a: Mustang\n|-damage|p2a: Mustang|58/100\n|move|p2a: Mustang|Glacial Lance|p1a: Amoonguss|[spread] p1b\n|-activate|p1a: Amoonguss|move: Protect\n|-damage|p1b: Miraidon|49/100\n|\n|-heal|p1b: Miraidon|55/100|[from] Grassy Terrain\n|-heal|p2b: Darrow|21/100|[from] Grassy Terrain\n|-heal|p2a: Mustang|64/100|[from] Grassy Terrain\n|-heal|p2a: Mustang|70/100|[from] item: Leftovers\n|-heal|p1a: Amoonguss|46/100|[from] Grassy Terrain\n|upkeep\n|turn|8\n|\n|t:|1775833244\n|move|p1a: Amoonguss|Protect|p1a: Amoonguss\n|-singleturn|p1a: Amoonguss|Protect\n|move|p2b: Darrow|Fake Out|p1b: Miraidon\n|-damage|p1b: Miraidon|43/100\n|cant|p1b: Miraidon|flinch\n|move|p2a: Mustang|Glacial Lance|p1b: Miraidon|[spread] p1b\n|-activate|p1a: Amoonguss|move: Protect\n|-damage|p1b: Miraidon|0 fnt\n|faint|p1b: Miraidon\n|-ability|p2a: Mustang|Chilling Neigh|boost\n|-boost|p2a: Mustang|atk|1\n|\n|-heal|p2b: Darrow|27/100|[from] Grassy Terrain\n|-heal|p2a: Mustang|75/100|[from] Grassy Terrain\n|-heal|p2a: Mustang|81/100|[from] item: Leftovers\n|-heal|p1a: Amoonguss|52/100|[from] Grassy Terrain\n|upkeep\n|turn|9\n|-message|chrisjhall11 forfeited.\n|\n|win|Voth\n|raw|chrisjhall11's rating: 1548 &rarr; <strong>1532</strong><br />(-16 for losing)\n|raw|Voth's rating: 1615 &rarr; <strong>1631</strong><br />(+16 for winning)\n|l|\u2606chrisjhall11\n|player|p1|\n|l|\u2606Voth\n|player|p2|\n","uploadtime":1775833386,"views":16,"formatid":"gen9vgc2026regi","rating":1532,"private":0,"password":null}