{"id":"gen9vgc2026regi-2540596876","format":"[Gen 9] VGC 2026 Reg I","players":["blackred123","sleeping777"],"log":"|j|\u2606blackred123\n|j|\u2606sleeping777\n|t:|1771224248\n|gametype|doubles\n|player|p1|blackred123|iono-masters|1339\n|player|p2|sleeping777|1|1114\n|gen|9\n|tier|[Gen 9] VGC 2026 Reg I\n|rated|\n|rule|Species Clause: Limit one of each Pok\u00e9mon\n|rule|Item Clause: Limit 1 of each item\n|clearpoke\n|poke|p1|Lunala, L50|\n|poke|p1|Ursaluna, L50, F|\n|poke|p1|Urshifu-*, L50, M|\n|poke|p1|Miraidon, L50|\n|poke|p1|Grimmsnarl, L50, M|\n|poke|p1|Incineroar, L50, F|\n|poke|p2|Terapagos, L50, M|\n|poke|p2|Miraidon, L50|\n|poke|p2|Clefairy, L50, F|\n|poke|p2|Indeedee-F, L50, F|\n|poke|p2|Farigiraf, L50, F|\n|poke|p2|Cresselia, L50, F|\n|teampreview|4\n|inactive|Battle timer is ON: inactive players will automatically lose when time's up. (requested by blackred123)\n|inactive|sleeping777 has 60 seconds left.\n|\n|t:|1771224290\n|teamsize|p1|4\n|teamsize|p2|4\n|start\n|switch|p1a: Miraidon|Miraidon, L50|100/100\n|switch|p1b: Incineroar|Incineroar, L50, F|100/100\n|switch|p2a: Terapagos|Terapagos, L50, M|100/100\n|switch|p2b: Indeedee|Indeedee-F, L50, F|100/100\n|-activate|p2a: Terapagos|ability: Tera Shift\n|detailschange|p2a: Terapagos|Terapagos-Terastal, L50, M\n|-heal|p2a: Terapagos|100/100|[silent]\n|-fieldstart|move: Electric Terrain|[from] ability: Hadron Engine|[of] p1a: Miraidon\n|-enditem|p2a: Terapagos|Electric Seed\n|-boost|p2a: Terapagos|def|1|[from] item: Electric Seed\n|-fieldstart|move: Psychic Terrain|[from] ability: Psychic Surge|[of] p2b: Indeedee\n|-ability|p1b: Incineroar|Intimidate|boost\n|-unboost|p2a: Terapagos|atk|1\n|-unboost|p2b: Indeedee|atk|1\n|turn|1\n|inactive|blackred123 has 30 seconds left.\n|inactive|sleeping777 has 30 seconds left.\n|\n|t:|1771224324\n|move|p2b: Indeedee|Follow Me|p2b: Indeedee\n|-singleturn|p2b: Indeedee|move: Follow Me\n|move|p1a: Miraidon|Volt Switch|p2b: Indeedee\n|-damage|p2b: Indeedee|61/100\n|\n|t:|1771224330\n|switch|p1a: Lunala|Lunala, L50|100/100|[from] Volt Switch\n|move|p2a: Terapagos|Calm Mind|p2a: Terapagos\n|-boost|p2a: Terapagos|spa|1\n|-boost|p2a: Terapagos|spd|1\n|move|p1b: Incineroar|Parting Shot|p2b: Indeedee\n|-unboost|p2b: Indeedee|atk|1\n|-unboost|p2b: Indeedee|spa|1\n|\n|t:|1771224336\n|switch|p1b: Miraidon|Miraidon, L50|100/100|[from] Parting Shot\n|-fieldstart|move: Electric Terrain|[from] ability: Hadron Engine|[of] p1b: Miraidon\n|-enditem|p1a: Lunala|Electric Seed\n|-boost|p1a: Lunala|def|1|[from] item: Electric Seed\n|\n|upkeep\n|turn|2\n|\n|t:|1771224350\n|-terastallize|p2a: Terapagos|Stellar\n|detailschange|p2a: Terapagos|Terapagos-Stellar, L50, M, tera:Stellar\n|-heal|p2a: Terapagos|100/100|[silent]\n|-ability|p2a: Terapagos|Teraform Zero\n|-fieldend|move: Electric Terrain\n|move|p1b: Miraidon|Snarl|p2a: Terapagos|[spread] p2a,p2b\n|-supereffective|p2b: Indeedee\n|-damage|p2a: Terapagos|94/100\n|-damage|p2b: Indeedee|27/100\n|-unboost|p2a: Terapagos|spa|1\n|-unboost|p2b: Indeedee|spa|1\n|-enditem|p2b: Indeedee|Sitrus Berry|[eat]\n|-heal|p2b: Indeedee|52/100|[from] item: Sitrus Berry\n|move|p1a: Lunala|Moonblast|p2b: Indeedee\n|-crit|p2b: Indeedee\n|-damage|p2b: Indeedee|1/100\n|-unboost|p2b: Indeedee|spa|1\n|move|p2a: Terapagos|Meteor Beam||[still]\n|-prepare|p2a: Terapagos|Meteor Beam\n|-boost|p2a: Terapagos|spa|1\n|move|p2b: Indeedee|Healing Wish|p2b: Indeedee\n|faint|p2b: Indeedee\n|\n|upkeep\n|\n|t:|1771224368\n|switch|p2b: Cresselia|Cresselia, L50, F|100/100\n|turn|3\n|inactive|blackred123 has 30 seconds left.\n|inactive|sleeping777 has 30 seconds left.\n|\n|t:|1771224395\n|-terastallize|p1b: Miraidon|Electric\n|move|p1b: Miraidon|Electro Drift|p2a: Terapagos\n|-damage|p2a: Terapagos|57/100\n|move|p1a: Lunala|Moonblast|p2a: Terapagos\n|-crit|p2a: Terapagos\n|-damage|p2a: Terapagos|22/100\n|move|p2a: Terapagos|Meteor Beam|p1b: Miraidon|[from] lockedmove\n|-damage|p1b: Miraidon|55/100\n|move|p2b: Cresselia|Thunder Wave|p1a: Lunala\n|-status|p1a: Lunala|par\n|\n|upkeep\n|turn|4\n|\n|t:|1771224416\n|move|p2b: Cresselia|Ally Switch|p2b: Cresselia\n|swap|p2b: Cresselia|0|[from] move: Ally Switch\n|-heal|p2b: Terapagos|100/100|[from] move: Healing Wish\n|move|p1b: Miraidon|Electro Drift|p2a: Cresselia\n|-damage|p2a: Cresselia|59/100\n|move|p2b: Terapagos|Tera Starstorm|p1b: Miraidon|[spread] p1a,p1b\n|-supereffective|p1b: Miraidon\n|-damage|p1a: Lunala|77/100 par\n|-damage|p1b: Miraidon|0 fnt\n|faint|p1b: Miraidon\n|cant|p1a: Lunala|par\n|\n|upkeep\n|\n|t:|1771224423\n|switch|p1b: Incineroar|Incineroar, L50, F|100/100\n|-ability|p1b: Incineroar|Intimidate|boost\n|-unboost|p2a: Cresselia|atk|1\n|-unboost|p2b: Terapagos|atk|1\n|turn|5\n|\n|t:|1771224443\n|move|p2b: Terapagos|Meteor Beam||[still]\n|-prepare|p2b: Terapagos|Meteor Beam\n|-boost|p2b: Terapagos|spa|1\n|move|p2a: Cresselia|Lunar Blessing|p2a: Cresselia|[spread] p2a,p2b\n|-heal|p2a: Cresselia|84/100\n|move|p1b: Incineroar|Parting Shot|p2b: Terapagos\n|-unboost|p2b: Terapagos|atk|1\n|-unboost|p2b: Terapagos|spa|1\n|\n|t:|1771224455\n|switch|p1b: Ursaluna|Ursaluna, L50, F|100/100|[from] Parting Shot\n|move|p1a: Lunala|Moongeist Beam|p2a: Cresselia\n|-supereffective|p2a: Cresselia\n|-damage|p2a: Cresselia|23/100\n|\n|-status|p1b: Ursaluna|brn|[from] item: Flame Orb\n|upkeep\n|turn|6\n|inactive|sleeping777 has 30 seconds left.\n|\n|t:|1771224485\n|switch|p1b: Incineroar|Incineroar, L50, F|100/100\n|-ability|p1b: Incineroar|Intimidate|boost\n|-unboost|p2a: Cresselia|atk|1\n|-unboost|p2b: Terapagos|atk|1\n|move|p2a: Cresselia|Ally Switch|p2a: Cresselia\n|swap|p2a: Cresselia|1|[from] move: Ally Switch\n|move|p2a: Terapagos|Meteor Beam|p1b: Incineroar|[from] lockedmove\n|-supereffective|p1b: Incineroar\n|-damage|p1b: Incineroar|0 fnt\n|faint|p1b: Incineroar\n|move|p1a: Lunala|Trick Room|p1a: Lunala\n|-fieldstart|move: Trick Room|[of] p1a: Lunala\n|\n|upkeep\n|\n|t:|1771224493\n|switch|p1b: Ursaluna|Ursaluna, L50, F|100/100 brn\n|turn|7\n|inactive|sleeping777 has 30 seconds left.\n|inactive|sleeping777 has 20 seconds left.\n|\n|t:|1771224532\n|move|p2a: Terapagos|Protect|p2a: Terapagos\n|-singleturn|p2a: Terapagos|Protect\n|move|p1b: Ursaluna|Facade|p2a: Terapagos\n|-activate|p2a: Terapagos|move: Protect\n|move|p1a: Lunala|Moongeist Beam|p2b: Cresselia\n|-supereffective|p2b: Cresselia\n|-damage|p2b: Cresselia|0 fnt\n|faint|p2b: Cresselia\n|\n|-damage|p1b: Ursaluna|95/100 brn|[from] brn\n|upkeep\n|\n|t:|1771224535\n|switch|p2b: Miraidon|Miraidon, L50|100/100\n|-fieldstart|move: Electric Terrain|[from] ability: Hadron Engine|[of] p2b: Miraidon\n|turn|8\n|\n|t:|1771224548\n|move|p1a: Lunala|Wide Guard|p1a: Lunala\n|-singleturn|p1a: Lunala|Wide Guard\n|move|p1b: Ursaluna|Earthquake|p2a: Terapagos|[spread] p2a,p2b\n|-activate|p1a: Lunala|move: Wide Guard\n|-supereffective|p2b: Miraidon\n|-damage|p2a: Terapagos|73/100\n|-damage|p2b: Miraidon|0 fnt\n|faint|p2b: Miraidon\n|move|p2a: Terapagos|Tera Starstorm|p1a: Lunala|[spread] \n|-activate|p1a: Lunala|move: Wide Guard\n|-activate|p1b: Ursaluna|move: Wide Guard\n|\n|-damage|p1b: Ursaluna|89/100 brn|[from] brn\n|upkeep\n|turn|9\n|j| Yancy0721\u56fe\u56fe\u72ac\u4fa0\n|-message|sleeping777 forfeited.\n|\n|win|blackred123\n|raw|blackred123's rating: 1339 &rarr; <strong>1348</strong><br />(+9 for winning)\n|raw|sleeping777's rating: 1114 &rarr; <strong>1103</strong><br />(-11 for losing)\n|l|\u2606sleeping777\n|player|p2|\n|l| Yancy0721\u56fe\u56fe\u72ac\u4fa0\n","uploadtime":1771224593,"views":30,"formatid":"gen9vgc2026regi","rating":1103,"private":0,"password":null}