{"id":"gen9vgc2026regi-2535625754","format":"[Gen 9] VGC 2026 Reg I","players":["trackenjoyer","Cello L."],"log":"|j|\u2606trackenjoyer\n|j|\u2606Cello L.\n|t:|1770588341\n|gametype|doubles\n|player|p1|trackenjoyer|falkner|1269\n|player|p2|Cello L.|psychic-gen4|1390\n|gen|9\n|tier|[Gen 9] VGC 2026 Reg I\n|rated|\n|rule|Species Clause: Limit one of each Pok\u00e9mon\n|rule|Item Clause: Limit 1 of each item\n|clearpoke\n|poke|p1|Groudon, L50|\n|poke|p1|Scovillain, L50, F|\n|poke|p1|Flutter Mane, L50|\n|poke|p1|Walking Wake, L50|\n|poke|p1|Solgaleo, L50|\n|poke|p1|Raging Bolt, L50|\n|poke|p2|Kyogre, L50|\n|poke|p2|Calyrex-Ice, L50|\n|poke|p2|Flutter Mane, L50|\n|poke|p2|Basculegion, L50, M|\n|poke|p2|Amoonguss, L50, F|\n|poke|p2|Grimmsnarl, L50, M|\n|teampreview|4\n|inactive|Battle timer is ON: inactive players will automatically lose when time's up. (requested by trackenjoyer)\n|inactive|trackenjoyer has 60 seconds left.\n|inactive|Cello L. has 60 seconds left.\n|\n|t:|1770588379\n|teamsize|p1|4\n|teamsize|p2|4\n|start\n|switch|p1a: Raging Bolt|Raging Bolt, L50|100/100\n|switch|p1b: Scovillain|Scovillain, L50, F|100/100\n|switch|p2a: Calyrex|Calyrex-Ice, L50|100/100\n|switch|p2b: Flutter Mane|Flutter Mane, L50|100/100\n|-ability|p2a: Calyrex|As One\n|-ability|p2a: Calyrex|Unnerve\n|-enditem|p1a: Raging Bolt|Booster Energy\n|-activate|p1a: Raging Bolt|ability: Protosynthesis|[fromitem]\n|-start|p1a: Raging Bolt|protosynthesisspa\n|turn|1\n|\n|t:|1770588394\n|-end|p1a: Raging Bolt|Protosynthesis|[silent]\n|switch|p1a: Groudon|Groudon, L50|100/100\n|-weather|SunnyDay|[from] ability: Drought|[of] p1a: Groudon\n|-activate|p2b: Flutter Mane|ability: Protosynthesis\n|-start|p2b: Flutter Mane|protosynthesisspe\n|-terastallize|p2a: Calyrex|Fairy\n|move|p2b: Flutter Mane|Taunt|p1b: Scovillain\n|-start|p1b: Scovillain|move: Taunt\n|move|p1b: Scovillain|Overheat|p2a: Calyrex\n|-damage|p2a: Calyrex|42/100\n|-unboost|p1b: Scovillain|spa|2\n|move|p2a: Calyrex|Glacial Lance|p1b: Scovillain|[spread] p1a,p1b\n|-supereffective|p1a: Groudon\n|-damage|p1a: Groudon|42/100\n|-damage|p1b: Scovillain|15/100\n|\n|-weather|SunnyDay|[upkeep]\n|-heal|p2a: Calyrex|48/100|[from] item: Leftovers\n|upkeep\n|turn|2\n|inactive|Cello L. has 30 seconds left.\n|inactive|trackenjoyer has 30 seconds left.\n|inactive|Cello L. has 20 seconds left.\n|inactive|Cello L. has 15 seconds left.\n|inactive|trackenjoyer has 20 seconds left.\n|\n|t:|1770588442\n|-terastallize|p1a: Groudon|Fire\n|move|p2b: Flutter Mane|Shadow Ball|p1a: Groudon\n|-damage|p1a: Groudon|0 fnt\n|faint|p1a: Groudon\n|move|p1b: Scovillain|Overheat|p2a: Calyrex\n|-damage|p2a: Calyrex|23/100\n|-unboost|p1b: Scovillain|spa|2\n|move|p2a: Calyrex|Trick Room|p2a: Calyrex\n|-fieldstart|move: Trick Room|[of] p2a: Calyrex\n|\n|-weather|SunnyDay|[upkeep]\n|-heal|p2a: Calyrex|29/100|[from] item: Leftovers\n|upkeep\n|\n|t:|1770588447\n|switch|p1a: Raging Bolt|Raging Bolt, L50|100/100\n|-activate|p1a: Raging Bolt|ability: Protosynthesis\n|-start|p1a: Raging Bolt|protosynthesisspa\n|turn|3\n|\n|t:|1770588459\n|move|p2a: Calyrex|Protect|p2a: Calyrex\n|-singleturn|p2a: Calyrex|Protect\n|move|p1a: Raging Bolt|Thunderclap|p2b: Flutter Mane\n|-damage|p2b: Flutter Mane|43/100\n|move|p1b: Scovillain|Overheat|p2a: Calyrex\n|-activate|p2a: Calyrex|move: Protect\n|move|p2b: Flutter Mane|Moonblast|p1a: Raging Bolt\n|-supereffective|p1a: Raging Bolt\n|-damage|p1a: Raging Bolt|22/100\n|\n|-weather|SunnyDay|[upkeep]\n|-heal|p2a: Calyrex|34/100|[from] item: Leftovers\n|-end|p1b: Scovillain|move: Taunt\n|upkeep\n|turn|4\n|\n|t:|1770588480\n|-end|p2b: Flutter Mane|Protosynthesis|[silent]\n|switch|p2b: Kyogre|Kyogre, L50|100/100\n|-weather|RainDance|[from] ability: Drizzle|[of] p2b: Kyogre\n|-end|p1a: Raging Bolt|Protosynthesis\n|move|p1b: Scovillain|Rage Powder|p1b: Scovillain\n|-singleturn|p1b: Scovillain|move: Rage Powder\n|move|p2a: Calyrex|Glacial Lance|p1a: Raging Bolt|[spread] p1a,p1b\n|-supereffective|p1a: Raging Bolt\n|-damage|p1a: Raging Bolt|0 fnt\n|-damage|p1b: Scovillain|0 fnt\n|faint|p1a: Raging Bolt\n|-end|p1a: Raging Bolt|Protosynthesis|[silent]\n|faint|p1b: Scovillain\n|-ability|p2a: Calyrex|Chilling Neigh|boost\n|-boost|p2a: Calyrex|atk|2\n|\n|-weather|RainDance|[upkeep]\n|-heal|p2a: Calyrex|40/100|[from] item: Leftovers\n|upkeep\n|\n|t:|1770588489\n|switch|p1b: Walking Wake|Walking Wake, L50|100/100\n|turn|5\n|\n|t:|1770588498\n|move|p2a: Calyrex|Glacial Lance|p1b: Walking Wake\n|-crit|p1b: Walking Wake\n|-damage|p1b: Walking Wake|0 fnt\n|faint|p1b: Walking Wake\n|-end|p1b: Walking Wake|Protosynthesis|[silent]\n|\n|win|Cello L.\n|raw|trackenjoyer's rating: 1269 &rarr; <strong>1252</strong><br />(-17 for losing)\n|raw|Cello L.'s rating: 1390 &rarr; <strong>1403</strong><br />(+13 for winning)\n|l|\u2606trackenjoyer\n|player|p1|\n|l|\u2606Cello L.\n|player|p2|\n","uploadtime":1770588740,"views":18,"formatid":"gen9vgc2026regi","rating":1252,"private":0,"password":null}