{"id":"gen9vgc2026regi-2560007861","format":"[Gen 9] VGC 2026 Reg I","players":["bullgod4ever","Vectorpd"],"log":"|j|\u2606bullgod4ever\n|j|\u2606Vectorpd\n|t:|1773635122\n|gametype|doubles\n|player|p1|bullgod4ever|170|1449\n|player|p2|Vectorpd|picnicker|1345\n|gen|9\n|tier|[Gen 9] VGC 2026 Reg I\n|rated|\n|rule|Species Clause: Limit one of each Pok\u00e9mon\n|rule|Item Clause: Limit 1 of each item\n|clearpoke\n|poke|p1|Calyrex-Shadow, L50|\n|poke|p1|Zamazenta-*, L50|\n|poke|p1|Chien-Pao, L50|\n|poke|p1|Dragonite, L50, M|\n|poke|p1|Amoonguss, L50, F|\n|poke|p1|Ogerpon-Cornerstone, L50, F|\n|poke|p2|Calyrex-Shadow, L50|\n|poke|p2|Zamazenta-*, L50|\n|poke|p2|Raging Bolt, L50|\n|poke|p2|Rillaboom, L50, M|\n|poke|p2|Tornadus, L50, M|\n|poke|p2|Smeargle, L50, F|\n|teampreview|4\n|inactive|Battle timer is ON: inactive players will automatically lose when time's up. (requested by Vectorpd)\n|\n|t:|1773635146\n|teamsize|p1|4\n|teamsize|p2|4\n|start\n|switch|p1a: Dragonite|Dragonite, L50, M|100/100\n|switch|p1b: Chien-Pao|Chien-Pao, L50|100/100\n|switch|p2a: Smeargle|Smeargle, L50, F|100/100\n|switch|p2b: Calyrex|Calyrex-Shadow, L50|100/100\n|-ability|p2b: Calyrex|As One\n|-ability|p2b: Calyrex|Unnerve\n|-ability|p1b: Chien-Pao|Sword of Ruin\n|turn|1\n|inactive|Vectorpd has 30 seconds left.\n|\n|t:|1773635174\n|-terastallize|p1a: Dragonite|Normal\n|move|p1a: Dragonite|Extreme Speed|p2a: Smeargle\n|-enditem|p2a: Smeargle|Focus Sash\n|-damage|p2a: Smeargle|1/100\n|move|p1b: Chien-Pao|Ice Shard|p2a: Smeargle\n|-damage|p2a: Smeargle|0 fnt\n|faint|p2a: Smeargle\n|move|p2b: Calyrex|Nasty Plot|p2b: Calyrex\n|-boost|p2b: Calyrex|spa|2\n|\n|upkeep\n|inactive|Vectorpd has 30 seconds left.\n|\n|t:|1773635201\n|switch|p2a: Zamazenta|Zamazenta-Crowned, L50|100/100\n|-ability|p2a: Zamazenta|Dauntless Shield|boost\n|-boost|p2a: Zamazenta|def|1\n|turn|2\n|inactive|bullgod4ever has 30 seconds left.\n|\n|t:|1773635233\n|switch|p1a: Zamazenta|Zamazenta-Crowned, L50|100/100\n|-ability|p1a: Zamazenta|Dauntless Shield|boost\n|-boost|p1a: Zamazenta|def|1\n|-terastallize|p2b: Calyrex|Dark\n|move|p1b: Chien-Pao|Sucker Punch|p2b: Calyrex\n|-resisted|p2b: Calyrex\n|-damage|p2b: Calyrex|80/100\n|move|p2b: Calyrex|Astral Barrage|p1a: Zamazenta|[spread] p1a,p1b\n|-resisted|p1b: Chien-Pao\n|-damage|p1a: Zamazenta|13/100\n|-damage|p1b: Chien-Pao|49/100\n|-damage|p2b: Calyrex|71/100|[from] item: Life Orb\n|move|p2a: Zamazenta|Body Press|p1b: Chien-Pao\n|-supereffective|p1b: Chien-Pao\n|-damage|p1b: Chien-Pao|0 fnt\n|faint|p1b: Chien-Pao\n|\n|upkeep\n|\n|t:|1773635252\n|switch|p1b: Dragonite|Dragonite, L50, M, tera:Normal|100/100\n|turn|3\n|\n|t:|1773635260\n|switch|p1b: Calyrex|Calyrex-Shadow, L50|100/100\n|-ability|p1b: Calyrex|As One\n|-ability|p1b: Calyrex|Unnerve\n|move|p2b: Calyrex|Protect|p2b: Calyrex\n|-singleturn|p2b: Calyrex|Protect\n|move|p1a: Zamazenta|Body Press|p2a: Zamazenta\n|-supereffective|p2a: Zamazenta\n|-damage|p2a: Zamazenta|47/100\n|move|p2a: Zamazenta|Body Press|p1b: Calyrex\n|-immune|p1b: Calyrex\n|\n|upkeep\n|turn|4\n|j| KittyPON2\n|inactive|bullgod4ever has 30 seconds left.\n|inactive|bullgod4ever has 20 seconds left.\n|inactive|bullgod4ever has 15 seconds left.\n|inactive|bullgod4ever has 10 seconds left.\n|\n|t:|1773635308\n|move|p1a: Zamazenta|Protect|p1a: Zamazenta\n|-singleturn|p1a: Zamazenta|Protect\n|move|p2a: Zamazenta|Protect|p2a: Zamazenta\n|-singleturn|p2a: Zamazenta|Protect\n|move|p2b: Calyrex|Astral Barrage|p1a: Zamazenta|[spread] p1b\n|-activate|p1a: Zamazenta|move: Protect\n|-supereffective|p1b: Calyrex\n|-enditem|p1b: Calyrex|Focus Sash\n|-damage|p1b: Calyrex|1/100\n|-damage|p2b: Calyrex|61/100|[from] item: Life Orb\n|move|p1b: Calyrex|Psychic|p2a: Zamazenta\n|-activate|p2a: Zamazenta|move: Protect\n|\n|upkeep\n|turn|5\n|inactive|bullgod4ever has 30 seconds left.\n|inactive|Vectorpd has 30 seconds left.\n|\n|t:|1773635341\n|switch|p1a: Dragonite|Dragonite, L50, M, tera:Normal|100/100\n|move|p1b: Calyrex|Protect|p1b: Calyrex\n|-singleturn|p1b: Calyrex|Protect\n|move|p2b: Calyrex|Psychic|p1b: Calyrex\n|-activate|p1b: Calyrex|move: Protect\n|move|p2a: Zamazenta|Body Press|p1a: Dragonite\n|-supereffective|p1a: Dragonite\n|-damage|p1a: Dragonite|0 fnt\n|faint|p1a: Dragonite\n|\n|upkeep\n|\n|t:|1773635354\n|switch|p1a: Zamazenta|Zamazenta-Crowned, L50|13/100\n|turn|6\n|\n|t:|1773635375\n|move|p1b: Calyrex|Protect||[still]\n|-fail|p1b: Calyrex\n|move|p2b: Calyrex|Psychic|p1b: Calyrex\n|-resisted|p1b: Calyrex\n|-damage|p1b: Calyrex|0 fnt\n|faint|p1b: Calyrex\n|-ability|p2b: Calyrex|Grim Neigh|boost\n|-boost|p2b: Calyrex|spa|1\n|-damage|p2b: Calyrex|52/100|[from] item: Life Orb\n|move|p1a: Zamazenta|Body Press|p2b: Calyrex\n|-supereffective|p2b: Calyrex\n|-damage|p2b: Calyrex|0 fnt\n|faint|p2b: Calyrex\n|move|p2a: Zamazenta|Body Press|p1a: Zamazenta\n|-supereffective|p1a: Zamazenta\n|-damage|p1a: Zamazenta|0 fnt\n|faint|p1a: Zamazenta\n|\n|win|Vectorpd\n|raw|bullgod4ever's rating: 1449 &rarr; <strong>1423</strong><br />(-26 for losing)\n|raw|Vectorpd's rating: 1345 &rarr; <strong>1371</strong><br />(+26 for winning)\n|l|\u2606Vectorpd\n|player|p2|\n|l|\u2606bullgod4ever\n|player|p1|\n|l| KittyPON2\n","uploadtime":1773635535,"views":13,"formatid":"gen9vgc2026regi","rating":1371,"private":0,"password":null}