{"id":"gen9vgc2026regi-2561284747","format":"[Gen 9] VGC 2026 Reg I","players":["dialgasucksnow","thacrow"],"log":"|j|\u2606dialgasucksnow\n|j|\u2606thacrow\n|t:|1773780420\n|gametype|doubles\n|player|p1|dialgasucksnow|yancy|\n|player|p2|thacrow|#thacrow|\n|gen|9\n|tier|[Gen 9] VGC 2026 Reg I\n|rated|Tournament battle\n|rule|Species Clause: Limit one of each Pok\u00e9mon\n|rule|Item Clause: Limit 1 of each item\n|raw|<div class=\"infobox\"><details class=\"readmore\" open><summary><strong>3 custom rules:</strong></summary> Open Team Sheets, Force Open Team Sheets, !Open Team Sheets</details></div>\n|clearpoke\n|poke|p1|Volcarona, L50, F|\n|poke|p1|Grimmsnarl, L50, M|\n|poke|p1|Calyrex-Ice, L50|\n|poke|p1|Smeargle, L50, M|\n|poke|p1|Koraidon, L50|\n|poke|p1|Rillaboom, L50, F|\n|poke|p2|Terapagos, L50, M|\n|poke|p2|Cresselia, L50, F|\n|poke|p2|Incineroar, L50, M|\n|poke|p2|Miraidon, L50|\n|poke|p2|Iron Bundle, L50|\n|poke|p2|Landorus, L50, M|\n|teampreview|4\n|showteam|p1|Volcarona||Leftovers|FlameBody|Flamethrower,QuiverDance,Protect,StruggleBug|||F|||50|,,,,,Dragon]Grimmsnarl||LightClay|Prankster|Reflect,SpiritBreak,LightScreen,ThunderWave|||M|||50|,,,,,Ghost]Calyrex-Ice||SitrusBerry|AsOneGlastrier|GlacialLance,LeechSeed,TrickRoom,Imprison||||||50|,,,,,Water]Smeargle||FocusSash|Moody|FollowMe,Spore,FakeOut,Decorate|||M|||50|,,,,,Ghost]Koraidon||ClearAmulet|OrichalcumPulse|FlameCharge,FlareBlitz,LowKick,Protect||||||50|,,,,,Fire]Rillaboom||AssaultVest|GrassySurge|WoodHammer,FakeOut,GrassyGlide,Uturn|||F|||50|,,,,,Water\n|showteam|p2|Terapagos||CovertCloak|TeraShift|TeraStarstorm,EarthPower,CalmMind,Protect|||M|||50|,,,,,Stellar]Cresselia||ElectricSeed|Levitate|StoredPower,ThunderWave,LunarBlessing,CalmMind|||F|||50|,,,,,Electric]Incineroar||RockyHelmet|Intimidate|KnockOff,WillOWisp,PartingShot,FakeOut|||M|||50|,,,,,Bug]Miraidon||ChoiceSpecs|HadronEngine|ElectroDrift,VoltSwitch,Discharge,DracoMeteor||||||50|,,,,,Electric]Iron Bundle||FocusSash|QuarkDrive|IceBeam,IcyWind,Encore,Protect||||||50|,,,,,Ghost]Landorus||LifeOrb|SheerForce|EarthPower,SludgeBomb,SandsearStorm,Protect|||M|||50|,,,,,Fairy\n|j| christianfinity\n|\n|t:|1773780463\n|teamsize|p1|4\n|teamsize|p2|4\n|start\n|switch|p1a: Koraidon|Koraidon, L50|100/100\n|switch|p1b: Rillaboom|Rillaboom, L50, F|100/100\n|switch|p2a: Cresselia|Cresselia, L50, F|100/100\n|switch|p2b: Miraidon|Miraidon, L50|100/100\n|-fieldstart|move: Electric Terrain|[from] ability: Hadron Engine|[of] p2b: Miraidon\n|-enditem|p2a: Cresselia|Electric Seed\n|-boost|p2a: Cresselia|def|1|[from] item: Electric Seed\n|-weather|SunnyDay|[from] ability: Orichalcum Pulse|[of] p1a: Koraidon\n|-activate|p1a: Koraidon|Orichalcum Pulse|[source]\n|-fieldstart|move: Grassy Terrain|[from] ability: Grassy Surge|[of] p1b: Rillaboom\n|turn|1\n|\n|t:|1773780494\n|switch|p2b: Incineroar|Incineroar, L50, M|100/100\n|-ability|p2b: Incineroar|Intimidate|boost\n|-fail|p1a: Koraidon|unboost|[from] item: Clear Amulet|[of] p1a: Koraidon\n|-unboost|p1b: Rillaboom|atk|1\n|move|p1b: Rillaboom|Fake Out|p2b: Incineroar\n|-damage|p2b: Incineroar|95/100\n|-damage|p1b: Rillaboom|84/100|[from] item: Rocky Helmet|[of] p2b: Incineroar\n|move|p1a: Koraidon|Low Kick|p2b: Incineroar\n|-supereffective|p2b: Incineroar\n|-damage|p2b: Incineroar|20/100\n|-damage|p1a: Koraidon|84/100|[from] item: Rocky Helmet|[of] p2b: Incineroar\n|move|p2a: Cresselia|Thunder Wave|p1a: Koraidon\n|-status|p1a: Koraidon|par\n|\n|-weather|SunnyDay|[upkeep]\n|-heal|p1b: Rillaboom|90/100|[from] Grassy Terrain\n|-heal|p1a: Koraidon|90/100 par|[from] Grassy Terrain\n|-heal|p2b: Incineroar|26/100|[from] Grassy Terrain\n|upkeep\n|turn|2\n|j| xmarsh\n|\n|t:|1773780515\n|move|p2b: Incineroar|Fake Out|p1a: Koraidon\n|-damage|p1a: Koraidon|82/100 par\n|move|p1b: Rillaboom|U-turn|p2a: Cresselia\n|-supereffective|p2a: Cresselia\n|-damage|p2a: Cresselia|87/100\n|\n|t:|1773780521\n|switch|p1b: Grimmsnarl|Grimmsnarl, L50, M|100/100|[from] U-turn\n|move|p2a: Cresselia|Calm Mind|p2a: Cresselia\n|-boost|p2a: Cresselia|spa|1\n|-boost|p2a: Cresselia|spd|1\n|cant|p1a: Koraidon|flinch\n|\n|-weather|SunnyDay|[upkeep]\n|-heal|p1a: Koraidon|88/100 par|[from] Grassy Terrain\n|-heal|p2b: Incineroar|32/100|[from] Grassy Terrain\n|upkeep\n|turn|3\n|\n|t:|1773780543\n|move|p1b: Grimmsnarl|Thunder Wave|p2a: Cresselia\n|-status|p2a: Cresselia|par\n|cant|p1a: Koraidon|par\n|move|p2b: Incineroar|Will-O-Wisp|p1b: Grimmsnarl\n|-status|p1b: Grimmsnarl|brn\n|move|p2a: Cresselia|Calm Mind|p2a: Cresselia\n|-boost|p2a: Cresselia|spa|1\n|-boost|p2a: Cresselia|spd|1\n|\n|-weather|SunnyDay|[upkeep]\n|-heal|p1a: Koraidon|94/100 par|[from] Grassy Terrain\n|-heal|p2b: Incineroar|38/100|[from] Grassy Terrain\n|-damage|p1b: Grimmsnarl|94/100 brn|[from] brn\n|upkeep\n|turn|4\n|\n|t:|1773780564\n|move|p1b: Grimmsnarl|Light Screen|p1b: Grimmsnarl\n|-sidestart|p1: dialgasucksnow|move: Light Screen\n|move|p1a: Koraidon|Low Kick|p2b: Incineroar\n|-supereffective|p2b: Incineroar\n|-damage|p2b: Incineroar|0 fnt\n|-damage|p1a: Koraidon|78/100 par|[from] item: Rocky Helmet|[of] p2b: Incineroar\n|faint|p2b: Incineroar\n|move|p2a: Cresselia|Lunar Blessing|p2a: Cresselia\n|-heal|p2a: Cresselia|100/100 par\n|-curestatus|p2a: Cresselia|par|[msg]\n|\n|-weather|SunnyDay|[upkeep]\n|-heal|p1a: Koraidon|84/100 par|[from] Grassy Terrain\n|-heal|p1b: Grimmsnarl|100/100 brn|[from] Grassy Terrain\n|-damage|p1b: Grimmsnarl|94/100 brn|[from] brn\n|upkeep\n|\n|t:|1773780576\n|switch|p2b: Miraidon|Miraidon, L50|100/100\n|-fieldstart|move: Electric Terrain|[from] ability: Hadron Engine|[of] p2b: Miraidon\n|turn|5\n|\n|t:|1773780585\n|switch|p1a: Rillaboom|Rillaboom, L50, F|90/100\n|-fieldstart|move: Grassy Terrain|[from] ability: Grassy Surge|[of] p1a: Rillaboom\n|-terastallize|p2b: Miraidon|Electric\n|move|p2b: Miraidon|Electro Drift|p1b: Grimmsnarl\n|-damage|p1b: Grimmsnarl|34/100 brn\n|move|p2a: Cresselia|Stored Power|p1a: Rillaboom\n|-damage|p1a: Rillaboom|53/100\n|move|p1b: Grimmsnarl|Spirit Break|p2b: Miraidon\n|-damage|p2b: Miraidon|83/100\n|-unboost|p2b: Miraidon|spa|1\n|\n|-weather|none\n|-heal|p2b: Miraidon|90/100|[from] Grassy Terrain\n|-heal|p1a: Rillaboom|59/100|[from] Grassy Terrain\n|-heal|p1b: Grimmsnarl|40/100 brn|[from] Grassy Terrain\n|-damage|p1b: Grimmsnarl|34/100 brn|[from] brn\n|upkeep\n|turn|6\n|\n|t:|1773780615\n|move|p1a: Rillaboom|Fake Out|p2b: Miraidon\n|-damage|p2b: Miraidon|77/100\n|cant|p2b: Miraidon|flinch\n|move|p2a: Cresselia|Calm Mind|p2a: Cresselia\n|-boost|p2a: Cresselia|spa|1\n|-boost|p2a: Cresselia|spd|1\n|move|p1b: Grimmsnarl|Spirit Break|p2b: Miraidon\n|-damage|p2b: Miraidon|62/100\n|-unboost|p2b: Miraidon|spa|1\n|\n|-heal|p2b: Miraidon|68/100|[from] Grassy Terrain\n|-heal|p1a: Rillaboom|65/100|[from] Grassy Terrain\n|-heal|p1b: Grimmsnarl|40/100 brn|[from] Grassy Terrain\n|-damage|p1b: Grimmsnarl|34/100 brn|[from] brn\n|upkeep\n|turn|7\n|\n|t:|1773780632\n|switch|p2b: Terapagos|Terapagos, L50, M|100/100\n|-activate|p2b: Terapagos|ability: Tera Shift\n|detailschange|p2b: Terapagos|Terapagos-Terastal, L50, M\n|-heal|p2b: Terapagos|100/100|[silent]\n|move|p1b: Grimmsnarl|Thunder Wave|p2a: Cresselia\n|-status|p2a: Cresselia|par\n|move|p1a: Rillaboom|Wood Hammer|p2b: Terapagos\n|-activate|p2b: Terapagos|ability: Tera Shell\n|-resisted|p2b: Terapagos\n|-damage|p2b: Terapagos|77/100\n|-damage|p1a: Rillaboom|57/100|[from] Recoil\n|cant|p2a: Cresselia|par\n|\n|-heal|p1a: Rillaboom|64/100|[from] Grassy Terrain\n|-heal|p2b: Terapagos|83/100|[from] Grassy Terrain\n|-heal|p1b: Grimmsnarl|40/100 brn|[from] Grassy Terrain\n|-damage|p1b: Grimmsnarl|34/100 brn|[from] brn\n|upkeep\n|turn|8\n|\n|t:|1773780645\n|move|p1a: Rillaboom|U-turn|p2b: Terapagos\n|-damage|p2b: Terapagos|70/100\n|\n|t:|1773780654\n|switch|p1a: Koraidon|Koraidon, L50|84/100 par|[from] U-turn\n|-weather|SunnyDay|[from] ability: Orichalcum Pulse|[of] p1a: Koraidon\n|-activate|p1a: Koraidon|Orichalcum Pulse|[source]\n|move|p2b: Terapagos|Tera Starstorm|p1b: Grimmsnarl\n|-damage|p1b: Grimmsnarl|6/100 brn\n|move|p1b: Grimmsnarl|Spirit Break|p2b: Terapagos\n|-damage|p2b: Terapagos|60/100\n|move|p2a: Cresselia|Lunar Blessing|p2a: Cresselia|[spread] p2a,p2b\n|-curestatus|p2a: Cresselia|par|[msg]\n|-heal|p2b: Terapagos|85/100\n|\n|-weather|SunnyDay|[upkeep]\n|-heal|p2b: Terapagos|91/100|[from] Grassy Terrain\n|-heal|p1a: Koraidon|90/100 par|[from] Grassy Terrain\n|-heal|p1b: Grimmsnarl|12/100 brn|[from] Grassy Terrain\n|-damage|p1b: Grimmsnarl|6/100 brn|[from] brn\n|upkeep\n|turn|9\n|\n|t:|1773780682\n|-terastallize|p1a: Koraidon|Fire\n|move|p2b: Terapagos|Protect|p2b: Terapagos\n|-singleturn|p2b: Terapagos|Protect\n|move|p1b: Grimmsnarl|Thunder Wave|p2a: Cresselia\n|-status|p2a: Cresselia|par\n|cant|p1a: Koraidon|par\n|move|p2a: Cresselia|Stored Power|p1a: Koraidon\n|-damage|p1a: Koraidon|20/100 par\n|\n|-weather|SunnyDay|[upkeep]\n|-heal|p2b: Terapagos|97/100|[from] Grassy Terrain\n|-heal|p1a: Koraidon|26/100 par|[from] Grassy Terrain\n|-heal|p1b: Grimmsnarl|12/100 brn|[from] Grassy Terrain\n|-damage|p1b: Grimmsnarl|6/100 brn|[from] brn\n|-fieldend|move: Grassy Terrain\n|upkeep\n|turn|10\n|j| Igotarock435\n|l| xmarsh\n|l| Igotarock435\n|j| Ducktile\n|\n|t:|1773780721\n|switch|p2b: Miraidon|Miraidon, L50, tera:Electric|68/100\n|-fieldstart|move: Electric Terrain|[from] ability: Hadron Engine|[of] p2b: Miraidon\n|move|p1b: Grimmsnarl|Thunder Wave|p2b: Miraidon\n|-immune|p2b: Miraidon\n|cant|p1a: Koraidon|par\n|move|p2a: Cresselia|Lunar Blessing|p2a: Cresselia|[spread] p2a,p2b\n|-curestatus|p2a: Cresselia|par|[msg]\n|-heal|p2b: Miraidon|93/100\n|\n|-weather|SunnyDay|[upkeep]\n|-damage|p1b: Grimmsnarl|0 fnt|[from] brn\n|faint|p1b: Grimmsnarl\n|upkeep\n|c|\u2606dialgasucksnow|be fr\n|\n|t:|1773780735\n|switch|p1b: Rillaboom|Rillaboom, L50, F|64/100\n|-fieldstart|move: Grassy Terrain|[from] ability: Grassy Surge|[of] p1b: Rillaboom\n|turn|11\n|\n|t:|1773780743\n|switch|p1a: Toes are cold|Calyrex-Ice, L50|100/100\n|-ability|p1a: Toes are cold|As One\n|-ability|p1a: Toes are cold|Unnerve\n|move|p1b: Rillaboom|Fake Out|p2b: Miraidon\n|-damage|p2b: Miraidon|80/100\n|cant|p2b: Miraidon|flinch\n|move|p2a: Cresselia|Stored Power|p1a: Toes are cold\n|-resisted|p1a: Toes are cold\n|-crit|p1a: Toes are cold\n|-damage|p1a: Toes are cold|47/100\n|-enditem|p1a: Toes are cold|Sitrus Berry|[eat]\n|-heal|p1a: Toes are cold|71/100|[from] item: Sitrus Berry\n|\n|-weather|SunnyDay|[upkeep]\n|-heal|p2b: Miraidon|86/100|[from] Grassy Terrain\n|-heal|p1b: Rillaboom|70/100|[from] Grassy Terrain\n|-heal|p1a: Toes are cold|77/100|[from] Grassy Terrain\n|-sideend|p1: dialgasucksnow|move: Light Screen\n|upkeep\n|turn|12\n|\n|t:|1773780759\n|move|p1b: Rillaboom|Grassy Glide|p2b: Miraidon\n|-crit|p2b: Miraidon\n|-damage|p2b: Miraidon|32/100\n|move|p2b: Miraidon|Electro Drift|p1a: Toes are cold\n|-damage|p1a: Toes are cold|13/100\n|move|p2a: Cresselia|Stored Power|p1a: Toes are cold\n|-resisted|p1a: Toes are cold\n|-damage|p1a: Toes are cold|0 fnt\n|faint|p1a: Toes are cold\n|\n|-weather|none\n|-heal|p2b: Miraidon|38/100|[from] Grassy Terrain\n|-heal|p1b: Rillaboom|76/100|[from] Grassy Terrain\n|upkeep\n|c|\u2606dialgasucksnow|why didn\u2019t my situs avtivate\n|c|\u2606thacrow|it did\n|c|\u2606dialgasucksnow|oh previous crit\n|c|\u2606dialgasucksnow|nice\n|c|\u2606dialgasucksnow|nice\n|c|\u2606dialgasucksnow|nice\n|\n|t:|1773780799\n|switch|p1a: Koraidon|Koraidon, L50, tera:Fire|26/100 par\n|-weather|SunnyDay|[from] ability: Orichalcum Pulse|[of] p1a: Koraidon\n|-activate|p1a: Koraidon|Orichalcum Pulse|[source]\n|turn|13\n|j| mynamegrassgreen\n|\n|t:|1773780810\n|move|p1a: Koraidon|Protect|p1a: Koraidon\n|-singleturn|p1a: Koraidon|Protect\n|move|p1b: Rillaboom|Grassy Glide|p2b: Miraidon\n|-damage|p2b: Miraidon|7/100\n|move|p2b: Miraidon|Electro Drift|p1a: Koraidon\n|-activate|p1a: Koraidon|move: Protect\n|move|p2a: Cresselia|Stored Power|p1b: Rillaboom\n|-damage|p1b: Rillaboom|0 fnt\n|faint|p1b: Rillaboom\n|\n|-weather|SunnyDay|[upkeep]\n|-heal|p2b: Miraidon|13/100|[from] Grassy Terrain\n|-heal|p1a: Koraidon|32/100 par|[from] Grassy Terrain\n|upkeep\n|turn|14\n|c|\u2606dialgasucksnow|yeah great game\n|-message|dialgasucksnow forfeited.\n|\n|win|thacrow\n|n|\u2606dialgasucksnow|dialgasucksnow\n|n|\u2606thacrow|thacrow\n|n| christianfinity|christianfinity\n|n| Ducktile|ducktile\n|n| mynamegrassgreen|mynamegrassgreen\n|c|\u2606thacrow|true\n","uploadtime":1773780831,"views":10,"formatid":"gen9vgc2026regi","rating":null,"private":0,"password":null}