{"id":"gen9vgc2026regi-2563077066","format":"[Gen 9] VGC 2026 Reg I","players":["Dioxide8","1VLTSQ Joker"],"log":"|raw|<div class=\"broadcast-blue\"><strong>This battle is required to be public due to a player having a name starting with '1vltsq'.</div>\n|j|\u2606Dioxide8\n|j|\u26061VLTSQ Joker\n|t:|1773981661\n|gametype|doubles\n|player|p1|Dioxide8|265|1460\n|player|p2|1VLTSQ Joker|blue|1469\n|gen|9\n|tier|[Gen 9] VGC 2026 Reg I\n|rated|\n|rule|Species Clause: Limit one of each Pok\u00e9mon\n|rule|Item Clause: Limit 1 of each item\n|clearpoke\n|poke|p1|Brute Bonnet, L50|\n|poke|p1|Lunala, L50|\n|poke|p1|Ursaluna, L50, F|\n|poke|p1|Chi-Yu, L50|\n|poke|p1|Koraidon, L50|\n|poke|p1|Flutter Mane, L50|\n|poke|p2|Calyrex-Ice, L50|\n|poke|p2|Smeargle, L50, M|\n|poke|p2|Kyogre, L50|\n|poke|p2|Maushold, L50|\n|poke|p2|Volcarona, L50, F|\n|poke|p2|Chesnaught, L50, F|\n|teampreview|4\n|inactive|Battle timer is ON: inactive players will automatically lose when time's up. (requested by Dioxide8)\n|j| 1vltsq op\n|l| 1vltsq op\n|inactive|Dioxide8 has 60 seconds left.\n|\n|t:|1773981701\n|teamsize|p1|4\n|teamsize|p2|4\n|start\n|switch|p1a: Brute Bonnet|Brute Bonnet, L50|100/100\n|switch|p1b: Lunala|Lunala, L50|100/100\n|switch|p2a: Calyrex|Calyrex-Ice, L50|100/100\n|switch|p2b: Smeargle|Smeargle, L50, M|100/100\n|-ability|p2a: Calyrex|As One\n|-ability|p2a: Calyrex|Unnerve\n|turn|1\n|inactive|Dioxide8 has 30 seconds left.\n|inactive|1VLTSQ Joker has 30 seconds left.\n|inactive|1VLTSQ Joker has 20 seconds left.\n|inactive|1VLTSQ Joker has 15 seconds left.\n|inactive|1VLTSQ Joker has 10 seconds left.\n|\n|t:|1773981748\n|-terastallize|p2a: Calyrex|Grass\n|move|p1a: Brute Bonnet|Rage Powder|p1a: Brute Bonnet\n|-singleturn|p1a: Brute Bonnet|move: Rage Powder\n|move|p2b: Smeargle|Spore|p1a: Brute Bonnet\n|-immune|p1a: Brute Bonnet\n|move|p1b: Lunala|Meteor Beam||[still]\n|-prepare|p1b: Lunala|Meteor Beam\n|-boost|p1b: Lunala|spa|1\n|-enditem|p1b: Lunala|Power Herb\n|-anim|p1b: Lunala|Meteor Beam|p2a: Calyrex\n|-damage|p2a: Calyrex|67/100\n|move|p2a: Calyrex|Glacial Lance|p1b: Lunala|[spread] p1a,p1b\n|-supereffective|p1a: Brute Bonnet\n|-damage|p1a: Brute Bonnet|27/100\n|-damage|p1b: Lunala|76/100\n|\n|-ability|p2b: Smeargle|Moody|boost\n|-boost|p2b: Smeargle|atk|2\n|-unboost|p2b: Smeargle|spe|1\n|upkeep\n|turn|2\n|\n|t:|1773981772\n|switch|p2b: Maushold|Maushold, L50|100/100\n|move|p1b: Lunala|Wide Guard|p1b: Lunala\n|-singleturn|p1b: Lunala|Wide Guard\n|move|p2a: Calyrex|Glacial Lance|p1a: Brute Bonnet|[spread] \n|-activate|p1a: Brute Bonnet|move: Wide Guard\n|-activate|p1b: Lunala|move: Wide Guard\n|move|p1a: Brute Bonnet|Spore|p2b: Maushold\n|-status|p2b: Maushold|slp|[from] move: Spore\n|\n|upkeep\n|turn|3\n|j| 1vLTsq Alucard\n|inactive|Dioxide8 has 30 seconds left.\n|\n|t:|1773981803\n|move|p1b: Lunala|Wide Guard|p1b: Lunala\n|-singleturn|p1b: Lunala|Wide Guard\n|cant|p2b: Maushold|slp\n|move|p2a: Calyrex|Crunch|p1b: Lunala\n|-supereffective|p1b: Lunala\n|-damage|p1b: Lunala|0 fnt\n|faint|p1b: Lunala\n|-ability|p2a: Calyrex|Chilling Neigh|boost\n|-boost|p2a: Calyrex|atk|1\n|move|p1a: Brute Bonnet|Seed Bomb|p2b: Maushold\n|-damage|p2b: Maushold|50/100 slp\n|\n|upkeep\n|\n|t:|1773981817\n|switch|p1b: Koraidon|Koraidon, L50|100/100\n|-weather|SunnyDay|[from] ability: Orichalcum Pulse|[of] p1b: Koraidon\n|-activate|p1a: Brute Bonnet|ability: Protosynthesis\n|-start|p1a: Brute Bonnet|protosynthesisdef\n|-activate|p1b: Koraidon|Orichalcum Pulse|[source]\n|turn|4\n|inactive|Dioxide8 has 30 seconds left.\n|inactive|1VLTSQ Joker has 30 seconds left.\n|inactive|Dioxide8 has 20 seconds left.\n|inactive|1VLTSQ Joker has 20 seconds left.\n|inactive|Dioxide8 has 15 seconds left.\n|\n|t:|1773981861\n|switch|p2b: Kyogre|Kyogre, L50|100/100\n|-weather|RainDance|[from] ability: Drizzle|[of] p2b: Kyogre\n|-end|p1a: Brute Bonnet|Protosynthesis\n|-terastallize|p1b: Koraidon|Fire\n|move|p1b: Koraidon|Flare Blitz|p2a: Calyrex\n|-supereffective|p2a: Calyrex\n|-damage|p2a: Calyrex|10/100\n|-status|p2a: Calyrex|brn\n|-damage|p1b: Koraidon|78/100|[from] Recoil\n|-damage|p1b: Koraidon|69/100|[from] item: Life Orb\n|move|p2a: Calyrex|Glacial Lance|p1b: Koraidon|[spread] p1a,p1b\n|-supereffective|p1a: Brute Bonnet\n|-resisted|p1b: Koraidon\n|-damage|p1a: Brute Bonnet|0 fnt\n|-damage|p1b: Koraidon|50/100\n|faint|p1a: Brute Bonnet\n|-end|p1a: Brute Bonnet|Protosynthesis|[silent]\n|-ability|p2a: Calyrex|Chilling Neigh|boost\n|-boost|p2a: Calyrex|atk|1\n|\n|-weather|RainDance|[upkeep]\n|-damage|p2a: Calyrex|4/100 brn|[from] brn\n|upkeep\n|l| 1vLTsq Alucard\n|\n|t:|1773981880\n|switch|p1a: Ursaluna|Ursaluna, L50, F|100/100\n|turn|5\n|c|\u26061VLTSQ Joker|gg\n|c|\u26061VLTSQ Joker|:)\n|inactive|Dioxide8 has 30 seconds left.\n|c|\u2606Dioxide8|Gg thought it would kill with terra\n|c|\u26061VLTSQ Joker|was close\n|inactive|Dioxide8 has 20 seconds left.\n|\n|t:|1773981916\n|move|p2b: Kyogre|Water Spout|p1b: Koraidon|[spread] p1a,p1b\n|-supereffective|p1a: Ursaluna\n|-supereffective|p1b: Koraidon\n|-damage|p1a: Ursaluna|0 fnt\n|-damage|p1b: Koraidon|0 fnt\n|faint|p1a: Ursaluna\n|faint|p1b: Koraidon\n|\n|win|1VLTSQ Joker\n|raw|Dioxide8's rating: 1460 &rarr; <strong>1441</strong><br />(-19 for losing)\n|raw|1VLTSQ Joker's rating: 1469 &rarr; <strong>1488</strong><br />(+19 for winning)\n|l|\u26061VLTSQ Joker\n|player|p2|\n|l|\u2606Dioxide8\n|player|p1|\n","uploadtime":1773982150,"views":21,"formatid":"gen9vgc2026regi","rating":1441,"private":0,"password":null}