{"id":"gen9vgc2026regi-2558708959","format":"[Gen 9] VGC 2026 Reg I","players":["13579HXM","wasaad5"],"log":"|j|\u260613579HXM\n|j|\u2606wasaad5\n|t:|1773467180\n|gametype|doubles\n|player|p1|13579HXM|dawn|1346\n|player|p2|wasaad5|blue|1279\n|gen|9\n|tier|[Gen 9] VGC 2026 Reg I\n|rated|\n|rule|Species Clause: Limit one of each Pok\u00e9mon\n|rule|Item Clause: Limit 1 of each item\n|clearpoke\n|poke|p1|Calyrex-Shadow, L50|\n|poke|p1|Incineroar, L50, F|\n|poke|p1|Rillaboom, L50, F|\n|poke|p1|Flutter Mane, L50|\n|poke|p1|Amoonguss, L50, F|\n|poke|p1|Koraidon, L50|\n|poke|p2|Kyurem-White, L50|\n|poke|p2|Zacian-*, L50|\n|poke|p2|Sableye, L50, M|\n|poke|p2|Urshifu-*, L50, F|\n|poke|p2|Amoonguss, L50, M|\n|poke|p2|Incineroar, L50, M|\n|teampreview|4\n|\n|t:|1773467202\n|teamsize|p1|4\n|teamsize|p2|4\n|start\n|switch|p1a: Koraidon|Koraidon, L50|100/100\n|switch|p1b: Flutter Mane|Flutter Mane, L50|100/100\n|switch|p2a: Sableye|Sableye, L50, M|100/100\n|switch|p2b: Urshifu|Urshifu-Rapid-Strike, L50, F|100/100\n|-weather|SunnyDay|[from] ability: Orichalcum Pulse|[of] p1a: Koraidon\n|-activate|p1b: Flutter Mane|ability: Protosynthesis\n|-start|p1b: Flutter Mane|protosynthesisspe\n|-activate|p1a: Koraidon|Orichalcum Pulse|[source]\n|turn|1\n|\n|t:|1773467221\n|move|p2a: Sableye|Rain Dance|p2a: Sableye\n|-weather|RainDance\n|-end|p1b: Flutter Mane|Protosynthesis\n|move|p2b: Urshifu|Surging Strikes|p1b: Flutter Mane\n|-crit|p1b: Flutter Mane\n|-damage|p1b: Flutter Mane|24/100\n|-crit|p1b: Flutter Mane\n|-damage|p1b: Flutter Mane|0 fnt\n|faint|p1b: Flutter Mane\n|-end|p1b: Flutter Mane|Protosynthesis|[silent]\n|-hitcount|p1: Flutter Mane|2\n|move|p1a: Koraidon|Collision Course|p2b: Urshifu\n|-damage|p2b: Urshifu|47/100\n|\n|-weather|RainDance|[upkeep]\n|upkeep\n|\n|t:|1773467236\n|switch|p1b: Calyrex|Calyrex-Shadow, L50|100/100\n|-ability|p1b: Calyrex|As One\n|-ability|p1b: Calyrex|Unnerve\n|turn|2\n|\n|t:|1773467255\n|switch|p1b: Incineroar|Incineroar, L50, F|100/100\n|-ability|p1b: Incineroar|Intimidate|boost\n|-unboost|p2a: Sableye|atk|1\n|-unboost|p2b: Urshifu|atk|1\n|-terastallize|p2b: Urshifu|Water\n|move|p2a: Sableye|Quash|p1b: Incineroar\n|-hint|Since gen 7, Dark is immune to Prankster moves.\n|-immune|p1b: Incineroar\n|move|p2b: Urshifu|Surging Strikes|p1b: Incineroar\n|-supereffective|p1b: Incineroar\n|-crit|p1b: Incineroar\n|-damage|p1b: Incineroar|23/100\n|-enditem|p1b: Incineroar|Sitrus Berry|[eat]\n|-heal|p1b: Incineroar|48/100|[from] item: Sitrus Berry\n|-supereffective|p1b: Incineroar\n|-crit|p1b: Incineroar\n|-damage|p1b: Incineroar|0 fnt\n|faint|p1b: Incineroar\n|-hitcount|p1: Incineroar|2\n|move|p1a: Koraidon|Collision Course|p2b: Urshifu\n|-damage|p2b: Urshifu|0 fnt\n|faint|p2b: Urshifu\n|\n|-weather|RainDance|[upkeep]\n|upkeep\n|\n|t:|1773467279\n|switch|p2b: Zacian|Zacian-Crowned, L50|100/100\n|switch|p1b: Calyrex|Calyrex-Shadow, L50|100/100\n|-ability|p1b: Calyrex|As One\n|-ability|p1b: Calyrex|Unnerve\n|-ability|p2b: Zacian|Intrepid Sword|boost\n|-boost|p2b: Zacian|atk|1\n|turn|3\n|\n|t:|1773467293\n|-terastallize|p1b: Calyrex|Dark\n|move|p2b: Zacian|Protect|p2b: Zacian\n|-singleturn|p2b: Zacian|Protect\n|move|p2a: Sableye|Encore|p1a: Koraidon\n|-start|p1a: Koraidon|Encore\n|move|p1b: Calyrex|Astral Barrage|p2b: Zacian|[spread] p2a\n|-activate|p2b: Zacian|move: Protect\n|-enditem|p2a: Sableye|Focus Sash\n|-damage|p2a: Sableye|1/100\n|-damage|p1b: Calyrex|91/100|[from] item: Life Orb\n|move|p1a: Koraidon|Collision Course|p2b: Zacian\n|-activate|p2b: Zacian|move: Protect\n|\n|-weather|RainDance|[upkeep]\n|upkeep\n|turn|4\n|\n|t:|1773467317\n|move|p2a: Sableye|Disable|p1a: Koraidon\n|-start|p1a: Koraidon|Disable|Collision Course\n|move|p1b: Calyrex|Astral Barrage|p2b: Zacian|[spread] p2a,p2b\n|-crit|p2b: Zacian\n|-damage|p2a: Sableye|0 fnt\n|-damage|p2b: Zacian|0 fnt\n|faint|p2a: Sableye\n|faint|p2b: Zacian\n|-ability|p1b: Calyrex|Grim Neigh|boost\n|-boost|p1b: Calyrex|spa|2\n|-damage|p1b: Calyrex|81/100|[from] item: Life Orb\n|cant|p1a: Koraidon|Disable|Collision Course\n|\n|-weather|RainDance|[upkeep]\n|upkeep\n|\n|t:|1773467323\n|switch|p2b: Kyurem|Kyurem-White, L50, shiny|100/100\n|-ability|p2b: Kyurem|Turboblaze\n|turn|5\n|\n|t:|1773467336\n|move|p1b: Calyrex|Astral Barrage|p2b: Kyurem\n|-damage|p2b: Kyurem|7/100\n|-damage|p1b: Calyrex|71/100|[from] item: Life Orb\n|-activate|p1a: Koraidon|move: Struggle\n|move|p1a: Koraidon|Struggle|p2b: Kyurem\n|-damage|p2b: Kyurem|0 fnt\n|faint|p2b: Kyurem\n|-damage|p1a: Koraidon|75/100|[from] recoil\n|\n|win|13579HXM\n|raw|13579HXM's rating: 1346 &rarr; <strong>1362</strong><br />(+16 for winning)\n|raw|wasaad5's rating: 1279 &rarr; <strong>1259</strong><br />(-20 for losing)\n|l|\u2606wasaad5\n|player|p2|\n|l|\u260613579HXM\n|player|p1|\n","uploadtime":1773467554,"views":14,"formatid":"gen9vgc2026regi","rating":1259,"private":0,"password":null}