{"id":"gen9vgc2026regi-2564566186","format":"[Gen 9] VGC 2026 Reg I","players":["I\u2764\ufe0f\u5a1c\u7984Forever","INT Leite Ninho"],"log":"|j|\u2606I\u2764\ufe0f\u5a1c\u7984Forever\n|j|\u2606INT Leite Ninho\n|t:|1774165249\n|gametype|doubles\n|player|p1|I\u2764\ufe0f\u5a1c\u7984Forever|youngcouple-gen4dp|\n|player|p2|INT Leite Ninho|juliana-bb|\n|gen|9\n|tier|[Gen 9] VGC 2026 Reg I\n|rated|Tournament battle\n|rule|Species Clause: Limit one of each Pok\u00e9mon\n|rule|Item Clause: Limit 1 of each item\n|clearpoke\n|poke|p1|Groudon, L50|\n|poke|p1|Kyurem-White, L50|\n|poke|p1|Heatran, L50, M|\n|poke|p1|Whimsicott, L50, M|\n|poke|p1|Ditto, L50|\n|poke|p1|Flutter Mane, L50|\n|poke|p2|Urshifu-*, L50, F|\n|poke|p2|Tornadus, L50, M|\n|poke|p2|Farigiraf, L50, F|\n|poke|p2|Zacian-*, L50|\n|poke|p2|Miraidon, L50|\n|poke|p2|Landorus, L50, M|\n|teampreview|4\n|inactive|Battle timer is ON: inactive players will automatically lose when time's up. (requested by INT Leite Ninho)\n|c|\u2606INT Leite Ninho|glhf\n|j| aurora ltd\n|j| TimeforCHILLI\n|l| TimeforCHILLI\n|inactive|INT Leite Ninho has 60 seconds left.\n|j| to me and me alone\n|\n|t:|1774165287\n|teamsize|p1|4\n|teamsize|p2|4\n|start\n|switch|p1a: Whimsicott|Whimsicott, L50, M|100/100\n|switch|p1b: Kyurem|Kyurem-White, L50|100/100\n|switch|p2a: Casas Lotericas|Tornadus, L50, M|100/100\n|switch|p2b: Dogecoin|Zacian-Crowned, L50|100/100\n|-ability|p2b: Dogecoin|Intrepid Sword|boost\n|-boost|p2b: Dogecoin|atk|1\n|-ability|p1b: Kyurem|Turboblaze\n|turn|1\n|j| Ankur Chen_5\n|\n|t:|1774165309\n|-terastallize|p1b: Kyurem|Ghost\n|move|p2a: Casas Lotericas|Tailwind|p2a: Casas Lotericas\n|-sidestart|p2: INT Leite Ninho|move: Tailwind\n|move|p2b: Dogecoin|Behemoth Blade|p1a: Whimsicott\n|-supereffective|p1a: Whimsicott\n|-enditem|p1a: Whimsicott|Focus Sash\n|-damage|p1a: Whimsicott|1/100\n|move|p1b: Kyurem|Blizzard|p2b: Dogecoin|[spread] p2a\n|-miss|p1b: Kyurem|p2b: Dogecoin\n|-enditem|p1b: Kyurem|Blunder Policy\n|-boost|p1b: Kyurem|spe|2\n|-supereffective|p2a: Casas Lotericas\n|-damage|p2a: Casas Lotericas|0 fnt\n|faint|p2a: Casas Lotericas\n|move|p1a: Whimsicott|Trick Room|p1a: Whimsicott\n|-fieldstart|move: Trick Room|[of] p1a: Whimsicott\n|\n|upkeep\n|j| james locked in\n|\n|t:|1774165320\n|switch|p2a: Bear With Me|Urshifu-Rapid-Strike, L50, F|100/100\n|turn|2\n|\n|t:|1774165334\n|switch|p1a: Groudon|Groudon, L50|100/100\n|-weather|SunnyDay|[from] ability: Drought|[of] p1a: Groudon\n|move|p2a: Bear With Me|Aqua Jet|p1a: Groudon\n|-supereffective|p1a: Groudon\n|-damage|p1a: Groudon|88/100\n|move|p1b: Kyurem|Freeze-Dry|p2a: Bear With Me\n|-supereffective|p2a: Bear With Me\n|-enditem|p2a: Bear With Me|Focus Sash\n|-damage|p2a: Bear With Me|1/100\n|move|p2b: Dogecoin|Behemoth Blade|p1b: Kyurem\n|-damage|p1b: Kyurem|39/100\n|\n|-weather|SunnyDay|[upkeep]\n|upkeep\n|turn|3\n|j| mynamegrassgreen\n|\n|t:|1774165350\n|move|p2a: Bear With Me|Protect|p2a: Bear With Me\n|-singleturn|p2a: Bear With Me|Protect\n|move|p2b: Dogecoin|Protect|p2b: Dogecoin\n|-singleturn|p2b: Dogecoin|Protect\n|move|p1a: Groudon|Precipice Blades|p2a: Bear With Me|[spread] \n|-activate|p2a: Bear With Me|move: Protect\n|-activate|p2b: Dogecoin|move: Protect\n|move|p1b: Kyurem|Fusion Flare|p2b: Dogecoin\n|-activate|p2b: Dogecoin|move: Protect\n|\n|-weather|SunnyDay|[upkeep]\n|upkeep\n|turn|4\n|inactive|INT Leite Ninho has 30 seconds left.\n|\n|t:|1774165380\n|-terastallize|p2b: Dogecoin|Fighting\n|move|p2a: Bear With Me|Aqua Jet|p1a: Groudon\n|-supereffective|p1a: Groudon\n|-damage|p1a: Groudon|73/100\n|move|p1a: Groudon|Precipice Blades|p2a: Bear With Me|[spread] p2a,p2b\n|-damage|p2a: Bear With Me|0 fnt\n|-damage|p2b: Dogecoin|51/100\n|faint|p2a: Bear With Me\n|move|p1b: Kyurem|Fusion Flare|p2b: Dogecoin\n|-damage|p2b: Dogecoin|0 fnt\n|faint|p2b: Dogecoin\n|\n|-weather|SunnyDay|[upkeep]\n|-sideend|p2: INT Leite Ninho|move: Tailwind\n|upkeep\n|\n|t:|1774165391\n|switch|p2b: Galv\u00e3o Bueno|Landorus, L50, M|100/100\n|turn|5\n|c|\u2606INT Leite Ninho|wow\n|c|\u2606INT Leite Ninho|ggs\n|\n|t:|1774165404\n|move|p1a: Groudon|Heat Crash|p2b: Galv\u00e3o Bueno\n|-damage|p2b: Galv\u00e3o Bueno|16/100\n|move|p2b: Galv\u00e3o Bueno|Sandsear Storm|p1a: Groudon|[spread] p1a,p1b\n|-damage|p1a: Groudon|42/100\n|-damage|p1b: Kyurem|1/100\n|move|p1b: Kyurem|Freeze-Dry|p2b: Galv\u00e3o Bueno\n|-supereffective|p2b: Galv\u00e3o Bueno\n|-damage|p2b: Galv\u00e3o Bueno|0 fnt\n|faint|p2b: Galv\u00e3o Bueno\n|\n|win|I\u2764\ufe0f\u5a1c\u7984Forever\n|n|\u2606I\u2764\ufe0f\u5a1c\u7984Forever|iforever\n|n|\u2606INT Leite Ninho|intleiteninho\n|n| aurora ltd|auroraltd\n|n| to me and me alone|tomeandmealone\n|n| Ankur Chen_5|ankurchen5\n|n| james locked in|jameslockedin\n|n| mynamegrassgreen|mynamegrassgreen\n|l| to me and me alone\n|l|\u2606INT Leite Ninho\n|player|p2|\n|c|\u2606I\u2764\ufe0f\u5a1c\u7984Forever|ggwp\n|l| mynamegrassgreen\n","uploadtime":1774165419,"views":11,"formatid":"gen9vgc2026regi","rating":null,"private":0,"password":null}