{"id":"gen9vgc2026regi-2566965176","format":"[Gen 9] VGC 2026 Reg I","players":["Sunny_zong1","JakeNBake3D"],"log":"|j|\u2606Sunny_zong1\n|j|\u2606JakeNBake3D\n|t:|1774435901\n|gametype|doubles\n|player|p1|Sunny_zong1|1|1369\n|player|p2|JakeNBake3D|1|1352\n|gen|9\n|tier|[Gen 9] VGC 2026 Reg I\n|rated|\n|rule|Species Clause: Limit one of each Pok\u00e9mon\n|rule|Item Clause: Limit 1 of each item\n|clearpoke\n|poke|p1|Glimmora, L50, M|\n|poke|p1|Eternatus, L50|\n|poke|p1|Miraidon, L50|\n|poke|p1|Chi-Yu, L50|\n|poke|p1|Grimmsnarl, L50, M|\n|poke|p1|Muk-Alola, L50, F|\n|poke|p2|Calyrex-Ice, L50|\n|poke|p2|Miraidon, L50|\n|poke|p2|Amoonguss, L50, M|\n|poke|p2|Incineroar, L50, M|\n|poke|p2|Farigiraf, L50, F|\n|poke|p2|Iron Hands, L50|\n|teampreview|4\n|inactive|Battle timer is ON: inactive players will automatically lose when time's up. (requested by Sunny_zong1)\n|inactive|JakeNBake3D has 60 seconds left.\n|\n|t:|1774435949\n|teamsize|p1|4\n|teamsize|p2|4\n|start\n|switch|p1a: Grimmsnarl|Grimmsnarl, L50, M|100/100\n|switch|p1b: Glimmora|Glimmora, L50, M|100/100\n|switch|p2a: Miraidon|Miraidon, L50|100/100\n|switch|p2b: Farigiraf|Farigiraf, L50, F|100/100\n|-fieldstart|move: Electric Terrain|[from] ability: Hadron Engine|[of] p2a: Miraidon\n|-enditem|p2b: Farigiraf|Electric Seed\n|-boost|p2b: Farigiraf|def|1|[from] item: Electric Seed\n|turn|1\n|\n|t:|1774435960\n|-terastallize|p2a: Miraidon|Fairy\n|move|p2b: Farigiraf|Helping Hand|p2a: Miraidon\n|-singleturn|p2a: Miraidon|Helping Hand|[of] p2b: Farigiraf\n|move|p1a: Grimmsnarl|Light Screen|p1a: Grimmsnarl\n|-sidestart|p1: Sunny_zong1|move: Light Screen\n|move|p2a: Miraidon|Dazzling Gleam|p1b: Glimmora|[spread] p1a,p1b\n|-supereffective|p1a: Grimmsnarl\n|-crit|p1a: Grimmsnarl\n|-resisted|p1b: Glimmora\n|-damage|p1a: Grimmsnarl|0 fnt\n|-damage|p1b: Glimmora|50/100\n|faint|p1a: Grimmsnarl\n|move|p1b: Glimmora|Mortal Spin|p2a: Miraidon|[spread] p2a,p2b\n|-supereffective|p2a: Miraidon\n|-damage|p2a: Miraidon|90/100\n|-damage|p2b: Farigiraf|97/100\n|-status|p2a: Miraidon|psn\n|-status|p2b: Farigiraf|psn\n|\n|-damage|p2a: Miraidon|78/100 psn|[from] psn\n|-damage|p2b: Farigiraf|84/100 psn|[from] psn\n|upkeep\n|\n|t:|1774435968\n|switch|p1a: Eternatus|Eternatus, L50|100/100\n|-ability|p1a: Eternatus|Pressure\n|turn|2\n|\n|t:|1774435987\n|move|p2b: Farigiraf|Helping Hand|p2a: Miraidon\n|-singleturn|p2a: Miraidon|Helping Hand|[of] p2b: Farigiraf\n|move|p1b: Glimmora|Spiky Shield|p1b: Glimmora\n|-singleturn|p1b: Glimmora|move: Protect\n|move|p2a: Miraidon|Dazzling Gleam|p1a: Eternatus|[spread] p1a\n|-activate|p1b: Glimmora|move: Protect\n|-damage|p1a: Eternatus|55/100\n|move|p1a: Eternatus|Cosmic Power|p1a: Eternatus\n|-boost|p1a: Eternatus|def|1\n|-boost|p1a: Eternatus|spd|1\n|\n|-heal|p1a: Eternatus|61/100|[from] item: Leftovers\n|-damage|p2a: Miraidon|65/100 psn|[from] psn\n|-damage|p2b: Farigiraf|72/100 psn|[from] psn\n|upkeep\n|turn|3\n|inactive|JakeNBake3D has 30 seconds left.\n|\n|t:|1774436018\n|move|p1a: Eternatus|Protect|p1a: Eternatus\n|-singleturn|p1a: Eternatus|Protect\n|move|p2a: Miraidon|Dazzling Gleam|p1a: Eternatus|[spread] p1b\n|-activate|p1a: Eternatus|move: Protect\n|-resisted|p1b: Glimmora\n|-damage|p1b: Glimmora|13/100\n|move|p1b: Glimmora|Sludge Bomb|p2a: Miraidon\n|-supereffective|p2a: Miraidon\n|-damage|p2a: Miraidon|0 fnt\n|faint|p2a: Miraidon\n|move|p2b: Farigiraf|Roar|p1a: Eternatus\n|drag|p1a: Miraidon|Miraidon, L50|100/100\n|-activate|p1a: Miraidon|ability: Hadron Engine\n|\n|-damage|p2b: Farigiraf|60/100 psn|[from] psn\n|upkeep\n|\n|t:|1774436038\n|switch|p2a: Iron Hands|Iron Hands, L50|100/100\n|-activate|p2a: Iron Hands|ability: Quark Drive\n|-start|p2a: Iron Hands|quarkdriveatk\n|turn|4\n|\n|t:|1774436056\n|move|p1b: Glimmora|Spiky Shield|p1b: Glimmora\n|-singleturn|p1b: Glimmora|move: Protect\n|move|p2a: Iron Hands|Fake Out|p1a: Miraidon\n|-damage|p1a: Miraidon|83/100\n|cant|p1a: Miraidon|flinch\n|move|p2b: Farigiraf|Trick Room|p2b: Farigiraf\n|-fieldstart|move: Trick Room|[of] p2b: Farigiraf\n|\n|-damage|p2b: Farigiraf|47/100 psn|[from] psn\n|upkeep\n|turn|5\n|inactive|JakeNBake3D has 30 seconds left.\n|inactive|JakeNBake3D has 20 seconds left.\n|\n|t:|1774436093\n|move|p2a: Iron Hands|Low Kick|p1a: Miraidon\n|-damage|p1a: Miraidon|3/100\n|move|p2b: Farigiraf|Foul Play|p1b: Glimmora\n|-damage|p1b: Glimmora|0 fnt\n|-activate|p1b: Glimmora|ability: Toxic Debris\n|-sidestart|p2: JakeNBake3D|move: Toxic Spikes\n|faint|p1b: Glimmora\n|move|p1a: Miraidon|Parabolic Charge|p2b: Farigiraf|[spread] p2a,p2b\n|-resisted|p2a: Iron Hands\n|-damage|p2a: Iron Hands|81/100\n|-heal|p1a: Miraidon|14/100|[from] drain|[of] p2a: Iron Hands\n|-damage|p2b: Farigiraf|0 fnt\n|-heal|p1a: Miraidon|40/100|[from] drain|[of] p2b: Farigiraf\n|faint|p2b: Farigiraf\n|\n|-fieldend|move: Electric Terrain\n|-end|p2a: Iron Hands|Quark Drive\n|upkeep\n|\n|t:|1774436110\n|switch|p2b: Calyrex|Calyrex-Ice, L50|100/100\n|switch|p1b: Eternatus|Eternatus, L50|61/100\n|-ability|p2b: Calyrex|As One\n|-ability|p2b: Calyrex|Unnerve\n|-status|p2b: Calyrex|psn\n|-ability|p1b: Eternatus|Pressure\n|turn|6\n|\n|t:|1774436135\n|move|p1b: Eternatus|Protect|p1b: Eternatus\n|-singleturn|p1b: Eternatus|Protect\n|move|p2a: Iron Hands|Low Kick|p1b: Eternatus\n|-activate|p1b: Eternatus|move: Protect\n|move|p2b: Calyrex|Glacial Lance|p1b: Eternatus|[spread] p1a\n|-activate|p1b: Eternatus|move: Protect\n|-supereffective|p1a: Miraidon\n|-damage|p1a: Miraidon|0 fnt\n|faint|p1a: Miraidon\n|-ability|p2b: Calyrex|Chilling Neigh|boost\n|-boost|p2b: Calyrex|atk|1\n|\n|-heal|p1b: Eternatus|67/100|[from] item: Leftovers\n|-damage|p2b: Calyrex|88/100 psn|[from] psn\n|upkeep\n|turn|7\n|\n|t:|1774436158\n|move|p2a: Iron Hands|Low Kick|p1b: Eternatus\n|-resisted|p1b: Eternatus\n|-damage|p1b: Eternatus|47/100\n|move|p2b: Calyrex|Glacial Lance|p1b: Eternatus\n|-supereffective|p1b: Eternatus\n|-damage|p1b: Eternatus|0 fnt\n|faint|p1b: Eternatus\n|\n|win|JakeNBake3D\n|raw|Sunny_zong1's rating: 1369 &rarr; <strong>1348</strong><br />(-21 for losing)\n|raw|JakeNBake3D's rating: 1352 &rarr; <strong>1373</strong><br />(+21 for winning)\n|l|\u2606Sunny_zong1\n|player|p1|\n|l|\u2606JakeNBake3D\n|player|p2|\n","uploadtime":1774436334,"views":15,"formatid":"gen9vgc2026regi","rating":1348,"private":0,"password":null}