{"id":"gen9vgc2026regi-2573821259","format":"[Gen 9] VGC 2026 Reg I","players":["stundamba","speedyturtle87"],"log":"|j|\u2606stundamba\n|j|\u2606speedyturtle87\n|t:|1775168130\n|gametype|doubles\n|player|p1|stundamba|hiker-gen4|1446\n|player|p2|speedyturtle87|carmine|1513\n|gen|9\n|tier|[Gen 9] VGC 2026 Reg I\n|rated|\n|rule|Species Clause: Limit one of each Pok\u00e9mon\n|rule|Item Clause: Limit 1 of each item\n|clearpoke\n|poke|p1|Lunala, L50|\n|poke|p1|Groudon, L50|\n|poke|p1|Sableye, L50, M|\n|poke|p1|Lilligant-Hisui, L50, F|\n|poke|p1|Raging Bolt, L50|\n|poke|p1|Rillaboom, L50, F|\n|poke|p2|Volbeat, L50, M|\n|poke|p2|Kyogre, L50|\n|poke|p2|Calyrex-Ice, L50|\n|poke|p2|Landorus, L50, M|\n|poke|p2|Urshifu-*, L50, F|\n|poke|p2|Rillaboom, L50, F|\n|teampreview|4\n|inactive|Battle timer is ON: inactive players will automatically lose when time's up. (requested by speedyturtle87)\n|inactive|speedyturtle87 has 60 seconds left.\n|\n|t:|1775168165\n|teamsize|p1|4\n|teamsize|p2|4\n|start\n|switch|p1a: Lunala|Lunala, L50|100/100\n|switch|p1b: Sableye|Sableye, L50, M|100/100\n|switch|p2a: Rillaboom|Rillaboom, L50, F|100/100\n|switch|p2b: Calyrex|Calyrex-Ice, L50|100/100\n|-ability|p2b: Calyrex|As One\n|-ability|p2b: Calyrex|Unnerve\n|-fieldstart|move: Grassy Terrain|[from] ability: Grassy Surge|[of] p2a: Rillaboom\n|turn|1\n|\n|t:|1775168190\n|-terastallize|p2b: Calyrex|Water\n|move|p1b: Sableye|Gravity|p1b: Sableye\n|-fieldstart|move: Gravity\n|move|p1a: Lunala|Hypnosis|p2a: Rillaboom\n|-status|p2a: Rillaboom|slp|[from] move: Hypnosis\n|cant|p2a: Rillaboom|slp\n|move|p2b: Calyrex|Trick Room|p2b: Calyrex\n|-fieldstart|move: Trick Room|[of] p2b: Calyrex\n|\n|upkeep\n|turn|2\n|\n|t:|1775168205\n|switch|p2b: Urshifu|Urshifu, L50, F|100/100\n|move|p1b: Sableye|Encore|p2b: Urshifu\n|-hint|Since gen 7, Dark is immune to Prankster moves.\n|-immune|p2b: Urshifu\n|cant|p2a: Rillaboom|slp\n|move|p1a: Lunala|Meteor Beam||[still]\n|-prepare|p1a: Lunala|Meteor Beam\n|-boost|p1a: Lunala|spa|1\n|-enditem|p1a: Lunala|Power Herb\n|-anim|p1a: Lunala|Meteor Beam|p2b: Urshifu\n|-resisted|p2b: Urshifu\n|-damage|p2b: Urshifu|53/100\n|\n|-heal|p2b: Urshifu|60/100|[from] Grassy Terrain\n|upkeep\n|turn|3\n|inactive|stundamba has 30 seconds left.\n|\n|t:|1775168237\n|switch|p1b: Raging Bolt|Raging Bolt, L50|100/100\n|-terastallize|p1a: Lunala|Fairy\n|-curestatus|p2a: Rillaboom|slp|[msg]\n|move|p2a: Rillaboom|Wood Hammer|p1a: Lunala\n|-damage|p1a: Lunala|64/100\n|-damage|p2a: Rillaboom|88/100|[from] Recoil\n|move|p2b: Urshifu|Wicked Blow|p1a: Lunala\n|-resisted|p1a: Lunala\n|-crit|p1a: Lunala\n|-damage|p1a: Lunala|35/100\n|move|p1a: Lunala|Hypnosis|p2b: Urshifu\n|-status|p2b: Urshifu|slp|[from] move: Hypnosis\n|\n|-heal|p2a: Rillaboom|94/100|[from] Grassy Terrain\n|-heal|p2b: Urshifu|66/100 slp|[from] Grassy Terrain\n|-heal|p1a: Lunala|41/100|[from] Grassy Terrain\n|upkeep\n|turn|4\n|\n|t:|1775168257\n|move|p1a: Lunala|Protect|p1a: Lunala\n|-singleturn|p1a: Lunala|Protect\n|move|p2a: Rillaboom|Wood Hammer|p1a: Lunala\n|-activate|p1a: Lunala|move: Protect\n|move|p1b: Raging Bolt|Thunderbolt|p2b: Urshifu\n|-damage|p2b: Urshifu|0 fnt\n|faint|p2b: Urshifu\n|-damage|p1b: Raging Bolt|91/100|[from] item: Life Orb\n|\n|-heal|p2a: Rillaboom|99/100|[from] Grassy Terrain\n|-heal|p1b: Raging Bolt|97/100|[from] Grassy Terrain\n|-heal|p1a: Lunala|47/100|[from] Grassy Terrain\n|upkeep\n|\n|t:|1775168261\n|switch|p2b: Calyrex|Calyrex-Ice, L50, tera:Water|100/100\n|-ability|p2b: Calyrex|As One\n|-ability|p2b: Calyrex|Unnerve\n|turn|5\n|\n|t:|1775168279\n|move|p1b: Raging Bolt|Thunderclap|p2b: Calyrex\n|-supereffective|p2b: Calyrex\n|-damage|p2b: Calyrex|35/100\n|-damage|p1b: Raging Bolt|87/100|[from] item: Life Orb\n|move|p2b: Calyrex|Glacial Lance|p1b: Raging Bolt|[spread] p1a,p1b\n|-supereffective|p1b: Raging Bolt\n|-damage|p1a: Lunala|0 fnt\n|-damage|p1b: Raging Bolt|0 fnt\n|faint|p1a: Lunala\n|faint|p1b: Raging Bolt\n|-end|p1b: Raging Bolt|Protosynthesis|[silent]\n|-ability|p2b: Calyrex|Chilling Neigh|boost\n|-boost|p2b: Calyrex|atk|2\n|move|p2a: Rillaboom|U-turn|p1: Lunala|[notarget]\n|-fail|p2a: Rillaboom\n|\n|-heal|p2b: Calyrex|41/100|[from] Grassy Terrain\n|-heal|p2a: Rillaboom|100/100|[from] Grassy Terrain\n|-fieldend|move: Trick Room\n|-fieldend|move: Gravity\n|-fieldend|move: Grassy Terrain\n|upkeep\n|\n|t:|1775168294\n|switch|p1a: Groudon|Groudon, L50|100/100\n|switch|p1b: Sableye|Sableye, L50, M|100/100\n|-weather|SunnyDay|[from] ability: Drought|[of] p1a: Groudon\n|turn|6\n|\n|t:|1775168316\n|switch|p2a: Kyogre|Kyogre, L50|100/100\n|-weather|RainDance|[from] ability: Drizzle|[of] p2a: Kyogre\n|move|p1b: Sableye|Disable||[still]\n|-fail|p1b: Sableye\n|move|p1a: Groudon|High Horsepower|p2b: Calyrex\n|-damage|p2b: Calyrex|0 fnt\n|faint|p2b: Calyrex\n|\n|-weather|RainDance|[upkeep]\n|upkeep\n|\n|t:|1775168329\n|switch|p2b: Rillaboom|Rillaboom, L50, F|100/100\n|-fieldstart|move: Grassy Terrain|[from] ability: Grassy Surge|[of] p2b: Rillaboom\n|turn|7\n|\n|t:|1775168342\n|move|p2b: Rillaboom|Grassy Glide|p1a: Groudon\n|-supereffective|p1a: Groudon\n|-damage|p1a: Groudon|48/100\n|move|p1b: Sableye|Quash||[still]\n|-fail|p1b: Sableye\n|move|p1a: Groudon|High Horsepower|p2a: Kyogre\n|-damage|p2a: Kyogre|31/100\n|move|p2a: Kyogre|Origin Pulse|p1b: Sableye|[spread] p1a,p1b\n|-supereffective|p1a: Groudon\n|-damage|p1a: Groudon|0 fnt\n|-damage|p1b: Sableye|26/100\n|faint|p1a: Groudon\n|\n|-weather|RainDance|[upkeep]\n|-heal|p2a: Kyogre|37/100|[from] Grassy Terrain\n|-heal|p2a: Kyogre|43/100|[from] item: Leftovers\n|-heal|p1b: Sableye|32/100|[from] Grassy Terrain\n|upkeep\n|turn|8\n|\n|t:|1775168360\n|move|p2b: Rillaboom|Grassy Glide|p1b: Sableye\n|-damage|p1b: Sableye|0 fnt\n|faint|p1b: Sableye\n|\n|win|speedyturtle87\n|raw|stundamba's rating: 1446 &rarr; <strong>1430</strong><br />(-16 for losing)\n|raw|speedyturtle87's rating: 1513 &rarr; <strong>1529</strong><br />(+16 for winning)\n|l|\u2606stundamba\n|player|p1|\n|l|\u2606speedyturtle87\n|player|p2|\n","uploadtime":1775168498,"views":9,"formatid":"gen9vgc2026regi","rating":1430,"private":0,"password":null}