{"id":"gen9vgc2026regi-2566221674","format":"[Gen 9] VGC 2026 Reg I","players":["Sunny_zong1","Lvl4Metapod"],"log":"|j|\u2606Sunny_zong1\n|j|\u2606Lvl4Metapod\n|t:|1774359220\n|gametype|doubles\n|player|p1|Sunny_zong1|1|1272\n|player|p2|Lvl4Metapod|170|1387\n|gen|9\n|tier|[Gen 9] VGC 2026 Reg I\n|rated|\n|rule|Species Clause: Limit one of each Pok\u00e9mon\n|rule|Item Clause: Limit 1 of each item\n|clearpoke\n|poke|p1|Glimmora, L50, M|\n|poke|p1|Eternatus, L50|\n|poke|p1|Miraidon, L50|\n|poke|p1|Garganacl, L50, M|\n|poke|p1|Raging Bolt, L50|\n|poke|p1|Grimmsnarl, L50, M|\n|poke|p2|Koraidon, L50|\n|poke|p2|Iron Treads, L50|\n|poke|p2|Incineroar, L50, F|\n|poke|p2|Raging Bolt, L50|\n|poke|p2|Flutter Mane, L50|\n|poke|p2|Ho-Oh, L50|\n|teampreview|4\n|inactive|Battle timer is ON: inactive players will automatically lose when time's up. (requested by Sunny_zong1)\n|inactive|Lvl4Metapod has 60 seconds left.\n|inactive|Lvl4Metapod has 30 seconds left.\n|c|\u2606Lvl4Metapod|Nightmare\n|\n|t:|1774359290\n|teamsize|p1|4\n|teamsize|p2|4\n|start\n|switch|p1a: Grimmsnarl|Grimmsnarl, L50, M|100/100\n|switch|p1b: Glimmora|Glimmora, L50, M|100/100\n|switch|p2a: Flutter Mane|Flutter Mane, L50|100/100\n|switch|p2b: Raging Bolt|Raging Bolt, L50|100/100\n|turn|1\n|\n|t:|1774359303\n|move|p1a: Grimmsnarl|Light Screen|p1a: Grimmsnarl\n|-sidestart|p1: Sunny_zong1|move: Light Screen\n|move|p2a: Flutter Mane|Icy Wind|p1a: Grimmsnarl|[spread] p1a,p1b\n|-damage|p1a: Grimmsnarl|89/100\n|-damage|p1b: Glimmora|85/100\n|-unboost|p1a: Grimmsnarl|spe|1\n|-unboost|p1b: Glimmora|spe|1\n|move|p2b: Raging Bolt|Snarl|p1a: Grimmsnarl|[spread] p1b\n|-miss|p2b: Raging Bolt|p1a: Grimmsnarl\n|-damage|p1b: Glimmora|69/100\n|-unboost|p1b: Glimmora|spa|1\n|move|p1b: Glimmora|Mortal Spin|p2a: Flutter Mane|[spread] p2a,p2b\n|-damage|p2a: Flutter Mane|91/100\n|-damage|p2b: Raging Bolt|96/100\n|-status|p2a: Flutter Mane|psn\n|-status|p2b: Raging Bolt|psn\n|\n|-damage|p2a: Flutter Mane|78/100 psn|[from] psn\n|-damage|p2b: Raging Bolt|84/100 psn|[from] psn\n|upkeep\n|turn|2\n|\n|t:|1774359319\n|move|p2a: Flutter Mane|Moonblast|p1a: Grimmsnarl\n|-supereffective|p1a: Grimmsnarl\n|-damage|p1a: Grimmsnarl|10/100\n|move|p2b: Raging Bolt|Electroweb|p1b: Glimmora|[spread] p1a,p1b\n|-damage|p1a: Grimmsnarl|0 fnt\n|-damage|p1b: Glimmora|44/100\n|-unboost|p1b: Glimmora|spe|1\n|faint|p1a: Grimmsnarl\n|move|p1b: Glimmora|Sludge Bomb|p2a: Flutter Mane\n|-damage|p2a: Flutter Mane|46/100 psn\n|\n|-damage|p2a: Flutter Mane|34/100 psn|[from] psn\n|-damage|p2b: Raging Bolt|72/100 psn|[from] psn\n|upkeep\n|\n|t:|1774359329\n|switch|p1a: Eternatus|Eternatus, L50|100/100\n|-ability|p1a: Eternatus|Pressure\n|turn|3\n|\n|t:|1774359343\n|move|p1b: Glimmora|Spiky Shield|p1b: Glimmora\n|-singleturn|p1b: Glimmora|move: Protect\n|move|p2a: Flutter Mane|Taunt|p1a: Eternatus\n|-start|p1a: Eternatus|move: Taunt\n|cant|p1a: Eternatus|move: Taunt|Cosmic Power\n|move|p2b: Raging Bolt|Snarl|p1a: Eternatus|[spread] p1a\n|-activate|p1b: Glimmora|move: Protect\n|-damage|p1a: Eternatus|93/100\n|-unboost|p1a: Eternatus|spa|1\n|\n|-heal|p1a: Eternatus|99/100|[from] item: Leftovers\n|-damage|p2a: Flutter Mane|22/100 psn|[from] psn\n|-damage|p2b: Raging Bolt|59/100 psn|[from] psn\n|upkeep\n|turn|4\n|\n|t:|1774359364\n|move|p2a: Flutter Mane|Icy Wind|p1a: Eternatus|[spread] p1a,p1b\n|-supereffective|p1a: Eternatus\n|-damage|p1a: Eternatus|86/100\n|-damage|p1b: Glimmora|30/100\n|-unboost|p1a: Eternatus|spe|1\n|-unboost|p1b: Glimmora|spe|1\n|move|p2b: Raging Bolt|Draco Meteor|p1a: Eternatus\n|-supereffective|p1a: Eternatus\n|-damage|p1a: Eternatus|26/100\n|-unboost|p2b: Raging Bolt|spa|2\n|move|p1a: Eternatus|Sludge Bomb|p2a: Flutter Mane\n|-damage|p2a: Flutter Mane|0 fnt\n|faint|p2a: Flutter Mane\n|-end|p2a: Flutter Mane|Protosynthesis|[silent]\n|move|p1b: Glimmora|Spikes|p2b: Raging Bolt\n|-sidestart|p2: Lvl4Metapod|Spikes\n|\n|-heal|p1a: Eternatus|32/100|[from] item: Leftovers\n|-damage|p2b: Raging Bolt|47/100 psn|[from] psn\n|upkeep\n|\n|t:|1774359376\n|switch|p2a: Iron Treads|Iron Treads, L50|100/100\n|-damage|p2a: Iron Treads|88/100|[from] Spikes\n|turn|5\n|\n|t:|1774359390\n|-end|p2b: Raging Bolt|Protosynthesis|[silent]\n|switch|p2b: Koraidon|Koraidon, L50|100/100\n|-damage|p2b: Koraidon|88/100|[from] Spikes\n|-weather|SunnyDay|[from] ability: Orichalcum Pulse|[of] p2b: Koraidon\n|-activate|p2b: Koraidon|Orichalcum Pulse|[source]\n|move|p1b: Glimmora|Spiky Shield|p1b: Glimmora\n|-singleturn|p1b: Glimmora|move: Protect\n|move|p2a: Iron Treads|High Horsepower|p1a: Eternatus\n|-supereffective|p1a: Eternatus\n|-damage|p1a: Eternatus|0 fnt\n|faint|p1a: Eternatus\n|-damage|p2a: Iron Treads|79/100|[from] item: Life Orb\n|\n|-weather|SunnyDay|[upkeep]\n|upkeep\n|\n|t:|1774359392\n|switch|p1a: Miraidon|Miraidon, L50|100/100\n|-fieldstart|move: Electric Terrain|[from] ability: Hadron Engine|[of] p1a: Miraidon\n|-activate|p2a: Iron Treads|ability: Quark Drive\n|-start|p2a: Iron Treads|quarkdrivespe\n|turn|6\n|\n|t:|1774359414\n|-terastallize|p1a: Miraidon|Dark\n|move|p2b: Koraidon|Protect|p2b: Koraidon\n|-singleturn|p2b: Koraidon|Protect\n|move|p2a: Iron Treads|High Horsepower|p1b: Glimmora\n|-supereffective|p1b: Glimmora\n|-damage|p1b: Glimmora|0 fnt\n|-activate|p1b: Glimmora|ability: Toxic Debris\n|-sidestart|p2: Lvl4Metapod|move: Toxic Spikes\n|faint|p1b: Glimmora\n|-damage|p2a: Iron Treads|69/100|[from] item: Life Orb\n|move|p1a: Miraidon|Snarl|p2b: Koraidon|[spread] p2a\n|-activate|p2b: Koraidon|move: Protect\n|-damage|p2a: Iron Treads|0 fnt\n|faint|p2a: Iron Treads\n|-end|p2a: Iron Treads|Quark Drive|[silent]\n|\n|-weather|SunnyDay|[upkeep]\n|upkeep\n|\n|t:|1774359429\n|switch|p2a: Raging Bolt|Raging Bolt, L50|47/100 psn\n|-damage|p2a: Raging Bolt|35/100 psn|[from] Spikes\n|-activate|p2a: Raging Bolt|ability: Protosynthesis\n|-start|p2a: Raging Bolt|protosynthesisspa\n|turn|7\n|\n|t:|1774359441\n|-terastallize|p2a: Raging Bolt|Fairy\n|move|p2a: Raging Bolt|Thunderclap|p1a: Miraidon\n|-damage|p1a: Miraidon|60/100\n|move|p1a: Miraidon|Snarl|p2b: Koraidon|[spread] p2a,p2b\n|-resisted|p2a: Raging Bolt\n|-resisted|p2b: Koraidon\n|-damage|p2a: Raging Bolt|19/100 psn\n|-damage|p2b: Koraidon|62/100\n|-unboost|p2a: Raging Bolt|spa|1\n|-unboost|p2b: Koraidon|spa|1\n|move|p2b: Koraidon|Collision Course|p1a: Miraidon\n|-supereffective|p1a: Miraidon\n|-damage|p1a: Miraidon|0 fnt\n|faint|p1a: Miraidon\n|\n|win|Lvl4Metapod\n|raw|Sunny_zong1's rating: 1272 &rarr; <strong>1255</strong><br />(-17 for losing)\n|raw|Lvl4Metapod's rating: 1387 &rarr; <strong>1401</strong><br />(+14 for winning)\n|l|\u2606Sunny_zong1\n|player|p1|\n","uploadtime":1774359458,"views":17,"formatid":"gen9vgc2026regi","rating":1255,"private":0,"password":null}