{"id":"gen9vgc2026regi-2589684979","format":"[Gen 9] VGC 2026 Reg I","players":["jj11j1","bjrcjggjhvb"],"log":"|j|\u2606jj11j1\n|j|\u2606bjrcjggjhvb\n|t:|1776747007\n|gametype|doubles\n|player|p1|jj11j1|102|1425\n|player|p2|bjrcjggjhvb|266|1423\n|gen|9\n|tier|[Gen 9] VGC 2026 Reg I\n|rated|\n|rule|Species Clause: Limit one of each Pok\u00e9mon\n|rule|Item Clause: Limit 1 of each item\n|clearpoke\n|poke|p1|Ho-Oh, L50|\n|poke|p1|Calyrex-Ice, L50|\n|poke|p1|Overqwil, L50, M|\n|poke|p1|Ting-Lu, L50|\n|poke|p1|Rillaboom, L50, F|\n|poke|p1|Ogerpon-Wellspring, L50, F|\n|poke|p2|Calyrex-Ice, L50|\n|poke|p2|Kyogre, L50|\n|poke|p2|Farigiraf, L50, M|\n|poke|p2|Slowking-Galar, L50, F|\n|poke|p2|Porygon2, L50|\n|poke|p2|Pincurchin, L50, M|\n|teampreview|4\n|inactive|Battle timer is ON: inactive players will automatically lose when time's up. (requested by jj11j1)\n|\n|t:|1776747030\n|teamsize|p1|4\n|teamsize|p2|4\n|start\n|switch|p1a: Ogerpon|Ogerpon-Wellspring, L50, F|100/100\n|switch|p1b: Calyrex|Calyrex-Ice, L50|100/100\n|switch|p2a: Farigiraf|Farigiraf, L50, M|100/100\n|switch|p2b: Calyrex|Calyrex-Ice, L50|100/100\n|-ability|p1b: Calyrex|As One\n|-ability|p1b: Calyrex|Unnerve\n|-ability|p2b: Calyrex|As One\n|-ability|p2b: Calyrex|Unnerve\n|turn|1\n|\n|t:|1776747054\n|-terastallize|p1b: Calyrex|Water\n|move|p2a: Farigiraf|Protect|p2a: Farigiraf\n|-singleturn|p2a: Farigiraf|Protect\n|move|p1a: Ogerpon|Ivy Cudgel|p2a: Farigiraf|[anim] Ivy Cudgel Water\n|-activate|p2a: Farigiraf|move: Protect\n|move|p1b: Calyrex|Leech Seed|p2b: Calyrex\n|-start|p2b: Calyrex|move: Leech Seed\n|move|p2b: Calyrex|Trick Room|p2b: Calyrex\n|-fieldstart|move: Trick Room|[of] p2b: Calyrex\n|\n|-damage|p2b: Calyrex|88/100|[from] Leech Seed|[of] p1b: Calyrex\n|upkeep\n|turn|2\n|\n|t:|1776747075\n|move|p2a: Farigiraf|Helping Hand|p2b: Calyrex\n|-singleturn|p2b: Calyrex|Helping Hand|[of] p2a: Farigiraf\n|move|p1a: Ogerpon|Spiky Shield|p1a: Ogerpon\n|-singleturn|p1a: Ogerpon|move: Protect\n|move|p2b: Calyrex|Glacial Lance|p1b: Calyrex|[spread] p1b\n|-activate|p1a: Ogerpon|move: Protect\n|-resisted|p1b: Calyrex\n|-damage|p1b: Calyrex|72/100\n|-damage|p2b: Calyrex|79/100|[from] item: Life Orb\n|move|p1b: Calyrex|Leech Seed|p2a: Farigiraf\n|-start|p2a: Farigiraf|move: Leech Seed\n|\n|-heal|p1b: Calyrex|78/100|[from] item: Leftovers\n|-damage|p2b: Calyrex|67/100|[from] Leech Seed|[of] p1b: Calyrex\n|-heal|p1b: Calyrex|90/100|[silent]\n|-damage|p2a: Farigiraf|88/100|[from] Leech Seed|[of] p1b: Calyrex\n|-heal|p1b: Calyrex|100/100|[silent]\n|upkeep\n|turn|3\n|\n|t:|1776747097\n|move|p2a: Farigiraf|Helping Hand|p2b: Calyrex\n|-singleturn|p2b: Calyrex|Helping Hand|[of] p2a: Farigiraf\n|move|p2b: Calyrex|Glacial Lance|p1b: Calyrex|[spread] p1a,p1b\n|-resisted|p1b: Calyrex\n|-damage|p1a: Ogerpon|0 fnt\n|-damage|p1b: Calyrex|67/100\n|faint|p1a: Ogerpon\n|-ability|p2b: Calyrex|Chilling Neigh|boost\n|-boost|p2b: Calyrex|atk|1\n|-damage|p2b: Calyrex|57/100|[from] item: Life Orb\n|move|p1b: Calyrex|Trick Room|p1b: Calyrex\n|-fieldend|move: Trick Room\n|\n|-heal|p1b: Calyrex|73/100|[from] item: Leftovers\n|-damage|p2a: Farigiraf|76/100|[from] Leech Seed|[of] p1b: Calyrex\n|-heal|p1b: Calyrex|86/100|[silent]\n|-damage|p2b: Calyrex|45/100|[from] Leech Seed|[of] p1b: Calyrex\n|-heal|p1b: Calyrex|99/100|[silent]\n|upkeep\n|\n|t:|1776747114\n|switch|p1a: Ho-Oh|Ho-Oh, L50|100/100\n|turn|4\n|\n|t:|1776747122\n|switch|p2b: Slowking|Slowking-Galar, L50, F|100/100\n|-clearboost|p2a: Farigiraf|[from] ability: Curious Medicine|[of] p2b: Slowking\n|move|p1a: Ho-Oh|Sacred Fire|p2b: Slowking\n|-damage|p2b: Slowking|58/100\n|move|p1b: Calyrex|Glacial Lance|p2b: Slowking|[spread] p2a,p2b\n|-damage|p2a: Farigiraf|25/100\n|-damage|p2b: Slowking|11/100\n|move|p2a: Farigiraf|Trick Room|p2a: Farigiraf\n|-fieldstart|move: Trick Room|[of] p2a: Farigiraf\n|\n|-heal|p2b: Slowking|17/100|[from] item: Leftovers\n|-heal|p1b: Calyrex|100/100|[from] item: Leftovers\n|-damage|p2a: Farigiraf|13/100|[from] Leech Seed|[of] p1b: Calyrex\n|upkeep\n|turn|5\n|\n|t:|1776747145\n|move|p2a: Farigiraf|Helping Hand|p2b: Slowking\n|-singleturn|p2b: Slowking|Helping Hand|[of] p2a: Farigiraf\n|move|p2b: Slowking|Sludge Bomb|p1a: Ho-Oh\n|-damage|p1a: Ho-Oh|59/100\n|-status|p1a: Ho-Oh|psn\n|move|p1a: Ho-Oh|Whirlwind|p2a: Farigiraf\n|drag|p2a: Calyrex|Calyrex-Ice, L50|45/100\n|-ability|p2a: Calyrex|As One\n|-ability|p2a: Calyrex|Unnerve\n|move|p1b: Calyrex|Trick Room|p1b: Calyrex\n|-fieldend|move: Trick Room\n|\n|-heal|p2b: Slowking|23/100|[from] item: Leftovers\n|-damage|p1a: Ho-Oh|47/100 psn|[from] psn\n|upkeep\n|turn|6\n|inactive|bjrcjggjhvb has 30 seconds left.\n|inactive|bjrcjggjhvb has 20 seconds left.\n|\n|t:|1776747184\n|switch|p2b: Kyogre|Kyogre, L50|100/100\n|-weather|RainDance|[from] ability: Drizzle|[of] p2b: Kyogre\n|move|p1a: Ho-Oh|Life Dew||[still]|[spread] p1a,p1b\n|-heal|p1a: Ho-Oh|72/100 psn\n|-fail|p1b: Calyrex|heal\n|move|p1b: Calyrex|Glacial Lance|p2b: Kyogre|[spread] p2a,p2b\n|-resisted|p2a: Calyrex\n|-resisted|p2b: Kyogre\n|-damage|p2a: Calyrex|29/100\n|-damage|p2b: Kyogre|80/100\n|move|p2a: Calyrex|Trick Room|p2a: Calyrex\n|-fieldstart|move: Trick Room|[of] p2a: Calyrex\n|\n|-weather|RainDance|[upkeep]\n|-damage|p1a: Ho-Oh|60/100 psn|[from] psn\n|upkeep\n|turn|7\n|\n|t:|1776747206\n|-terastallize|p2b: Kyogre|Water\n|move|p1b: Calyrex|Protect|p1b: Calyrex\n|-singleturn|p1b: Calyrex|Protect\n|move|p2b: Kyogre|Water Spout|p1b: Calyrex|[spread] p1a\n|-activate|p1b: Calyrex|move: Protect\n|-supereffective|p1a: Ho-Oh\n|-damage|p1a: Ho-Oh|0 fnt\n|faint|p1a: Ho-Oh\n|move|p2a: Calyrex|Glacial Lance|p1b: Calyrex\n|-activate|p1b: Calyrex|move: Protect\n|\n|-weather|RainDance|[upkeep]\n|upkeep\n|\n|t:|1776747220\n|switch|p1a: Ting-Lu|Ting-Lu, L50|100/100\n|-ability|p1a: Ting-Lu|Vessel of Ruin\n|turn|8\n|\n|t:|1776747232\n|move|p2b: Kyogre|Water Spout|p1b: Calyrex|[spread] p1a,p1b\n|-supereffective|p1a: Ting-Lu\n|-crit|p1a: Ting-Lu\n|-resisted|p1b: Calyrex\n|-damage|p1a: Ting-Lu|0 fnt\n|-damage|p1b: Calyrex|77/100\n|faint|p1a: Ting-Lu\n|move|p1b: Calyrex|Leech Seed|p2b: Kyogre\n|-start|p2b: Kyogre|move: Leech Seed\n|move|p2a: Calyrex|Glacial Lance|p1b: Calyrex\n|-resisted|p1b: Calyrex\n|-damage|p1b: Calyrex|47/100\n|-damage|p2a: Calyrex|20/100|[from] item: Life Orb\n|\n|-weather|RainDance|[upkeep]\n|-heal|p1b: Calyrex|53/100|[from] item: Leftovers\n|-damage|p2b: Kyogre|68/100|[from] Leech Seed|[of] p1b: Calyrex\n|-heal|p1b: Calyrex|65/100|[silent]\n|upkeep\n|turn|9\n|\n|t:|1776747251\n|switch|p2b: Farigiraf|Farigiraf, L50, M|13/100\n|move|p1b: Calyrex|Protect|p1b: Calyrex\n|-singleturn|p1b: Calyrex|Protect\n|move|p2a: Calyrex|Close Combat|p1b: Calyrex\n|-activate|p1b: Calyrex|move: Protect\n|\n|-weather|RainDance|[upkeep]\n|-heal|p1b: Calyrex|71/100|[from] item: Leftovers\n|upkeep\n|turn|10\n|\n|t:|1776747263\n|move|p2b: Farigiraf|Helping Hand|p2a: Calyrex\n|-singleturn|p2a: Calyrex|Helping Hand|[of] p2b: Farigiraf\n|move|p1b: Calyrex|Glacial Lance|p2b: Farigiraf|[spread] p2a,p2b\n|-resisted|p2a: Calyrex\n|-damage|p2a: Calyrex|7/100\n|-damage|p2b: Farigiraf|0 fnt\n|faint|p2b: Farigiraf\n|-ability|p1b: Calyrex|Chilling Neigh|boost\n|-boost|p1b: Calyrex|atk|1\n|move|p2a: Calyrex|Close Combat|p1b: Calyrex\n|-damage|p1b: Calyrex|14/100\n|-unboost|p2a: Calyrex|def|1\n|-unboost|p2a: Calyrex|spd|1\n|-damage|p2a: Calyrex|0 fnt|[from] item: Life Orb\n|faint|p2a: Calyrex\n|\n|-weather|none\n|-heal|p1b: Calyrex|19/100|[from] item: Leftovers\n|-fieldend|move: Trick Room\n|upkeep\n|\n|t:|1776747278\n|switch|p2b: Kyogre|Kyogre, L50, tera:Water|68/100\n|switch|p2a: Slowking|Slowking-Galar, L50, F|23/100\n|-weather|RainDance|[from] ability: Drizzle|[of] p2b: Kyogre\n|-clearboost|p2b: Kyogre|[from] ability: Curious Medicine|[of] p2a: Slowking\n|turn|11\n|\n|t:|1776747288\n|move|p1b: Calyrex|Protect|p1b: Calyrex\n|-singleturn|p1b: Calyrex|Protect\n|move|p2b: Kyogre|Thunder|p1b: Calyrex\n|-activate|p1b: Calyrex|move: Protect\n|move|p2a: Slowking|Trick Room|p2a: Slowking\n|-fieldstart|move: Trick Room|[of] p2a: Slowking\n|\n|-weather|RainDance|[upkeep]\n|-heal|p2a: Slowking|29/100|[from] item: Leftovers\n|-heal|p1b: Calyrex|25/100|[from] item: Leftovers\n|upkeep\n|turn|12\n|\n|t:|1776747301\n|move|p2a: Slowking|Sludge Bomb|p1b: Calyrex\n|-damage|p1b: Calyrex|0 fnt\n|faint|p1b: Calyrex\n|\n|win|bjrcjggjhvb\n|raw|jj11j1's rating: 1425 &rarr; <strong>1405</strong><br />(-20 for losing)\n|raw|bjrcjggjhvb's rating: 1423 &rarr; <strong>1443</strong><br />(+20 for winning)\n|l|\u2606jj11j1\n|player|p1|\n|l|\u2606bjrcjggjhvb\n|player|p2|\n","uploadtime":1776747444,"views":7,"formatid":"gen9vgc2026regi","rating":1405,"private":0,"password":null}