{"id":"gen9vgc2026regi-2558252645","format":"[Gen 9] VGC 2026 Reg I","players":["I\u2764\ufe0f\u5a1c\u7984forever","Isuckatthishaha"],"log":"|j|\u2606I\u2764\ufe0f\u5a1c\u7984forever\n|j|\u203dIsuckatthishaha\n|t:|1773417743\n|gametype|doubles\n|player|p1|I\u2764\ufe0f\u5a1c\u7984forever|youngcouple-gen4dp|1370\n|player|p2|Isuckatthishaha|lady|1314\n|gen|9\n|tier|[Gen 9] VGC 2026 Reg I\n|rated|\n|rule|Species Clause: Limit one of each Pok\u00e9mon\n|rule|Item Clause: Limit 1 of each item\n|clearpoke\n|poke|p1|Groudon, L50|\n|poke|p1|Kyurem-White, L50|\n|poke|p1|Heatran, L50, F|\n|poke|p1|Whimsicott, L50, M|\n|poke|p1|Roaring Moon, L50|\n|poke|p1|Ditto, L50|\n|poke|p2|Rayquaza, L50|\n|poke|p2|Kyogre, L50|\n|poke|p2|Tornadus, L50, M|\n|poke|p2|Chien-Pao, L50|\n|poke|p2|Rhyperior, L50, F|\n|poke|p2|Urshifu-*, L50, F|\n|teampreview|4\n|inactive|Battle timer is ON: inactive players will automatically lose when time's up. (requested by Isuckatthishaha)\n|\n|t:|1773417761\n|teamsize|p1|4\n|teamsize|p2|4\n|start\n|switch|p1a: Whimsicott|Whimsicott, L50, M|100/100\n|switch|p1b: Kyurem|Kyurem-White, L50|100/100\n|switch|p2a: Tornadus|Tornadus, L50, M|100/100\n|switch|p2b: Kyogre|Kyogre, L50|100/100\n|-ability|p1b: Kyurem|Turboblaze\n|-weather|RainDance|[from] ability: Drizzle|[of] p2b: Kyogre\n|turn|1\n|\n|t:|1773417779\n|-terastallize|p2a: Tornadus|Steel\n|move|p2b: Kyogre|Protect|p2b: Kyogre\n|-singleturn|p2b: Kyogre|Protect\n|move|p2a: Tornadus|Taunt|p1a: Whimsicott\n|-start|p1a: Whimsicott|move: Taunt\n|move|p1b: Kyurem|Blizzard|p2a: Tornadus|[spread] p2a\n|-activate|p2b: Kyogre|move: Protect\n|-resisted|p2a: Tornadus\n|-damage|p2a: Tornadus|68/100\n|cant|p1a: Whimsicott|move: Taunt|Trick Room\n|\n|-weather|RainDance|[upkeep]\n|upkeep\n|turn|2\n|\n|t:|1773417794\n|move|p2a: Tornadus|Bleakwind Storm|p1b: Kyurem|[spread] p1a,p1b\n|-supereffective|p1a: Whimsicott\n|-enditem|p1a: Whimsicott|Focus Sash\n|-damage|p1a: Whimsicott|1/100\n|-damage|p1b: Kyurem|78/100\n|move|p1a: Whimsicott|Energy Ball|p2b: Kyogre\n|-supereffective|p2b: Kyogre\n|-damage|p2b: Kyogre|56/100\n|move|p1b: Kyurem|Freeze-Dry|p2b: Kyogre\n|-supereffective|p2b: Kyogre\n|-damage|p2b: Kyogre|0 fnt\n|faint|p2b: Kyogre\n|\n|-weather|RainDance|[upkeep]\n|upkeep\n|\n|t:|1773417803\n|switch|p2b: Chien-Pao|Chien-Pao, L50|100/100\n|-ability|p2b: Chien-Pao|Sword of Ruin\n|turn|3\n|\n|t:|1773417816\n|switch|p1a: Groudon|Groudon, L50|100/100\n|-weather|SunnyDay|[from] ability: Drought|[of] p1a: Groudon\n|move|p2b: Chien-Pao|Sacred Sword|p1b: Kyurem\n|-supereffective|p1b: Kyurem\n|-damage|p1b: Kyurem|0 fnt\n|faint|p1b: Kyurem\n|-damage|p2b: Chien-Pao|91/100|[from] item: Life Orb\n|move|p2a: Tornadus|Bleakwind Storm|p1a: Groudon\n|-damage|p1a: Groudon|75/100\n|\n|-weather|SunnyDay|[upkeep]\n|upkeep\n|\n|t:|1773417829\n|switch|p1b: Whimsicott|Whimsicott, L50, M|1/100\n|turn|4\n|\n|t:|1773417839\n|-terastallize|p1a: Groudon|Water\n|move|p2a: Tornadus|Taunt|p1b: Whimsicott\n|-start|p1b: Whimsicott|move: Taunt\n|cant|p1b: Whimsicott|move: Taunt|Tailwind\n|move|p2b: Chien-Pao|Ice Spinner|p1a: Groudon\n|-resisted|p1a: Groudon\n|-damage|p1a: Groudon|53/100\n|-damage|p2b: Chien-Pao|81/100|[from] item: Life Orb\n|move|p1a: Groudon|Heat Crash|p2b: Chien-Pao\n|-supereffective|p2b: Chien-Pao\n|-damage|p2b: Chien-Pao|0 fnt\n|faint|p2b: Chien-Pao\n|\n|-weather|SunnyDay|[upkeep]\n|upkeep\n|\n|t:|1773417843\n|switch|p2b: Urshifu|Urshifu-Rapid-Strike, L50, F|100/100\n|turn|5\n|\n|t:|1773417866\n|move|p2b: Urshifu|Close Combat|p1a: Groudon\n|-damage|p1a: Groudon|4/100\n|-unboost|p2b: Urshifu|def|1\n|-unboost|p2b: Urshifu|spd|1\n|move|p2a: Tornadus|Bleakwind Storm|p1b: Whimsicott|[spread] p1a,p1b\n|-supereffective|p1b: Whimsicott\n|-damage|p1a: Groudon|0 fnt\n|-damage|p1b: Whimsicott|0 fnt\n|faint|p1a: Groudon\n|faint|p1b: Whimsicott\n|\n|-weather|SunnyDay|[upkeep]\n|upkeep\n|\n|t:|1773417877\n|switch|p1b: Ditto|Ditto, L50|100/100\n|-transform|p1b: Ditto|p2a: Tornadus|[from] ability: Imposter\n|-start|p1b: Ditto|typechange|Flying|[silent]\n|turn|6\n|\n|t:|1773417893\n|move|p2a: Tornadus|Tailwind|p2a: Tornadus\n|-sidestart|p2: Isuckatthishaha|move: Tailwind\n|move|p2b: Urshifu|Close Combat|p1b: Ditto\n|-resisted|p1b: Ditto\n|-damage|p1b: Ditto|54/100\n|-unboost|p2b: Urshifu|def|1\n|-unboost|p2b: Urshifu|spd|1\n|move|p1b: Ditto|Bleakwind Storm|p2a: Tornadus|[spread] p2a,p2b\n|-resisted|p2a: Tornadus\n|-supereffective|p2b: Urshifu\n|-damage|p2a: Tornadus|50/100\n|-damage|p2b: Urshifu|0 fnt\n|faint|p2b: Urshifu\n|\n|-weather|SunnyDay|[upkeep]\n|upkeep\n|turn|7\n|\n|t:|1773417908\n|move|p2a: Tornadus|Bleakwind Storm|p1b: Ditto\n|-crit|p1b: Ditto\n|-damage|p1b: Ditto|0 fnt\n|faint|p1b: Ditto\n|\n|win|Isuckatthishaha\n|raw|I\u2764\ufe0f\u5a1c\u7984forever's rating: 1370 &rarr; <strong>1347</strong><br />(-23 for losing)\n|raw|Isuckatthishaha's rating: 1314 &rarr; <strong>1337</strong><br />(+23 for winning)\n|l|\u2606I\u2764\ufe0f\u5a1c\u7984forever\n|player|p1|\n|l|\u203dIsuckatthishaha\n|player|p2|\n","uploadtime":1773418161,"views":14,"formatid":"gen9vgc2026regi","rating":1337,"private":0,"password":null}