{"id":"gen9vgc2026regi-2543479678","format":"[Gen 9] VGC 2026 Reg I","players":["Wumu&Ida312","blackred123"],"log":"|j|\u2606Wumu&Ida312\n|j|\u2606blackred123\n|t:|1771581098\n|gametype|doubles\n|player|p1|Wumu&Ida312|lillie-z|1366\n|player|p2|blackred123|iono-masters|1311\n|gen|9\n|tier|[Gen 9] VGC 2026 Reg I\n|rated|\n|rule|Species Clause: Limit one of each Pok\u00e9mon\n|rule|Item Clause: Limit 1 of each item\n|clearpoke\n|poke|p1|Calyrex-Shadow, L50|\n|poke|p1|Zamazenta-*, L50|\n|poke|p1|Chien-Pao, L50|\n|poke|p1|Dragonite, L50, M|\n|poke|p1|Amoonguss, L50, M|\n|poke|p1|Ogerpon-Cornerstone, L50, F|\n|poke|p2|Miraidon, L50|\n|poke|p2|Groudon, L50|\n|poke|p2|Farigiraf, L50, F|\n|poke|p2|Ogerpon-Hearthflame, L50, F|\n|poke|p2|Iron Hands, L50|\n|poke|p2|Jumpluff, L50, F|\n|teampreview|4\n|inactive|Battle timer is ON: inactive players will automatically lose when time's up. (requested by blackred123)\n|\n|t:|1771581117\n|teamsize|p1|4\n|teamsize|p2|4\n|start\n|switch|p1a: Zamazenta|Zamazenta-Crowned, L50|100/100\n|switch|p1b: Chien-Pao|Chien-Pao, L50|100/100\n|switch|p2a: P\u56fa\u771f\u5927|Groudon, L50, shiny|100/100\n|switch|p2b: \u5f3a\u6bfd\u5c0f\u5b50|Jumpluff, L50, F, shiny|100/100\n|-ability|p1b: Chien-Pao|Sword of Ruin\n|-ability|p1a: Zamazenta|Dauntless Shield|boost\n|-boost|p1a: Zamazenta|def|1\n|-weather|SunnyDay|[from] ability: Drought|[of] p2a: P\u56fa\u771f\u5927\n|turn|1\n|\n|t:|1771581138\n|-terastallize|p2a: P\u56fa\u771f\u5927|Fire\n|move|p1a: Zamazenta|Wide Guard|p1a: Zamazenta\n|-singleturn|p1a: Zamazenta|Wide Guard\n|move|p2b: \u5f3a\u6bfd\u5c0f\u5b50|Fling|p1b: Chien-Pao\n|-resisted|p1b: Chien-Pao\n|-damage|p1b: Chien-Pao|98/100\n|-enditem|p2b: \u5f3a\u6bfd\u5c0f\u5b50|King's Rock|[from] move: Fling\n|cant|p1b: Chien-Pao|flinch\n|move|p2a: P\u56fa\u771f\u5927|Precipice Blades|p1b: Chien-Pao|[spread] \n|-activate|p1a: Zamazenta|move: Wide Guard\n|-activate|p1b: Chien-Pao|move: Wide Guard\n|\n|-weather|SunnyDay|[upkeep]\n|upkeep\n|turn|2\n|\n|t:|1771581162\n|move|p1b: Chien-Pao|Sucker Punch|p2a: P\u56fa\u771f\u5927\n|-damage|p2a: P\u56fa\u771f\u5927|76/100\n|move|p2b: \u5f3a\u6bfd\u5c0f\u5b50|Tailwind|p2b: \u5f3a\u6bfd\u5c0f\u5b50\n|-sidestart|p2: blackred123|move: Tailwind\n|move|p2a: P\u56fa\u771f\u5927|Precipice Blades|p1b: Chien-Pao|[spread] p1a,p1b\n|-supereffective|p1a: Zamazenta\n|-damage|p1a: Zamazenta|13/100\n|-damage|p1b: Chien-Pao|8/100\n|move|p1a: Zamazenta|Body Press|p2a: P\u56fa\u771f\u5927\n|-damage|p2a: P\u56fa\u771f\u5927|11/100\n|\n|-weather|SunnyDay|[upkeep]\n|upkeep\n|turn|3\n|\n|t:|1771581181\n|switch|p2a: \u94f6\u91d1\u5996\u86c7|Miraidon, L50, shiny|100/100\n|-fieldstart|move: Electric Terrain|[from] ability: Hadron Engine|[of] p2a: \u94f6\u91d1\u5996\u86c7\n|move|p1a: Zamazenta|Wide Guard|p1a: Zamazenta\n|-singleturn|p1a: Zamazenta|Wide Guard\n|move|p2b: \u5f3a\u6bfd\u5c0f\u5b50|Pollen Puff|p1b: Chien-Pao\n|-supereffective|p1b: Chien-Pao\n|-damage|p1b: Chien-Pao|0 fnt\n|faint|p1b: Chien-Pao\n|\n|-weather|SunnyDay|[upkeep]\n|upkeep\n|\n|t:|1771581190\n|switch|p1b: Calyrex|Calyrex-Shadow, L50|100/100\n|-ability|p1b: Calyrex|As One\n|-ability|p1b: Calyrex|Unnerve\n|turn|4\n|\n|t:|1771581212\n|move|p1b: Calyrex|Protect|p1b: Calyrex\n|-singleturn|p1b: Calyrex|Protect\n|move|p1a: Zamazenta|Protect|p1a: Zamazenta\n|-singleturn|p1a: Zamazenta|Protect\n|move|p2b: \u5f3a\u6bfd\u5c0f\u5b50|Pollen Puff|p1b: Calyrex\n|-activate|p1b: Calyrex|move: Protect\n|move|p2a: \u94f6\u91d1\u5996\u86c7|Volt Switch|p1a: Zamazenta\n|-activate|p1a: Zamazenta|move: Protect\n|\n|-weather|SunnyDay|[upkeep]\n|upkeep\n|turn|5\n|\n|t:|1771581230\n|switch|p1a: Ogerpon|Ogerpon-Cornerstone, L50, F|100/100\n|-terastallize|p1b: Calyrex|Ghost\n|move|p2b: \u5f3a\u6bfd\u5c0f\u5b50|Pollen Puff|p1b: Calyrex\n|-resisted|p1b: Calyrex\n|-damage|p1b: Calyrex|94/100\n|move|p2a: \u94f6\u91d1\u5996\u86c7|Volt Switch|p1b: Calyrex\n|-damage|p1b: Calyrex|0 fnt\n|faint|p1b: Calyrex\n|-message|Wumu&Ida312 forfeited.\n|\n|win|blackred123\n|raw|Wumu&amp;Ida312's rating: 1366 &rarr; <strong>1343</strong><br />(-23 for losing)\n|raw|blackred123's rating: 1311 &rarr; <strong>1334</strong><br />(+23 for winning)\n|l|\u2606Wumu&Ida312\n|player|p1|\n","uploadtime":1771581399,"views":15,"formatid":"gen9vgc2026regi","rating":1334,"private":0,"password":null}