{"id":"gen9vgc2026regi-2520005609","format":"[Gen 9] VGC 2026 Reg I","players":["ky123456","Luh_simoes-04"],"log":"|j|\u2606ky123456\n|j|\u2606Luh_simoes-04\n|t:|1768579320\n|gametype|doubles\n|player|p1|ky123456|cynthia-gen4|1390\n|player|p2|Luh_simoes-04|drayden|1355\n|gen|9\n|tier|[Gen 9] VGC 2026 Reg I\n|rated|\n|rule|Species Clause: Limit one of each Pok\u00e9mon\n|rule|Item Clause: Limit 1 of each item\n|clearpoke\n|poke|p1|Koraidon, L50|\n|poke|p1|Calyrex-Ice, L50|\n|poke|p1|Incineroar, L50, F|\n|poke|p1|Smeargle, L50, F|\n|poke|p1|Rillaboom, L50, M|\n|poke|p1|Landorus, L50, M|\n|poke|p2|Calyrex-Ice, L50|\n|poke|p2|Lunala, L50|\n|poke|p2|Chi-Yu, L50|\n|poke|p2|Indeedee-F, L50, F|\n|poke|p2|Urshifu-*, L50, M|\n|poke|p2|Iron Valiant, L50|\n|teampreview|4\n|inactive|Battle timer is ON: inactive players will automatically lose when time's up. (requested by Luh_simoes-04)\n|\n|t:|1768579338\n|teamsize|p1|4\n|teamsize|p2|4\n|start\n|switch|p1a: Calyrex|Calyrex-Ice, L50|100/100\n|switch|p1b: Smeargle|Smeargle, L50, F|100/100\n|switch|p2a: Iron Valiant|Iron Valiant, L50|100/100\n|switch|p2b: Lunala|Lunala, L50|100/100\n|-ability|p1a: Calyrex|As One\n|-ability|p1a: Calyrex|Unnerve\n|-enditem|p2a: Iron Valiant|Booster Energy\n|-activate|p2a: Iron Valiant|ability: Quark Drive|[fromitem]\n|-start|p2a: Iron Valiant|quarkdrivespe\n|turn|1\n|\n|t:|1768579352\n|-terastallize|p1a: Calyrex|Fairy\n|move|p2a: Iron Valiant|Taunt|p1b: Smeargle\n|-start|p1b: Smeargle|move: Taunt\n|cant|p1b: Smeargle|move: Taunt|Spore\n|move|p2b: Lunala|Meteor Beam||[still]\n|-prepare|p2b: Lunala|Meteor Beam\n|-boost|p2b: Lunala|spa|1\n|-enditem|p2b: Lunala|Power Herb\n|-anim|p2b: Lunala|Meteor Beam|p1a: Calyrex\n|-damage|p1a: Calyrex|59/100\n|move|p1a: Calyrex|Leech Seed|p2b: Lunala\n|-start|p2b: Lunala|move: Leech Seed\n|\n|-heal|p1a: Calyrex|65/100|[from] item: Leftovers\n|-damage|p2b: Lunala|88/100|[from] Leech Seed|[of] p1a: Calyrex\n|-heal|p1a: Calyrex|80/100|[silent]\n|-ability|p1b: Smeargle|Moody|boost\n|-boost|p1b: Smeargle|atk|2\n|-unboost|p1b: Smeargle|spe|1\n|upkeep\n|turn|2\n|\n|t:|1768579372\n|switch|p1b: Incineroar|Incineroar, L50, F|100/100\n|-ability|p1b: Incineroar|Intimidate|boost\n|-unboost|p2a: Iron Valiant|atk|1\n|-unboost|p2b: Lunala|atk|1\n|move|p2a: Iron Valiant|Coaching|p2b: Lunala\n|-boost|p2b: Lunala|atk|1\n|-boost|p2b: Lunala|def|1\n|move|p2b: Lunala|Moongeist Beam|p1a: Calyrex\n|-damage|p1a: Calyrex|25/100\n|move|p1a: Calyrex|Glacial Lance|p2a: Iron Valiant|[spread] p2a,p2b\n|-damage|p2a: Iron Valiant|38/100\n|-damage|p2b: Lunala|59/100\n|\n|-heal|p1a: Calyrex|30/100|[from] item: Leftovers\n|-damage|p2b: Lunala|46/100|[from] Leech Seed|[of] p1a: Calyrex\n|-heal|p1a: Calyrex|45/100|[silent]\n|upkeep\n|turn|3\n|inactive|ky123456 has 30 seconds left.\n|\n|t:|1768579399\n|-terastallize|p2b: Lunala|Fairy\n|move|p1a: Calyrex|Protect|p1a: Calyrex\n|-singleturn|p1a: Calyrex|Protect\n|move|p2a: Iron Valiant|Wide Guard|p2a: Iron Valiant\n|-singleturn|p2a: Iron Valiant|Wide Guard\n|move|p1b: Incineroar|Knock Off|p2b: Lunala\n|-resisted|p2b: Lunala\n|-damage|p2b: Lunala|40/100\n|move|p2b: Lunala|Trick Room|p2b: Lunala\n|-fieldstart|move: Trick Room|[of] p2b: Lunala\n|\n|-heal|p1a: Calyrex|51/100|[from] item: Leftovers\n|-damage|p2b: Lunala|28/100|[from] Leech Seed|[of] p1a: Calyrex\n|-heal|p1a: Calyrex|65/100|[silent]\n|upkeep\n|turn|4\n|inactive|ky123456 has 30 seconds left.\n|inactive|ky123456 has 20 seconds left.\n|inactive|ky123456 has 15 seconds left.\n|\n|t:|1768579440\n|move|p2a: Iron Valiant|Wide Guard|p2a: Iron Valiant\n|-singleturn|p2a: Iron Valiant|Wide Guard\n|move|p1a: Calyrex|Leech Seed|p2a: Iron Valiant\n|-start|p2a: Iron Valiant|move: Leech Seed\n|move|p1b: Incineroar|Parting Shot|p2b: Lunala\n|-unboost|p2b: Lunala|atk|1\n|-unboost|p2b: Lunala|spa|1\n|\n|t:|1768579445\n|switch|p1b: Smeargle|Smeargle, L50, F|100/100|[from] Parting Shot\n|move|p2b: Lunala|Moongeist Beam|p1a: Calyrex\n|-damage|p1a: Calyrex|32/100\n|\n|-heal|p1a: Calyrex|38/100|[from] item: Leftovers\n|-damage|p2b: Lunala|15/100|[from] Leech Seed|[of] p1a: Calyrex\n|-heal|p1a: Calyrex|52/100|[silent]\n|-damage|p2a: Iron Valiant|26/100|[from] Leech Seed|[of] p1a: Calyrex\n|-heal|p1a: Calyrex|62/100|[silent]\n|-ability|p1b: Smeargle|Moody|boost\n|-boost|p1b: Smeargle|spd|2\n|-unboost|p1b: Smeargle|atk|1\n|upkeep\n|turn|5\n|\n|t:|1768579469\n|move|p2b: Lunala|Wide Guard|p2b: Lunala\n|-singleturn|p2b: Lunala|Wide Guard\n|move|p1b: Smeargle|Spore|p2a: Iron Valiant\n|-status|p2a: Iron Valiant|slp|[from] move: Spore\n|cant|p2a: Iron Valiant|slp\n|move|p1a: Calyrex|Trick Room|p1a: Calyrex\n|-fieldend|move: Trick Room\n|\n|-heal|p1a: Calyrex|68/100|[from] item: Leftovers\n|-damage|p2a: Iron Valiant|14/100 slp|[from] Leech Seed|[of] p1a: Calyrex\n|-heal|p1a: Calyrex|77/100|[silent]\n|-damage|p2b: Lunala|3/100|[from] Leech Seed|[of] p1a: Calyrex\n|-heal|p1a: Calyrex|92/100|[silent]\n|-ability|p1b: Smeargle|Moody|boost\n|-boost|p1b: Smeargle|atk|2\n|-unboost|p1b: Smeargle|spe|1\n|upkeep\n|turn|6\n|\n|t:|1768579483\n|cant|p2a: Iron Valiant|slp\n|move|p1b: Smeargle|Spore|p2b: Lunala\n|-status|p2b: Lunala|slp|[from] move: Spore\n|move|p1a: Calyrex|Glacial Lance|p2a: Iron Valiant|[spread] p2a,p2b\n|-damage|p2a: Iron Valiant|0 fnt\n|-damage|p2b: Lunala|0 fnt\n|faint|p2a: Iron Valiant\n|-end|p2a: Iron Valiant|Quark Drive|[silent]\n|faint|p2b: Lunala\n|-ability|p1a: Calyrex|Chilling Neigh|boost\n|-boost|p1a: Calyrex|atk|2\n|\n|-heal|p1a: Calyrex|98/100|[from] item: Leftovers\n|-ability|p1b: Smeargle|Moody|boost\n|-boost|p1b: Smeargle|spe|2\n|-unboost|p1b: Smeargle|spa|1\n|upkeep\n|\n|t:|1768579486\n|switch|p2a: Calyrex|Calyrex-Ice, L50|100/100\n|switch|p2b: Urshifu|Urshifu, L50, M|100/100\n|-ability|p2a: Calyrex|As One\n|-ability|p2a: Calyrex|Unnerve\n|turn|7\n|-message|Luh_simoes-04 forfeited.\n|\n|win|ky123456\n|raw|ky123456's rating: 1390 &rarr; <strong>1408</strong><br />(+18 for winning)\n|raw|Luh_simoes-04's rating: 1355 &rarr; <strong>1337</strong><br />(-18 for losing)\n|l|\u2606ky123456\n|player|p1|\n|l|\u2606Luh_simoes-04\n|player|p2|\n","uploadtime":1768579725,"views":19,"formatid":"gen9vgc2026regi","rating":1337,"private":0,"password":null}