{"id":"gen9vgc2026regi-2578820308","format":"[Gen 9] VGC 2026 Reg I","players":["rkmu","Simon0123"],"log":"|j|\u2606rkmu\n|j|\u2606Simon0123\n|t:|1775723045\n|gametype|doubles\n|player|p1|rkmu|lucas|1406\n|player|p2|Simon0123|benga|1309\n|gen|9\n|tier|[Gen 9] VGC 2026 Reg I\n|rated|\n|rule|Species Clause: Limit one of each Pok\u00e9mon\n|rule|Item Clause: Limit 1 of each item\n|clearpoke\n|poke|p1|Incineroar, L50, F|\n|poke|p1|Tyranitar, L50, F|\n|poke|p1|Zamazenta-*, L50|\n|poke|p1|Amoonguss, L50, M|\n|poke|p1|Calyrex-Shadow, L50|\n|poke|p1|Araquanid, L50, F|\n|poke|p2|Kyogre, L50|\n|poke|p2|Calyrex-Ice, L50|\n|poke|p2|Indeedee-F, L50, F|\n|poke|p2|Farigiraf, L50, F|\n|poke|p2|Ursaluna, L50, M|\n|poke|p2|Amoonguss, L50, M|\n|teampreview|4\n|inactive|Battle timer is ON: inactive players will automatically lose when time's up. (requested by Simon0123)\n|inactive|Simon0123 has 60 seconds left.\n|\n|t:|1775723102\n|teamsize|p1|4\n|teamsize|p2|4\n|start\n|switch|p1a: Tyranitar|Tyranitar, L50, F|100/100\n|switch|p1b: Araquanid|Araquanid, L50, F, shiny|100/100\n|switch|p2a: Farigiraf|Farigiraf, L50, F, shiny|100/100\n|switch|p2b: Ursaluna|Ursaluna, L50, M, shiny|100/100\n|-weather|Sandstorm|[from] ability: Sand Stream|[of] p1a: Tyranitar\n|turn|1\n|\n|t:|1775723122\n|-terastallize|p1a: Tyranitar|Flying\n|move|p2b: Ursaluna|Protect|p2b: Ursaluna\n|-singleturn|p2b: Ursaluna|Protect\n|move|p1a: Tyranitar|Knock Off|p2a: Farigiraf\n|-supereffective|p2a: Farigiraf\n|-damage|p2a: Farigiraf|8/100\n|-enditem|p2a: Farigiraf|Safety Goggles|[from] move: Knock Off|[of] p1a: Tyranitar\n|move|p1b: Araquanid|Liquidation|p2b: Ursaluna\n|-activate|p2b: Ursaluna|move: Protect\n|move|p2a: Farigiraf|Trick Room|p2a: Farigiraf\n|-fieldstart|move: Trick Room|[of] p2a: Farigiraf\n|\n|-weather|Sandstorm|[upkeep]\n|-damage|p1b: Araquanid|95/100|[from] Sandstorm\n|-damage|p2a: Farigiraf|2/100|[from] Sandstorm\n|-damage|p1a: Tyranitar|95/100|[from] Sandstorm\n|-status|p2b: Ursaluna|brn|[from] item: Flame Orb\n|upkeep\n|turn|2\n|inactive|Simon0123 has 30 seconds left.\n|\n|t:|1775723156\n|-terastallize|p2b: Ursaluna|Ghost\n|move|p1b: Araquanid|Liquidation|p2b: Ursaluna\n|-damage|p2b: Ursaluna|55/100 brn\n|move|p2b: Ursaluna|Facade|p1b: Araquanid\n|-damage|p1b: Araquanid|0 fnt\n|faint|p1b: Araquanid\n|move|p2a: Farigiraf|Hyper Voice|p1a: Tyranitar\n|-damage|p1a: Tyranitar|71/100\n|move|p1a: Tyranitar|Rock Slide|p2a: Farigiraf|[spread] p2a,p2b\n|-damage|p2a: Farigiraf|0 fnt\n|-damage|p2b: Ursaluna|30/100 brn\n|faint|p2a: Farigiraf\n|\n|-weather|Sandstorm|[upkeep]\n|-damage|p2b: Ursaluna|24/100 brn|[from] Sandstorm\n|-damage|p1a: Tyranitar|65/100|[from] Sandstorm\n|-damage|p2b: Ursaluna|18/100 brn|[from] brn\n|upkeep\n|\n|t:|1775723174\n|switch|p1b: Zamazenta|Zamazenta-Crowned, L50|100/100\n|switch|p2a: Amoonguss|Amoonguss, L50, M, shiny|100/100\n|-ability|p1b: Zamazenta|Dauntless Shield|boost\n|-boost|p1b: Zamazenta|def|1\n|turn|3\n|inactive|rkmu has 30 seconds left.\n|\n|t:|1775723199\n|move|p1b: Zamazenta|Protect|p1b: Zamazenta\n|-singleturn|p1b: Zamazenta|Protect\n|move|p2a: Amoonguss|Spore|p1b: Zamazenta\n|-activate|p1b: Zamazenta|move: Protect\n|move|p2b: Ursaluna|Facade|p1a: Tyranitar\n|-damage|p1a: Tyranitar|0 fnt\n|faint|p1a: Tyranitar\n|\n|-weather|Sandstorm|[upkeep]\n|-damage|p2a: Amoonguss|95/100|[from] Sandstorm\n|-damage|p2b: Ursaluna|12/100 brn|[from] Sandstorm\n|-damage|p2b: Ursaluna|6/100 brn|[from] brn\n|upkeep\n|\n|t:|1775723211\n|switch|p1a: Calyrex|Calyrex-Shadow, L50|100/100\n|-ability|p1a: Calyrex|As One\n|-ability|p1a: Calyrex|Unnerve\n|turn|4\n|\n|t:|1775723227\n|move|p1b: Zamazenta|Protect||[still]\n|-fail|p1b: Zamazenta\n|move|p1a: Calyrex|Protect|p1a: Calyrex\n|-singleturn|p1a: Calyrex|Protect\n|move|p2a: Amoonguss|Spore|p1b: Zamazenta\n|-status|p1b: Zamazenta|slp|[from] move: Spore\n|move|p2b: Ursaluna|Throat Chop|p1a: Calyrex\n|-activate|p1a: Calyrex|move: Protect\n|\n|-weather|Sandstorm|[upkeep]\n|-damage|p2a: Amoonguss|89/100|[from] Sandstorm\n|-damage|p2b: Ursaluna|0 fnt|[from] Sandstorm\n|-damage|p1a: Calyrex|95/100|[from] Sandstorm\n|faint|p2b: Ursaluna\n|upkeep\n|\n|t:|1775723232\n|switch|p2b: Kyogre|Kyogre, L50, shiny|100/100\n|-weather|RainDance|[from] ability: Drizzle|[of] p2b: Kyogre\n|turn|5\n|\n|t:|1775723248\n|cant|p1b: Zamazenta|slp\n|move|p2a: Amoonguss|Spore|p1a: Calyrex\n|-status|p1a: Calyrex|slp|[from] move: Spore\n|move|p2b: Kyogre|Water Spout|p1b: Zamazenta|[spread] p1a,p1b\n|-damage|p1a: Calyrex|0 fnt\n|-damage|p1b: Zamazenta|0 fnt\n|faint|p1a: Calyrex\n|faint|p1b: Zamazenta\n|\n|win|Simon0123\n|raw|rkmu's rating: 1406 &rarr; <strong>1381</strong><br />(-25 for losing)\n|raw|Simon0123's rating: 1309 &rarr; <strong>1334</strong><br />(+25 for winning)\n|l|\u2606rkmu\n|player|p1|\n|l|\u2606Simon0123\n|player|p2|\n","uploadtime":1775723395,"views":8,"formatid":"gen9vgc2026regi","rating":1334,"private":0,"password":null}