{"id":"gen9vgc2026regi-2569340835","format":"[Gen 9] VGC 2026 Reg I","players":["Lambie73","TheNamesBetty"],"log":"|j|\u2606Lambie73\n|j|\u2606TheNamesBetty\n|t:|1774677019\n|gametype|doubles\n|player|p1|Lambie73|palmer|1319\n|player|p2|TheNamesBetty|koga|1335\n|gen|9\n|tier|[Gen 9] VGC 2026 Reg I\n|rated|\n|rule|Species Clause: Limit one of each Pok\u00e9mon\n|rule|Item Clause: Limit 1 of each item\n|clearpoke\n|poke|p1|Miraidon, L50|\n|poke|p1|Lunala, L50|\n|poke|p1|Whimsicott, L50, F|\n|poke|p1|Urshifu-*, L50, M|\n|poke|p1|Incineroar, L50, F|\n|poke|p1|Ursaluna, L50, M|\n|poke|p2|Calyrex-Shadow, L50|\n|poke|p2|Koraidon, L50|\n|poke|p2|Rillaboom, L50, F|\n|poke|p2|Incineroar, L50, F|\n|poke|p2|Regieleki, L50|\n|poke|p2|Cramorant, L50, M|\n|teampreview|4\n|inactive|Battle timer is ON: inactive players will automatically lose when time's up. (requested by Lambie73)\n|\n|t:|1774677033\n|teamsize|p1|4\n|teamsize|p2|4\n|start\n|switch|p1a: Lunala|Lunala, L50|100/100\n|switch|p1b: Incineroar|Incineroar, L50, F|100/100\n|switch|p2a: Pt\u00e1ky Gd\u00e1ky|Cramorant, L50, M|100/100\n|switch|p2b: Koraidon|Koraidon, L50|100/100\n|-weather|SunnyDay|[from] ability: Orichalcum Pulse|[of] p2b: Koraidon\n|-activate|p2b: Koraidon|Orichalcum Pulse|[source]\n|-ability|p1b: Incineroar|Intimidate|boost\n|-unboost|p2a: Pt\u00e1ky Gd\u00e1ky|atk|1\n|-unboost|p2b: Koraidon|atk|1\n|turn|1\n|\n|t:|1774677062\n|move|p2b: Koraidon|Protect|p2b: Koraidon\n|-singleturn|p2b: Koraidon|Protect\n|move|p2a: Pt\u00e1ky Gd\u00e1ky|Throat Chop|p1a: Lunala\n|-supereffective|p1a: Lunala\n|-damage|p1a: Lunala|77/100\n|-start|p1a: Lunala|Throat Chop|[silent]\n|move|p1b: Incineroar|U-turn|p2a: Pt\u00e1ky Gd\u00e1ky\n|-resisted|p2a: Pt\u00e1ky Gd\u00e1ky\n|-damage|p2a: Pt\u00e1ky Gd\u00e1ky|80/100\n|\n|t:|1774677069\n|switch|p1b: Ursaluna|Ursaluna, L50, M|100/100|[from] U-turn\n|move|p1a: Lunala|Trick Room|p1a: Lunala\n|-fieldstart|move: Trick Room|[of] p1a: Lunala\n|\n|-weather|SunnyDay|[upkeep]\n|-status|p1b: Ursaluna|brn|[from] item: Flame Orb\n|upkeep\n|turn|2\n|\n|t:|1774677084\n|switch|p2b: Rillaboom|Rillaboom, L50, F|100/100\n|-fieldstart|move: Grassy Terrain|[from] ability: Grassy Surge|[of] p2b: Rillaboom\n|move|p1b: Ursaluna|Facade|p2a: Pt\u00e1ky Gd\u00e1ky\n|-damage|p2a: Pt\u00e1ky Gd\u00e1ky|0 fnt\n|faint|p2a: Pt\u00e1ky Gd\u00e1ky\n|move|p1a: Lunala|Moonblast|p2b: Rillaboom\n|-damage|p2b: Rillaboom|79/100\n|-unboost|p2b: Rillaboom|spa|1\n|\n|-weather|SunnyDay|[upkeep]\n|-heal|p2b: Rillaboom|85/100|[from] Grassy Terrain\n|-heal|p1a: Lunala|83/100|[from] Grassy Terrain\n|-damage|p1b: Ursaluna|94/100 brn|[from] brn\n|-end|p1a: Lunala|Throat Chop|[silent]\n|upkeep\n|\n|t:|1774677097\n|switch|p2a: Calyrex|Calyrex-Shadow, L50|100/100\n|-ability|p2a: Calyrex|As One\n|-ability|p2a: Calyrex|Unnerve\n|turn|3\n|\n|t:|1774677122\n|-terastallize|p2a: Calyrex|Dark\n|move|p1b: Ursaluna|Protect|p1b: Ursaluna\n|-singleturn|p1b: Ursaluna|Protect\n|move|p2b: Rillaboom|Grassy Glide|p1b: Ursaluna\n|-activate|p1b: Ursaluna|move: Protect\n|move|p1a: Lunala|Moongeist Beam|p2a: Calyrex\n|-resisted|p2a: Calyrex\n|-damage|p2a: Calyrex|76/100\n|move|p2a: Calyrex|Astral Barrage|p1a: Lunala|[spread] p1a\n|-activate|p1b: Ursaluna|move: Protect\n|-supereffective|p1a: Lunala\n|-damage|p1a: Lunala|0 fnt\n|faint|p1a: Lunala\n|-ability|p2a: Calyrex|Grim Neigh|boost\n|-boost|p2a: Calyrex|spa|1\n|-damage|p2a: Calyrex|66/100|[from] item: Life Orb\n|\n|-weather|SunnyDay|[upkeep]\n|-heal|p1b: Ursaluna|100/100 brn|[from] Grassy Terrain\n|-heal|p2b: Rillaboom|91/100|[from] Grassy Terrain\n|-heal|p2a: Calyrex|72/100|[from] Grassy Terrain\n|-damage|p1b: Ursaluna|94/100 brn|[from] brn\n|upkeep\n|\n|t:|1774677144\n|switch|p1a: Incineroar|Incineroar, L50, F|100/100\n|-ability|p1a: Incineroar|Intimidate|boost\n|-unboost|p2a: Calyrex|atk|1\n|-unboost|p2b: Rillaboom|atk|1\n|turn|4\n|inactive|Lambie73 has 30 seconds left.\n|\n|t:|1774677170\n|switch|p2b: Koraidon|Koraidon, L50|100/100\n|-activate|p2b: Koraidon|ability: Orichalcum Pulse\n|-terastallize|p1b: Ursaluna|Ghost\n|move|p2a: Calyrex|Protect|p2a: Calyrex\n|-singleturn|p2a: Calyrex|Protect\n|move|p1a: Incineroar|Fake Out|p2a: Calyrex\n|-activate|p2a: Calyrex|move: Protect\n|move|p1b: Ursaluna|Facade|p2b: Koraidon\n|-damage|p2b: Koraidon|10/100\n|\n|-weather|SunnyDay|[upkeep]\n|-heal|p1b: Ursaluna|100/100 brn|[from] Grassy Terrain\n|-heal|p2b: Koraidon|16/100|[from] Grassy Terrain\n|-heal|p2a: Calyrex|78/100|[from] Grassy Terrain\n|-damage|p1b: Ursaluna|94/100 brn|[from] brn\n|upkeep\n|turn|5\n|inactive|TheNamesBetty has 30 seconds left.\n|\n|t:|1774677196\n|switch|p2a: Rillaboom|Rillaboom, L50, F|91/100\n|move|p2b: Koraidon|Protect|p2b: Koraidon\n|-singleturn|p2b: Koraidon|Protect\n|move|p1b: Ursaluna|Facade|p2a: Rillaboom\n|-damage|p2a: Rillaboom|0 fnt\n|faint|p2a: Rillaboom\n|move|p1a: Incineroar|Knock Off|p2b: Koraidon\n|-activate|p2b: Koraidon|move: Protect\n|\n|-weather|none\n|-heal|p1b: Ursaluna|100/100 brn|[from] Grassy Terrain\n|-heal|p2b: Koraidon|22/100|[from] Grassy Terrain\n|-damage|p1b: Ursaluna|94/100 brn|[from] brn\n|-fieldend|move: Trick Room\n|upkeep\n|\n|t:|1774677206\n|switch|p2a: Calyrex|Calyrex-Shadow, L50, tera:Dark|78/100\n|-ability|p2a: Calyrex|As One\n|-ability|p2a: Calyrex|Unnerve\n|turn|6\n|inactive|Lambie73 has 30 seconds left.\n|\n|t:|1774677236\n|switch|p1a: Miraidon|Miraidon, L50|100/100\n|-fieldstart|move: Electric Terrain|[from] ability: Hadron Engine|[of] p1a: Miraidon\n|move|p1b: Ursaluna|Protect|p1b: Ursaluna\n|-singleturn|p1b: Ursaluna|Protect\n|move|p2a: Calyrex|Astral Barrage|p1a: Miraidon|[spread] p1a\n|-activate|p1b: Ursaluna|move: Protect\n|-damage|p1a: Miraidon|39/100\n|-damage|p2a: Calyrex|69/100|[from] item: Life Orb\n|move|p2b: Koraidon|Collision Course|p1a: Miraidon\n|-damage|p1a: Miraidon|0 fnt\n|faint|p1a: Miraidon\n|\n|-damage|p1b: Ursaluna|88/100 brn|[from] brn\n|upkeep\n|\n|t:|1774677253\n|switch|p1a: Incineroar|Incineroar, L50, F|100/100\n|-ability|p1a: Incineroar|Intimidate|boost\n|-unboost|p2a: Calyrex|atk|1\n|-unboost|p2b: Koraidon|atk|1\n|turn|7\n|\n|t:|1774677274\n|move|p2a: Calyrex|Protect|p2a: Calyrex\n|-singleturn|p2a: Calyrex|Protect\n|move|p2b: Koraidon|Protect|p2b: Koraidon\n|-singleturn|p2b: Koraidon|Protect\n|move|p1a: Incineroar|Fake Out|p2b: Koraidon\n|-activate|p2b: Koraidon|move: Protect\n|move|p1b: Ursaluna|Facade|p2a: Calyrex\n|-activate|p2a: Calyrex|move: Protect\n|\n|-damage|p1b: Ursaluna|82/100 brn|[from] brn\n|upkeep\n|turn|8\n|inactive|Lambie73 has 30 seconds left.\n|\n|t:|1774677304\n|move|p1b: Ursaluna|Protect|p1b: Ursaluna\n|-singleturn|p1b: Ursaluna|Protect\n|move|p2a: Calyrex|Astral Barrage|p1a: Incineroar|[spread] p1a\n|-activate|p1b: Ursaluna|move: Protect\n|-resisted|p1a: Incineroar\n|-damage|p1a: Incineroar|81/100\n|-damage|p2a: Calyrex|59/100|[from] item: Life Orb\n|move|p2b: Koraidon|Collision Course|p1a: Incineroar\n|-supereffective|p1a: Incineroar\n|-damage|p1a: Incineroar|0 fnt\n|faint|p1a: Incineroar\n|\n|-damage|p1b: Ursaluna|76/100 brn|[from] brn\n|upkeep\n|turn|9\n|\n|t:|1774677320\n|move|p2a: Calyrex|Astral Barrage|p1b: Ursaluna\n|-supereffective|p1b: Ursaluna\n|-damage|p1b: Ursaluna|0 fnt\n|faint|p1b: Ursaluna\n|-damage|p2a: Calyrex|49/100|[from] item: Life Orb\n|\n|win|TheNamesBetty\n|raw|Lambie73's rating: 1319 &rarr; <strong>1300</strong><br />(-19 for losing)\n|raw|TheNamesBetty's rating: 1335 &rarr; <strong>1354</strong><br />(+19 for winning)\n|l|\u2606Lambie73\n|player|p1|\n","uploadtime":1774677332,"views":14,"formatid":"gen9vgc2026regi","rating":1300,"private":0,"password":null}