{"id":"gen9vgc2026regi-2563184335","format":"[Gen 9] VGC 2026 Reg I","players":["Jonen","iifwm"],"log":"|j|\u2606Jonen\n|j|\u2606iifwm\n|t:|1773999960\n|gametype|doubles\n|player|p1|Jonen|medium|1332\n|player|p2|iifwm|1|1404\n|gen|9\n|tier|[Gen 9] VGC 2026 Reg I\n|rated|\n|rule|Species Clause: Limit one of each Pok\u00e9mon\n|rule|Item Clause: Limit 1 of each item\n|clearpoke\n|poke|p1|Groudon, L50|\n|poke|p1|Lunala, L50|\n|poke|p1|Sableye, L50, F|\n|poke|p1|Chi-Yu, L50|\n|poke|p1|Rillaboom, L50, M|\n|poke|p1|Jumpluff, L50, M|\n|poke|p2|Koraidon, L50|\n|poke|p2|Calyrex-Shadow, L50|\n|poke|p2|Flutter Mane, L50|\n|poke|p2|Incineroar, L50, F|\n|poke|p2|Clefairy, L50, F|\n|poke|p2|Rillaboom, L50, F|\n|teampreview|4\n|\n|t:|1774000008\n|teamsize|p1|4\n|teamsize|p2|4\n|start\n|switch|p1a: Groudon|Groudon, L50|100/100\n|switch|p1b: Jumpluff|Jumpluff, L50, M|100/100\n|switch|p2a: Koraidon|Koraidon, L50|100/100\n|switch|p2b: Flutter Mane|Flutter Mane, L50|100/100\n|-weather|SunnyDay|[from] ability: Orichalcum Pulse|[of] p2a: Koraidon\n|-activate|p2b: Flutter Mane|ability: Protosynthesis\n|-start|p2b: Flutter Mane|protosynthesisspe\n|-activate|p2a: Koraidon|Orichalcum Pulse|[source]\n|turn|1\n|\n|t:|1774000022\n|move|p1b: Jumpluff|Sleep Powder|p2a: Koraidon\n|-status|p2a: Koraidon|slp|[from] move: Sleep Powder\n|move|p2b: Flutter Mane|Icy Wind|p1a: Groudon|[spread] p1a,p1b\n|-supereffective|p1a: Groudon\n|-supereffective|p1b: Jumpluff\n|-damage|p1a: Groudon|70/100\n|-damage|p1b: Jumpluff|35/100\n|-unboost|p1a: Groudon|spe|1\n|cant|p2a: Koraidon|slp\n|move|p1a: Groudon|Substitute|p1a: Groudon\n|-start|p1a: Groudon|Substitute\n|-damage|p1a: Groudon|45/100\n|\n|-weather|SunnyDay|[upkeep]\n|upkeep\n|turn|2\n|\n|t:|1774000037\n|-terastallize|p1a: Groudon|Fire\n|move|p1b: Jumpluff|Encore|p2b: Flutter Mane\n|-start|p2b: Flutter Mane|Encore\n|move|p2b: Flutter Mane|Icy Wind|p1b: Jumpluff|[spread] p1a,p1b\n|-resisted|p1a: Groudon\n|-activate|p1a: Groudon|move: Substitute|[damage]\n|-supereffective|p1b: Jumpluff\n|-damage|p1b: Jumpluff|0 fnt\n|faint|p1b: Jumpluff\n|cant|p2a: Koraidon|slp\n|move|p1a: Groudon|Precipice Blades|p2a: Koraidon|[spread] p2a,p2b\n|-damage|p2a: Koraidon|40/100 slp\n|-enditem|p2b: Flutter Mane|Focus Sash\n|-damage|p2b: Flutter Mane|1/100\n|-damage|p1a: Groudon|35/100|[from] item: Life Orb\n|\n|-weather|SunnyDay|[upkeep]\n|upkeep\n|\n|t:|1774000054\n|switch|p1b: Sableye|Sableye, L50, F|100/100\n|turn|3\n|\n|t:|1774000067\n|move|p1b: Sableye|Quash|p2a: Koraidon\n|-activate|p2a: Koraidon|move: Quash\n|move|p2b: Flutter Mane|Icy Wind|p1a: Groudon|[spread] p1a,p1b\n|-resisted|p1a: Groudon\n|-activate|p1a: Groudon|move: Substitute|[damage]\n|-damage|p1b: Sableye|76/100\n|-unboost|p1b: Sableye|spe|1\n|move|p1a: Groudon|Precipice Blades|p2a: Koraidon|[spread] p2a,p2b\n|-damage|p2a: Koraidon|0 fnt\n|-damage|p2b: Flutter Mane|0 fnt\n|faint|p2a: Koraidon\n|faint|p2b: Flutter Mane\n|-end|p2b: Flutter Mane|Protosynthesis|[silent]\n|-damage|p1a: Groudon|26/100|[from] item: Life Orb\n|\n|-weather|SunnyDay|[upkeep]\n|upkeep\n|\n|t:|1774000075\n|switch|p2b: Calyrex|Calyrex-Shadow, L50|100/100\n|switch|p2a: Incineroar|Incineroar, L50, F|100/100\n|-ability|p2b: Calyrex|As One\n|-ability|p2b: Calyrex|Unnerve\n|-ability|p2a: Incineroar|Intimidate|boost\n|-immune|p1a: Groudon\n|-unboost|p1b: Sableye|atk|1\n|turn|4\n|\n|t:|1774000098\n|-terastallize|p2b: Calyrex|Dark\n|move|p1b: Sableye|Gravity|p1b: Sableye\n|-fieldstart|move: Gravity\n|move|p2b: Calyrex|Astral Barrage|p1b: Sableye|[spread] p1a,p1b\n|-end|p1a: Groudon|Substitute\n|-damage|p1b: Sableye|0 fnt\n|faint|p1b: Sableye\n|-ability|p2b: Calyrex|Grim Neigh|boost\n|-boost|p2b: Calyrex|spa|1\n|-damage|p2b: Calyrex|91/100|[from] item: Life Orb\n|move|p1a: Groudon|Precipice Blades|p2b: Calyrex|[spread] p2a,p2b\n|-supereffective|p2a: Incineroar\n|-damage|p2a: Incineroar|0 fnt\n|-damage|p2b: Calyrex|5/100\n|faint|p2a: Incineroar\n|-damage|p1a: Groudon|16/100|[from] item: Life Orb\n|\n|-weather|SunnyDay|[upkeep]\n|upkeep\n|\n|t:|1774000111\n|switch|p1b: Lunala|Lunala, L50|100/100\n|turn|5\n|\n|t:|1774000116\n|move|p1b: Lunala|Protect|p1b: Lunala\n|-singleturn|p1b: Lunala|Protect\n|move|p2b: Calyrex|Psychic|p1a: Groudon\n|-damage|p1a: Groudon|0 fnt\n|faint|p1a: Groudon\n|-ability|p2b: Calyrex|Grim Neigh|boost\n|-boost|p2b: Calyrex|spa|1\n|-damage|p2b: Calyrex|0 fnt|[from] item: Life Orb\n|faint|p2b: Calyrex\n|\n|win|Jonen\n|raw|Jonen's rating: 1332 &rarr; <strong>1356</strong><br />(+24 for winning)\n|raw|iifwm's rating: 1404 &rarr; <strong>1380</strong><br />(-24 for losing)\n|l|\u2606iifwm\n|player|p2|\n|l|\u2606Jonen\n|player|p1|\n","uploadtime":1774000116,"views":10,"formatid":"gen9vgc2026regi","rating":1356,"private":0,"password":null}