{"id":"gen9vgc2026regi-2562613984","format":"[Gen 9] VGC 2026 Reg I","players":["moggyoh","CHR1SPHX"],"log":"|j|\u2606moggyoh\n|j|\u2606CHR1SPHX\n|t:|1773934872\n|gametype|doubles\n|player|p1|moggyoh|ethan|1318\n|player|p2|CHR1SPHX|hilbert|1316\n|gen|9\n|tier|[Gen 9] VGC 2026 Reg I\n|rated|\n|rule|Species Clause: Limit one of each Pok\u00e9mon\n|rule|Item Clause: Limit 1 of each item\n|clearpoke\n|poke|p1|Incineroar, L50, F|\n|poke|p1|Rillaboom, L50, F|\n|poke|p1|Miraidon, L50|\n|poke|p1|Grimmsnarl, L50, M|\n|poke|p1|Ogerpon-Wellspring, L50, F|\n|poke|p1|Lunala, L50|\n|poke|p2|Flutter Mane, L50|\n|poke|p2|Incineroar, L50, M|\n|poke|p2|Ursaluna-Bloodmoon, L50, M|\n|poke|p2|Amoonguss, L50, M|\n|poke|p2|Koraidon, L50|\n|poke|p2|Lunala, L50|\n|teampreview|4\n|inactive|Battle timer is ON: inactive players will automatically lose when time's up. (requested by CHR1SPHX)\nCHR1SPHX has agreed to open team sheets.\n|inactive|moggyoh has 60 seconds left.\n|inactive|CHR1SPHX has 60 seconds left.\n|inactive|moggyoh has 30 seconds left.\n|inactive|moggyoh has 20 seconds left.\n|inactive|moggyoh has 15 seconds left.\n|inactive|moggyoh has 10 seconds left.\n|inactive|moggyoh has 5 seconds left.\n|\n|t:|1773934959\n|teamsize|p1|4\n|teamsize|p2|4\n|start\n|switch|p1a: Miraidon|Miraidon, L50|100/100\n|switch|p1b: Ogerpon|Ogerpon-Wellspring, L50, F|100/100\n|switch|p2a: Incineroar|Incineroar, L50, M|100/100\n|switch|p2b: Koraidon|Koraidon, L50|100/100\n|-fieldstart|move: Electric Terrain|[from] ability: Hadron Engine|[of] p1a: Miraidon\n|-weather|SunnyDay|[from] ability: Orichalcum Pulse|[of] p2b: Koraidon\n|-activate|p2b: Koraidon|Orichalcum Pulse|[source]\n|-ability|p2a: Incineroar|Intimidate|boost\n|-unboost|p1a: Miraidon|atk|1\n|-unboost|p1b: Ogerpon|atk|1\n|turn|1\n|inactive|CHR1SPHX has 30 seconds left.\n|\n|t:|1773934994\n|switch|p1a: Incineroar|Incineroar, L50, F|100/100\n|-ability|p1a: Incineroar|Intimidate|boost\n|-unboost|p2a: Incineroar|atk|1\n|-fail|p2b: Koraidon|unboost|[from] item: Clear Amulet|[of] p2b: Koraidon\n|-terastallize|p2b: Koraidon|Fire\n|move|p1b: Ogerpon|Spiky Shield|p1b: Ogerpon\n|-singleturn|p1b: Ogerpon|move: Protect\n|move|p2a: Incineroar|Fake Out|p1b: Ogerpon\n|-activate|p1b: Ogerpon|move: Protect\n|-damage|p2a: Incineroar|88/100|[from] Spiky Shield|[of] p1b: Ogerpon\n|move|p2b: Koraidon|Flame Charge|p1b: Ogerpon\n|-activate|p1b: Ogerpon|move: Protect\n|-damage|p2b: Koraidon|88/100|[from] Spiky Shield|[of] p1b: Ogerpon\n|\n|-weather|SunnyDay|[upkeep]\n|upkeep\n|turn|2\n|inactive|moggyoh has 30 seconds left.\n|inactive|moggyoh has 20 seconds left.\n|inactive|moggyoh has 15 seconds left.\n|inactive|moggyoh has 10 seconds left.\n|inactive|moggyoh has 5 seconds left.\n|\n|t:|1773935049\n|move|p2b: Koraidon|Protect|p2b: Koraidon\n|-singleturn|p2b: Koraidon|Protect\n|move|p1b: Ogerpon|Ivy Cudgel|p2a: Incineroar|[anim] Ivy Cudgel Water\n|-supereffective|p2a: Incineroar\n|-crit|p2a: Incineroar\n|-damage|p2a: Incineroar|25/100\n|move|p1a: Incineroar|Knock Off|p2b: Koraidon\n|-activate|p2b: Koraidon|move: Protect\n|move|p2a: Incineroar|Parting Shot|p1b: Ogerpon\n|-unboost|p1b: Ogerpon|atk|1\n|-unboost|p1b: Ogerpon|spa|1\n|inactive|CHR1SPHX has 30 seconds left.\n|\n|t:|1773935075\n|switch|p2a: Flutter Mane|Flutter Mane, L50|100/100|[from] Parting Shot\n|-activate|p2a: Flutter Mane|ability: Protosynthesis\n|-start|p2a: Flutter Mane|protosynthesisspe\n|\n|-weather|SunnyDay|[upkeep]\n|upkeep\n|turn|3\n|inactive|moggyoh has 30 seconds left.\n|inactive|moggyoh has 20 seconds left.\n|inactive|moggyoh has 15 seconds left.\n|inactive|moggyoh has 10 seconds left.\n|\n|t:|1773935122\n|-terastallize|p1b: Ogerpon|Water\n|detailschange|p1b: Ogerpon|Ogerpon-Wellspring-Tera, L50, F, tera:Water\n|-ability|p1b: Ogerpon|Embody Aspect (Wellspring)|boost\n|-boost|p1b: Ogerpon|spd|1\n|move|p1b: Ogerpon|Follow Me|p1b: Ogerpon\n|-singleturn|p1b: Ogerpon|move: Follow Me\n|move|p2a: Flutter Mane|Dazzling Gleam|p1b: Ogerpon|[spread] p1a,p1b\n|-damage|p1a: Incineroar|72/100\n|-damage|p1b: Ogerpon|82/100\n|move|p2b: Koraidon|Collision Course|p1b: Ogerpon\n|-damage|p1b: Ogerpon|20/100\n|move|p1a: Incineroar|Knock Off|p2a: Flutter Mane\n|-damage|p2a: Flutter Mane|22/100\n|-enditem|p2a: Flutter Mane|Focus Sash|[from] move: Knock Off|[of] p1a: Incineroar\n|\n|-weather|SunnyDay|[upkeep]\n|upkeep\n|turn|4\n|inactive|moggyoh has 30 seconds left.\n|inactive|CHR1SPHX has 30 seconds left.\n|inactive|moggyoh has 20 seconds left.\n|inactive|moggyoh has 15 seconds left.\n|inactive|CHR1SPHX has 20 seconds left.\n|inactive|CHR1SPHX has 15 seconds left.\n|\n|t:|1773935169\n|move|p2a: Flutter Mane|Protect|p2a: Flutter Mane\n|-singleturn|p2a: Flutter Mane|Protect\n|move|p1b: Ogerpon|Spiky Shield|p1b: Ogerpon\n|-singleturn|p1b: Ogerpon|move: Protect\n|move|p2b: Koraidon|Collision Course|p1b: Ogerpon\n|-activate|p1b: Ogerpon|move: Protect\n|-damage|p2b: Koraidon|76/100|[from] Spiky Shield|[of] p1b: Ogerpon\n|move|p1a: Incineroar|Knock Off|p2a: Flutter Mane\n|-activate|p2a: Flutter Mane|move: Protect\n|\n|-weather|SunnyDay|[upkeep]\n|upkeep\n|turn|5\n|inactive|moggyoh has 30 seconds left.\n|\n|t:|1773935194\n|-end|p2a: Flutter Mane|Protosynthesis|[silent]\n|switch|p2a: Incineroar|Incineroar, L50, M|25/100\n|-ability|p2a: Incineroar|Intimidate|boost\n|-unboost|p1a: Incineroar|atk|1\n|-unboost|p1b: Ogerpon|atk|1\n|switch|p1b: Lunala|Lunala, L50|100/100\n|move|p2b: Koraidon|Collision Course|p1b: Lunala\n|-immune|p1b: Lunala\n|move|p1a: Incineroar|Knock Off|p2a: Incineroar\n|-resisted|p2a: Incineroar\n|-damage|p2a: Incineroar|13/100\n|-enditem|p2a: Incineroar|Safety Goggles|[from] move: Knock Off|[of] p1a: Incineroar\n|\n|-weather|none\n|-fieldend|move: Electric Terrain\n|upkeep\n|turn|6\n|inactive|moggyoh has 30 seconds left.\n|inactive|CHR1SPHX has 30 seconds left.\n|\n|t:|1773935224\n|switch|p1a: Ogerpon|Ogerpon-Wellspring-Tera, L50, F, tera:Water|20/100\n|-ability|p1a: Ogerpon|Embody Aspect (Wellspring)|boost\n|-boost|p1a: Ogerpon|spd|1\n|move|p2b: Koraidon|Flare Blitz|p1b: Lunala\n|-damage|p1b: Lunala|81/100\n|-damage|p2b: Koraidon|68/100|[from] Recoil\n|move|p1b: Lunala|Moonblast|p2a: Incineroar\n|-damage|p2a: Incineroar|0 fnt\n|faint|p2a: Incineroar\n|\n|-heal|p1b: Lunala|88/100|[from] item: Leftovers\n|upkeep\n|\n|t:|1773935237\n|switch|p2a: Flutter Mane|Flutter Mane, L50|22/100\n|turn|7\n|\n|t:|1773935253\n|switch|p1a: Incineroar|Incineroar, L50, F|72/100\n|-ability|p1a: Incineroar|Intimidate|boost\n|-unboost|p2a: Flutter Mane|atk|1\n|-fail|p2b: Koraidon|unboost|[from] item: Clear Amulet|[of] p2b: Koraidon\n|move|p1b: Lunala|Protect|p1b: Lunala\n|-singleturn|p1b: Lunala|Protect\n|move|p2a: Flutter Mane|Shadow Ball|p1b: Lunala\n|-activate|p1b: Lunala|move: Protect\n|move|p2b: Koraidon|Collision Course|p1a: Incineroar\n|-supereffective|p1a: Incineroar\n|-damage|p1a: Incineroar|0 fnt\n|-damage|p2b: Koraidon|52/100|[from] item: Rocky Helmet|[of] p1a: Incineroar\n|faint|p1a: Incineroar\n|\n|-heal|p1b: Lunala|94/100|[from] item: Leftovers\n|upkeep\n|\n|t:|1773935273\n|switch|p1a: Miraidon|Miraidon, L50|100/100\n|-fieldstart|move: Electric Terrain|[from] ability: Hadron Engine|[of] p1a: Miraidon\n|turn|8\n|\n|t:|1773935293\n|switch|p2b: Ursaluna|Ursaluna-Bloodmoon, L50, M|100/100\n|move|p2a: Flutter Mane|Protect|p2a: Flutter Mane\n|-singleturn|p2a: Flutter Mane|Protect\n|move|p1a: Miraidon|Volt Switch|p2a: Flutter Mane\n|-activate|p2a: Flutter Mane|move: Protect\n|move|p1b: Lunala|Moongeist Beam|p2b: Ursaluna\n|-immune|p2b: Ursaluna\n|\n|-heal|p1b: Lunala|99/100|[from] item: Leftovers\n|upkeep\n|turn|9\n|inactive|moggyoh has 30 seconds left.\n|inactive|CHR1SPHX has 30 seconds left.\n|\n|t:|1773935326\n|switch|p1a: Ogerpon|Ogerpon-Wellspring-Tera, L50, F, tera:Water|20/100\n|-ability|p1a: Ogerpon|Embody Aspect (Wellspring)|boost\n|-boost|p1a: Ogerpon|spd|1\n|-end|p2a: Flutter Mane|Protosynthesis|[silent]\n|switch|p2a: Koraidon|Koraidon, L50, tera:Fire|52/100\n|-weather|SunnyDay|[from] ability: Orichalcum Pulse|[of] p2a: Koraidon\n|-activate|p2a: Koraidon|Orichalcum Pulse|[source]\n|move|p1b: Lunala|Protect|p1b: Lunala\n|-singleturn|p1b: Lunala|Protect\n|move|p2b: Ursaluna|Hyper Voice|p1b: Lunala|[spread] p1a\n|-activate|p1b: Lunala|move: Protect\n|-damage|p1a: Ogerpon|0 fnt\n|faint|p1a: Ogerpon\n|detailschange|p1: Ogerpon|Ogerpon-Wellspring, L50, F|[silent]\n|-damage|p2b: Ursaluna|91/100|[from] item: Life Orb\n|\n|-weather|SunnyDay|[upkeep]\n|-heal|p1b: Lunala|100/100|[from] item: Leftovers\n|upkeep\n|\n|t:|1773935346\n|switch|p1a: Miraidon|Miraidon, L50|100/100\n|-activate|p1a: Miraidon|ability: Hadron Engine\n|turn|10\n|inactive|moggyoh has 30 seconds left.\n|\n|t:|1773935376\n|switch|p2b: Flutter Mane|Flutter Mane, L50|22/100\n|-activate|p2b: Flutter Mane|ability: Protosynthesis\n|-start|p2b: Flutter Mane|protosynthesisspe\n|move|p2a: Koraidon|Protect|p2a: Koraidon\n|-singleturn|p2a: Koraidon|Protect\n|move|p1a: Miraidon|Electro Drift|p2a: Koraidon\n|-activate|p2a: Koraidon|move: Protect\n|move|p1b: Lunala|Calm Mind|p1b: Lunala\n|-boost|p1b: Lunala|spa|1\n|-boost|p1b: Lunala|spd|1\n|\n|-weather|SunnyDay|[upkeep]\n|upkeep\n|turn|11\n|\n|t:|1773935398\n|move|p2b: Flutter Mane|Dazzling Gleam|p1b: Lunala|[spread] p1a,p1b\n|-supereffective|p1a: Miraidon\n|-damage|p1a: Miraidon|50/100\n|-damage|p1b: Lunala|92/100\n|move|p1a: Miraidon|Electro Drift|p2a: Koraidon\n|-damage|p2a: Koraidon|0 fnt\n|faint|p2a: Koraidon\n|move|p1b: Lunala|Moongeist Beam|p2b: Flutter Mane\n|-supereffective|p2b: Flutter Mane\n|-damage|p2b: Flutter Mane|0 fnt\n|faint|p2b: Flutter Mane\n|-end|p2b: Flutter Mane|Protosynthesis|[silent]\n|\n|-weather|SunnyDay|[upkeep]\n|-heal|p1b: Lunala|99/100|[from] item: Leftovers\n|upkeep\n|\n|t:|1773935406\n|switch|p2b: Ursaluna|Ursaluna-Bloodmoon, L50, M|91/100\n|turn|12\n|\n|t:|1773935422\n|move|p1b: Lunala|Protect|p1b: Lunala\n|-singleturn|p1b: Lunala|Protect\n|move|p1a: Miraidon|Electro Drift|p2b: Ursaluna\n|-immune|p2b: Ursaluna\n|move|p2b: Ursaluna|Hyper Voice|p1b: Lunala|[spread] p1a\n|-activate|p1b: Lunala|move: Protect\n|-damage|p1a: Miraidon|14/100\n|-damage|p2b: Ursaluna|81/100|[from] item: Life Orb\n|\n|-weather|SunnyDay|[upkeep]\n|-heal|p1b: Lunala|100/100|[from] item: Leftovers\n|-fieldend|move: Electric Terrain\n|upkeep\n|turn|13\n|\n|t:|1773935439\n|move|p1a: Miraidon|Electro Drift|p2b: Ursaluna\n|-immune|p2b: Ursaluna\n|move|p1b: Lunala|Calm Mind|p1b: Lunala\n|-boost|p1b: Lunala|spa|1\n|-boost|p1b: Lunala|spd|1\n|move|p2b: Ursaluna|Hyper Voice|p1a: Miraidon|[spread] p1a,p1b\n|-damage|p1a: Miraidon|0 fnt\n|-damage|p1b: Lunala|92/100\n|faint|p1a: Miraidon\n|-damage|p2b: Ursaluna|72/100|[from] item: Life Orb\n|\n|-weather|none\n|-heal|p1b: Lunala|99/100|[from] item: Leftovers\n|upkeep\n|turn|14\n|inactive|moggyoh has 30 seconds left.\n|\n|t:|1773935455\n|move|p1b: Lunala|Protect|p1b: Lunala\n|-singleturn|p1b: Lunala|Protect\n|move|p2b: Ursaluna|Blood Moon|p1b: Lunala\n|-activate|p1b: Lunala|move: Protect\n|\n|-heal|p1b: Lunala|100/100|[from] item: Leftovers\n|upkeep\n|turn|15\n|inactive|moggyoh has 30 seconds left this turn.\n|-message|CHR1SPHX forfeited.\n|\n|win|moggyoh\n|raw|moggyoh's rating: 1318 &rarr; <strong>1337</strong><br />(+19 for winning)\n|raw|CHR1SPHX's rating: 1301 &rarr; <strong>1282</strong><br />(-19 for losing)\n|l|\u2606CHR1SPHX\n|player|p2|\n","uploadtime":1773935472,"views":21,"formatid":"gen9vgc2026regi","rating":1282,"private":0,"password":null}