{"id":"gen9vgc2026regi-2551509937","format":"[Gen 9] VGC 2026 Reg I","players":["CHR1SPHX","KORAIDONGOESBRRR"],"log":"|j|\u2606CHR1SPHX\n|j|\u2606KORAIDONGOESBRRR\n|t:|1772613765\n|gametype|doubles\n|player|p1|CHR1SPHX|hilbert-wonderlauncher|1212\n|player|p2|KORAIDONGOESBRRR|hilbert|1157\n|gen|9\n|tier|[Gen 9] VGC 2026 Reg I\n|rated|\n|rule|Species Clause: Limit one of each Pok\u00e9mon\n|rule|Item Clause: Limit 1 of each item\n|clearpoke\n|poke|p1|Lunala, L50|\n|poke|p1|Amoonguss, L50, M|\n|poke|p1|Ursaluna-Bloodmoon, L50, M|\n|poke|p1|Incineroar, L50, M|\n|poke|p1|Koraidon, L50|\n|poke|p1|Flutter Mane, L50|\n|poke|p2|Brute Bonnet, L50|\n|poke|p2|Lunala, L50|\n|poke|p2|Ursaluna, L50, M|\n|poke|p2|Chi-Yu, L50|\n|poke|p2|Koraidon, L50|\n|poke|p2|Flutter Mane, L50|\n|teampreview|4\n|inactive|Battle timer is ON: inactive players will automatically lose when time's up. (requested by CHR1SPHX)\n|\n|t:|1772613784\n|teamsize|p1|4\n|teamsize|p2|4\n|start\n|switch|p1a: Lunala|Lunala, L50, shiny|100/100\n|switch|p1b: Ursaluna|Ursaluna-Bloodmoon, L50, M|100/100\n|switch|p2a: SHU TSUKIYAMA|Koraidon, L50|100/100\n|switch|p2b: KANAE VON ROSWALD|Flutter Mane, L50|100/100\n|-weather|SunnyDay|[from] ability: Orichalcum Pulse|[of] p2a: SHU TSUKIYAMA\n|-activate|p2b: KANAE VON ROSWALD|ability: Protosynthesis\n|-start|p2b: KANAE VON ROSWALD|protosynthesisspe\n|-activate|p2a: SHU TSUKIYAMA|Orichalcum Pulse|[source]\n|turn|1\n|\n|t:|1772613800\n|switch|p1b: Amoonguss|Amoonguss, L50, M, shiny|100/100\n|-terastallize|p1a: Lunala|Fairy\n|move|p2b: KANAE VON ROSWALD|Icy Wind|p1b: Amoonguss|[spread] p1a,p1b\n|-supereffective|p1b: Amoonguss\n|-damage|p1a: Lunala|96/100\n|-damage|p1b: Amoonguss|74/100\n|-unboost|p1a: Lunala|spe|1\n|-unboost|p1b: Amoonguss|spe|1\n|move|p2a: SHU TSUKIYAMA|Flare Blitz|p1a: Lunala\n|-damage|p1a: Lunala|12/100\n|-damage|p2a: SHU TSUKIYAMA|63/100|[from] Recoil\n|-damage|p2a: SHU TSUKIYAMA|53/100|[from] item: Life Orb\n|move|p1a: Lunala|Trick Room|p1a: Lunala\n|-fieldstart|move: Trick Room|[of] p1a: Lunala\n|\n|-weather|SunnyDay|[upkeep]\n|upkeep\n|turn|2\n|inactive|KORAIDONGOESBRRR has 30 seconds left.\n|\n|t:|1772613828\n|move|p2a: SHU TSUKIYAMA|Protect|p2a: SHU TSUKIYAMA\n|-singleturn|p2a: SHU TSUKIYAMA|Protect\n|move|p1b: Amoonguss|Spore|p2b: KANAE VON ROSWALD\n|-status|p2b: KANAE VON ROSWALD|slp|[from] move: Spore\n|move|p1a: Lunala|Moonblast|p2a: SHU TSUKIYAMA\n|-activate|p2a: SHU TSUKIYAMA|move: Protect\n|cant|p2b: KANAE VON ROSWALD|slp\n|\n|-weather|SunnyDay|[upkeep]\n|upkeep\n|turn|3\n|\n|t:|1772613841\n|switch|p2a: BLACK REAPER|Lunala, L50, shiny|100/100\n|move|p1b: Amoonguss|Spore|p2a: BLACK REAPER\n|-status|p2a: BLACK REAPER|slp|[from] move: Spore\n|move|p1a: Lunala|Moongeist Beam|p2b: KANAE VON ROSWALD\n|-supereffective|p2b: KANAE VON ROSWALD\n|-enditem|p2b: KANAE VON ROSWALD|Focus Sash\n|-damage|p2b: KANAE VON ROSWALD|1/100 slp\n|cant|p2b: KANAE VON ROSWALD|slp\n|\n|-weather|SunnyDay|[upkeep]\n|upkeep\n|turn|4\n|\n|t:|1772613863\n|-terastallize|p2a: BLACK REAPER|Water\n|-curestatus|p2b: KANAE VON ROSWALD|slp|[msg]\n|move|p2b: KANAE VON ROSWALD|Protect|p2b: KANAE VON ROSWALD\n|-singleturn|p2b: KANAE VON ROSWALD|Protect\n|move|p1b: Amoonguss|Pollen Puff|p1a: Lunala\n|-heal|p1a: Lunala|62/100\n|move|p1a: Lunala|Moongeist Beam|p2a: BLACK REAPER\n|-damage|p2a: BLACK REAPER|84/100 slp\n|cant|p2a: BLACK REAPER|slp\n|\n|-weather|SunnyDay|[upkeep]\n|upkeep\n|turn|5\n|inactive|CHR1SPHX has 30 seconds left.\n|inactive|KORAIDONGOESBRRR has 30 seconds left.\n|\n|t:|1772613896\n|switch|p2a: SHU TSUKIYAMA|Koraidon, L50|53/100\n|-activate|p2a: SHU TSUKIYAMA|ability: Orichalcum Pulse\n|move|p2b: KANAE VON ROSWALD|Protect||[still]\n|-fail|p2b: KANAE VON ROSWALD\n|move|p1b: Amoonguss|Spore|p2b: KANAE VON ROSWALD\n|-status|p2b: KANAE VON ROSWALD|slp|[from] move: Spore\n|move|p1a: Lunala|Moonblast|p2a: SHU TSUKIYAMA\n|-supereffective|p2a: SHU TSUKIYAMA\n|-damage|p2a: SHU TSUKIYAMA|0 fnt\n|faint|p2a: SHU TSUKIYAMA\n|\n|-weather|none\n|-end|p2b: KANAE VON ROSWALD|Protosynthesis\n|-fieldend|move: Trick Room\n|upkeep\n|\n|t:|1772613907\n|switch|p2a: BLACK REAPER|Lunala, L50, shiny, tera:Water|84/100 slp\n|turn|6\n|\n|t:|1772613928\n|-end|p2b: KANAE VON ROSWALD|Protosynthesis|[silent]\n|switch|p2b: NISHIKI|Ursaluna, L50, M|100/100\n|cant|p2a: BLACK REAPER|slp\n|move|p1b: Amoonguss|Pollen Puff|p1a: Lunala\n|-heal|p1a: Lunala|100/100\n|move|p1a: Lunala|Trick Room|p1a: Lunala\n|-fieldstart|move: Trick Room|[of] p1a: Lunala\n|\n|-status|p2b: NISHIKI|brn|[from] item: Flame Orb\n|upkeep\n|turn|7\n|inactive|KORAIDONGOESBRRR has 30 seconds left.\n|\n|t:|1772613956\n|switch|p1b: Incineroar|Incineroar, L50, M|100/100\n|-ability|p1b: Incineroar|Intimidate|boost\n|-unboost|p2a: BLACK REAPER|atk|1\n|-unboost|p2b: NISHIKI|atk|1\n|switch|p2a: KANAE VON ROSWALD|Flutter Mane, L50|1/100 slp\n|move|p2b: NISHIKI|Facade|p1b: Incineroar\n|-damage|p1b: Incineroar|30/100\n|move|p1a: Lunala|Moonblast|p2b: NISHIKI\n|-damage|p2b: NISHIKI|51/100 brn\n|\n|-damage|p2b: NISHIKI|45/100 brn|[from] brn\n|upkeep\n|turn|8\n|\n|t:|1772613978\n|move|p2b: NISHIKI|Protect|p2b: NISHIKI\n|-singleturn|p2b: NISHIKI|Protect\n|move|p1b: Incineroar|Fake Out|p2b: NISHIKI\n|-activate|p2b: NISHIKI|move: Protect\n|move|p1a: Lunala|Moonblast|p2a: KANAE VON ROSWALD\n|-damage|p2a: KANAE VON ROSWALD|0 fnt\n|faint|p2a: KANAE VON ROSWALD\n|-end|p2a: KANAE VON ROSWALD|Protosynthesis|[silent]\n|\n|-damage|p2b: NISHIKI|39/100 brn|[from] brn\n|upkeep\n|\n|t:|1772613988\n|switch|p2a: BLACK REAPER|Lunala, L50, shiny, tera:Water|84/100 slp\n|turn|9\n|\n|t:|1772613999\n|-curestatus|p2a: BLACK REAPER|slp|[msg]\n|move|p2a: BLACK REAPER|Wide Guard|p2a: BLACK REAPER\n|-singleturn|p2a: BLACK REAPER|Wide Guard\n|move|p2b: NISHIKI|Earthquake|p1b: Incineroar|[spread] p1a,p1b\n|-activate|p2a: BLACK REAPER|move: Wide Guard\n|-supereffective|p1b: Incineroar\n|-damage|p1a: Lunala|84/100\n|-damage|p1b: Incineroar|0 fnt\n|faint|p1b: Incineroar\n|move|p1a: Lunala|Moonblast|p2b: NISHIKI\n|-damage|p2b: NISHIKI|0 fnt\n|faint|p2b: NISHIKI\n|\n|upkeep\n|\n|t:|1772614010\n|switch|p1b: Amoonguss|Amoonguss, L50, M, shiny|100/100\n|turn|10\n|-message|KORAIDONGOESBRRR forfeited.\n|\n|win|CHR1SPHX\n|raw|CHR1SPHX's rating: 1212 &rarr; <strong>1233</strong><br />(+21 for winning)\n|raw|KORAIDONGOESBRRR's rating: 1157 &rarr; <strong>1136</strong><br />(-21 for losing)\n|l|\u2606KORAIDONGOESBRRR\n|player|p2|\n","uploadtime":1772614028,"views":14,"formatid":"gen9vgc2026regi","rating":1136,"private":0,"password":null}