{"id":"gen9vgc2026regi-2551590673","format":"[Gen 9] VGC 2026 Reg I","players":["blackred123\u6c38\u96cf\u5854\u83f2\u4fa0","Stinky62"],"log":"|j|\u2606blackred123\u6c38\u96cf\u5854\u83f2\u4fa0\n|j|\u2606Stinky62\n|t:|1772625671\n|gametype|doubles\n|player|p1|blackred123\u6c38\u96cf\u5854\u83f2\u4fa0|iono-masters|1425\n|player|p2|Stinky62|2|1426\n|gen|9\n|tier|[Gen 9] VGC 2026 Reg I\n|rated|\n|rule|Species Clause: Limit one of each Pok\u00e9mon\n|rule|Item Clause: Limit 1 of each item\n|clearpoke\n|poke|p1|Mewtwo, L50|\n|poke|p1|Indeedee-F, L50, F|\n|poke|p1|Chi-Yu, L50|\n|poke|p1|Whimsicott, L50, F|\n|poke|p1|Zamazenta-*, L50|\n|poke|p1|Ting-Lu, L50|\n|poke|p2|Terapagos, L50, M|\n|poke|p2|Calyrex-Shadow, L50|\n|poke|p2|Amoonguss, L50, M|\n|poke|p2|Ogerpon-Cornerstone, L50, F|\n|poke|p2|Incineroar, L50, F|\n|poke|p2|Rillaboom, L50, F|\n|teampreview|4\n|inactive|Battle timer is ON: inactive players will automatically lose when time's up. (requested by blackred123\u6c38\u96cf\u5854\u83f2\u4fa0)\n|\n|t:|1772625692\n|teamsize|p1|4\n|teamsize|p2|4\n|start\n|switch|p1a: \u6251\u897f|Zamazenta-Crowned, L50|100/100\n|switch|p1b: \u9f0e\u771f|Ting-Lu, L50|100/100\n|switch|p2a: Terapagos|Terapagos, L50, M|100/100\n|switch|p2b: Ogerpon|Ogerpon-Cornerstone, L50, F|100/100\n|-activate|p2a: Terapagos|ability: Tera Shift\n|detailschange|p2a: Terapagos|Terapagos-Terastal, L50, M\n|-heal|p2a: Terapagos|100/100|[silent]\n|-ability|p1a: \u6251\u897f|Dauntless Shield|boost\n|-boost|p1a: \u6251\u897f|def|1\n|-ability|p1b: \u9f0e\u771f|Vessel of Ruin\n|turn|1\n|\n|t:|1772625707\n|move|p1a: \u6251\u897f|Protect|p1a: \u6251\u897f\n|-singleturn|p1a: \u6251\u897f|Protect\n|move|p2b: Ogerpon|Knock Off|p1b: \u9f0e\u771f\n|-resisted|p1b: \u9f0e\u771f\n|-damage|p1b: \u9f0e\u771f|89/100\n|-enditem|p1b: \u9f0e\u771f|Assault Vest|[from] move: Knock Off|[of] p2b: Ogerpon\n|move|p2a: Terapagos|Calm Mind|p2a: Terapagos\n|-boost|p2a: Terapagos|spa|1\n|-boost|p2a: Terapagos|spd|1\n|move|p1b: \u9f0e\u771f|Ruination|p2a: Terapagos\n|-damage|p2a: Terapagos|50/100\n|\n|-heal|p2a: Terapagos|57/100|[from] item: Leftovers\n|upkeep\n|turn|2\n|\n|t:|1772625730\n|move|p2b: Ogerpon|Follow Me|p2b: Ogerpon\n|-singleturn|p2b: Ogerpon|move: Follow Me\n|move|p1a: \u6251\u897f|Body Press|p2b: Ogerpon\n|-supereffective|p2b: Ogerpon\n|-ability|p2b: Ogerpon|Sturdy\n|-damage|p2b: Ogerpon|1/100\n|move|p2a: Terapagos|Calm Mind|p2a: Terapagos\n|-boost|p2a: Terapagos|spa|1\n|-boost|p2a: Terapagos|spd|1\n|move|p1b: \u9f0e\u771f|Snarl|p2b: Ogerpon|[spread] p2a,p2b\n|-crit|p2a: Terapagos\n|-damage|p2a: Terapagos|46/100\n|-damage|p2b: Ogerpon|0 fnt\n|-unboost|p2a: Terapagos|spa|1\n|faint|p2b: Ogerpon\n|\n|-heal|p2a: Terapagos|52/100|[from] item: Leftovers\n|upkeep\n|\n|t:|1772625742\n|switch|p2b: Calyrex|Calyrex-Shadow, L50|100/100\n|-ability|p2b: Calyrex|As One\n|-ability|p2b: Calyrex|Unnerve\n|turn|3\n|\n|t:|1772625753\n|move|p2a: Terapagos|Protect|p2a: Terapagos\n|-singleturn|p2a: Terapagos|Protect\n|move|p2b: Calyrex|Disable|p1b: \u9f0e\u771f\n|-start|p1b: \u9f0e\u771f|Disable|Snarl\n|move|p1a: \u6251\u897f|Body Press|p2a: Terapagos\n|-activate|p2a: Terapagos|move: Protect\n|cant|p1b: \u9f0e\u771f|Disable|Snarl\n|\n|-heal|p2a: Terapagos|58/100|[from] item: Leftovers\n|upkeep\n|turn|4\n|\n|t:|1772625769\n|-terastallize|p2a: Terapagos|Stellar\n|detailschange|p2a: Terapagos|Terapagos-Stellar, L50, M, tera:Stellar\n|-heal|p2a: Terapagos|69/100|[silent]\n|move|p1a: \u6251\u897f|Wide Guard|p1a: \u6251\u897f\n|-singleturn|p1a: \u6251\u897f|Wide Guard\n|move|p2b: Calyrex|Encore|p1b: \u9f0e\u771f\n|-start|p1b: \u9f0e\u771f|Encore\n|move|p2a: Terapagos|Earth Power|p1a: \u6251\u897f\n|-supereffective|p1a: \u6251\u897f\n|-damage|p1a: \u6251\u897f|50/100\n|cant|p1b: \u9f0e\u771f|Disable|Snarl\n|\n|-heal|p2a: Terapagos|75/100|[from] item: Leftovers\n|upkeep\n|turn|5\n|\n|t:|1772625798\n|switch|p1b: \u4f8d\u7684\u6211\u7231\u5bfc\u7ba1|Indeedee-F, L50, F|100/100\n|-fieldstart|move: Psychic Terrain|[from] ability: Psychic Surge|[of] p1b: \u4f8d\u7684\u6211\u7231\u5bfc\u7ba1\n|-terastallize|p1a: \u6251\u897f|Water\n|move|p2b: Calyrex|Encore|p1a: \u6251\u897f\n|-start|p1a: \u6251\u897f|Encore\n|move|p1a: \u6251\u897f|Wide Guard|p1a: \u6251\u897f\n|-singleturn|p1a: \u6251\u897f|Wide Guard\n|move|p2a: Terapagos|Earth Power|p1a: \u6251\u897f\n|-damage|p1a: \u6251\u897f|16/100\n|\n|-heal|p2a: Terapagos|81/100|[from] item: Leftovers\n|upkeep\n|turn|6\n|\n|t:|1772625820\n|switch|p2b: Rillaboom|Rillaboom, L50, F|100/100\n|-fieldstart|move: Grassy Terrain|[from] ability: Grassy Surge|[of] p2b: Rillaboom\n|switch|p1a: \u9f0e\u771f|Ting-Lu, L50|89/100\n|-ability|p1a: \u9f0e\u771f|Vessel of Ruin\n|move|p2a: Terapagos|Earth Power|p1b: \u4f8d\u7684\u6211\u7231\u5bfc\u7ba1\n|-damage|p1b: \u4f8d\u7684\u6211\u7231\u5bfc\u7ba1|72/100\n|-enditem|p1b: \u4f8d\u7684\u6211\u7231\u5bfc\u7ba1|Eject Button\n|\n|t:|1772625836\n|switch|p1b: \u6251\u897f|Zamazenta-Crowned, L50, tera:Water|16/100\n|\n|-heal|p1b: \u6251\u897f|22/100|[from] Grassy Terrain\n|-heal|p2a: Terapagos|88/100|[from] Grassy Terrain\n|-heal|p2a: Terapagos|94/100|[from] item: Leftovers\n|-heal|p1a: \u9f0e\u771f|95/100|[from] Grassy Terrain\n|upkeep\n|turn|7\n|\n|t:|1772625848\n|move|p1b: \u6251\u897f|Protect|p1b: \u6251\u897f\n|-singleturn|p1b: \u6251\u897f|Protect\n|move|p2a: Terapagos|Tera Starstorm|p1a: \u9f0e\u771f|[spread] p1a\n|-activate|p1b: \u6251\u897f|move: Protect\n|-damage|p1a: \u9f0e\u771f|65/100\n|move|p2b: Rillaboom|Wood Hammer|p1a: \u9f0e\u771f\n|-supereffective|p1a: \u9f0e\u771f\n|-damage|p1a: \u9f0e\u771f|0 fnt\n|faint|p1a: \u9f0e\u771f\n|-damage|p2b: Rillaboom|75/100|[from] Recoil\n|\n|-heal|p1b: \u6251\u897f|28/100|[from] Grassy Terrain\n|-heal|p2a: Terapagos|99/100|[from] Grassy Terrain\n|-heal|p2a: Terapagos|100/100|[from] item: Leftovers\n|-heal|p2b: Rillaboom|81/100|[from] Grassy Terrain\n|upkeep\n|\n|t:|1772625857\n|switch|p1a: \u4f8d\u7684\u6211\u7231\u5bfc\u7ba1|Indeedee-F, L50, F|72/100\n|-fieldstart|move: Psychic Terrain|[from] ability: Psychic Surge|[of] p1a: \u4f8d\u7684\u6211\u7231\u5bfc\u7ba1\n|turn|8\n|\n|t:|1772625869\n|move|p1a: \u4f8d\u7684\u6211\u7231\u5bfc\u7ba1|Helping Hand|p1b: \u6251\u897f\n|-singleturn|p1b: \u6251\u897f|Helping Hand|[of] p1a: \u4f8d\u7684\u6211\u7231\u5bfc\u7ba1\n|move|p1b: \u6251\u897f|Body Press|p2a: Terapagos\n|-supereffective|p2a: Terapagos\n|-damage|p2a: Terapagos|34/100\n|move|p2a: Terapagos|Tera Starstorm|p1b: \u6251\u897f|[spread] p1a,p1b\n|-supereffective|p1b: \u6251\u897f\n|-damage|p1a: \u4f8d\u7684\u6211\u7231\u5bfc\u7ba1|31/100\n|-damage|p1b: \u6251\u897f|0 fnt\n|faint|p1b: \u6251\u897f\n|move|p2b: Rillaboom|U-turn|p1a: \u4f8d\u7684\u6211\u7231\u5bfc\u7ba1\n|-supereffective|p1a: \u4f8d\u7684\u6211\u7231\u5bfc\u7ba1\n|-damage|p1a: \u4f8d\u7684\u6211\u7231\u5bfc\u7ba1|0 fnt\n|faint|p1a: \u4f8d\u7684\u6211\u7231\u5bfc\u7ba1\n|\n|t:|1772625878\n|switch|p2b: Calyrex|Calyrex-Shadow, L50|100/100|[from] U-turn\n|-ability|p2b: Calyrex|As One\n|-ability|p2b: Calyrex|Unnerve\n|\n|-heal|p2a: Terapagos|41/100|[from] item: Leftovers\n|upkeep\n|\n|t:|1772625880\n|switch|p1b: \u6211\u8d85\u662f\u4f60\u7684\u68a6|Mewtwo, L50|100/100\n|-ability|p1b: \u6211\u8d85\u662f\u4f60\u7684\u68a6|Unnerve\n|turn|9\n|\n|t:|1772625889\n|move|p2b: Calyrex|Astral Barrage|p1b: \u6211\u8d85\u662f\u4f60\u7684\u68a6\n|-supereffective|p1b: \u6211\u8d85\u662f\u4f60\u7684\u68a6\n|-damage|p1b: \u6211\u8d85\u662f\u4f60\u7684\u68a6|0 fnt\n|faint|p1b: \u6211\u8d85\u662f\u4f60\u7684\u68a6\n|\n|win|Stinky62\n|raw|blackred123\u6c38\u96cf\u5854\u83f2\u4fa0's rating: 1425 &rarr; <strong>1405</strong><br />(-20 for losing)\n|raw|Stinky62's rating: 1426 &rarr; <strong>1446</strong><br />(+20 for winning)\n|l|\u2606Stinky62\n|player|p2|\n","uploadtime":1772626060,"views":13,"formatid":"gen9vgc2026regi","rating":1405,"private":0,"password":null}