{"id":"gen9vgc2026regi-2514510295","format":"[Gen 9] VGC 2026 Reg I","players":["n2wbiie","blackred123\u6c38\u96cf\u5854\u83f2\u4fa0"],"log":"|j|\u2606n2wbiie\n|j|\u2606blackred123\u6c38\u96cf\u5854\u83f2\u4fa0\n|t:|1767880145\n|gametype|doubles\n|player|p1|n2wbiie|winona|1172\n|player|p2|blackred123\u6c38\u96cf\u5854\u83f2\u4fa0|iono-masters|1261\n|gen|9\n|tier|[Gen 9] VGC 2026 Reg I\n|rated|\n|rule|Species Clause: Limit one of each Pok\u00e9mon\n|rule|Item Clause: Limit 1 of each item\n|clearpoke\n|poke|p1|Calyrex-Shadow, L50|\n|poke|p1|Weezing-Galar, L50, M|\n|poke|p1|Clefairy, L50, M|\n|poke|p1|Ogerpon-Wellspring, L50, F|\n|poke|p1|Pelipper, L50, F|\n|poke|p1|Incineroar, L50, F|\n|poke|p2|Lunala, L50|\n|poke|p2|Koraidon, L50|\n|poke|p2|Chi-Yu, L50|\n|poke|p2|Flutter Mane, L50|\n|poke|p2|Brute Bonnet, L50|\n|poke|p2|Ursaluna, L50, F|\n|teampreview|4\n|inactive|Battle timer is ON: inactive players will automatically lose when time's up. (requested by blackred123\u6c38\u96cf\u5854\u83f2\u4fa0)\n|\n|t:|1767880169\n|teamsize|p1|4\n|teamsize|p2|4\n|start\n|switch|p1a: Caly-REX|Calyrex-Shadow, L50|100/100\n|switch|p1b: Pelipper|Pelipper, L50, F|100/100\n|switch|p2a: Lunala|Lunala, L50, shiny|100/100\n|switch|p2b: Brute Bonnet|Brute Bonnet, L50, shiny|100/100\n|-ability|p1a: Caly-REX|As One\n|-ability|p1a: Caly-REX|Unnerve\n|-weather|RainDance|[from] ability: Drizzle|[of] p1b: Pelipper\n|turn|1\n|\n|t:|1767880189\n|-terastallize|p2a: Lunala|Water\n|move|p2b: Brute Bonnet|Sucker Punch||[still]\n|-fail|p2b: Brute Bonnet\n|move|p1a: Caly-REX|Nasty Plot|p1a: Caly-REX\n|-boost|p1a: Caly-REX|spa|2\n|move|p1b: Pelipper|Hurricane|p2b: Brute Bonnet\n|-supereffective|p2b: Brute Bonnet\n|-damage|p2b: Brute Bonnet|26/100\n|-start|p2b: Brute Bonnet|confusion\n|move|p2a: Lunala|Trick Room|p2a: Lunala\n|-fieldstart|move: Trick Room|[of] p2a: Lunala\n|\n|-weather|RainDance|[upkeep]\n|upkeep\n|turn|2\n|\n|t:|1767880205\n|switch|p1b: Clefairy|Clefairy, L50, M|100/100\n|move|p1a: Caly-REX|Protect|p1a: Caly-REX\n|-singleturn|p1a: Caly-REX|Protect\n|-activate|p2b: Brute Bonnet|confusion\n|move|p2b: Brute Bonnet|Spore|p1a: Caly-REX\n|-activate|p1a: Caly-REX|move: Protect\n|move|p2a: Lunala|Meteor Beam||[still]\n|-prepare|p2a: Lunala|Meteor Beam\n|-boost|p2a: Lunala|spa|1\n|-enditem|p2a: Lunala|Power Herb\n|-anim|p2a: Lunala|Meteor Beam|p1b: Clefairy\n|-damage|p1b: Clefairy|51/100\n|\n|-weather|RainDance|[upkeep]\n|upkeep\n|turn|3\n|inactive|n2wbiie has 30 seconds left.\n|\n|t:|1767880233\n|move|p2a: Lunala|Wide Guard|p2a: Lunala\n|-singleturn|p2a: Lunala|Wide Guard\n|move|p1b: Clefairy|After You|p1a: Caly-REX\n|-activate|p1a: Caly-REX|move: After You\n|move|p1a: Caly-REX|Psychic|p2a: Lunala\n|-damage|p2a: Lunala|58/100\n|-damage|p1a: Caly-REX|91/100|[from] item: Life Orb\n|-activate|p2b: Brute Bonnet|confusion\n|move|p2b: Brute Bonnet|Spore|p1b: Clefairy\n|-status|p1b: Clefairy|slp|[from] move: Spore\n|\n|-weather|RainDance|[upkeep]\n|upkeep\n|turn|4\n|inactive|n2wbiie has 30 seconds left.\n|\n|t:|1767880260\n|-end|p2b: Brute Bonnet|Protosynthesis|[silent]\n|switch|p2b: Ursaluna|Ursaluna, L50, F, shiny|100/100\n|-terastallize|p1a: Caly-REX|Dark\n|cant|p1b: Clefairy|slp\n|move|p2a: Lunala|Moongeist Beam|p1b: Clefairy\n|-damage|p1b: Clefairy|0 fnt\n|faint|p1b: Clefairy\n|move|p1a: Caly-REX|Astral Barrage|p2b: Ursaluna|[spread] p2a\n|-immune|p2b: Ursaluna\n|-damage|p2a: Lunala|0 fnt\n|faint|p2a: Lunala\n|-ability|p1a: Caly-REX|Grim Neigh|boost\n|-boost|p1a: Caly-REX|spa|1\n|-damage|p1a: Caly-REX|81/100|[from] item: Life Orb\n|\n|-weather|RainDance|[upkeep]\n|-status|p2b: Ursaluna|brn|[from] item: Flame Orb\n|upkeep\n|\n|t:|1767880279\n|switch|p1b: Pelipper|Pelipper, L50, F|100/100\n|switch|p2a: Koraidon|Koraidon, L50|100/100\n|-weather|SunnyDay|[from] ability: Orichalcum Pulse|[of] p2a: Koraidon\n|-activate|p2a: Koraidon|Orichalcum Pulse|[source]\n|turn|5\n|\n|t:|1767880298\n|move|p1b: Pelipper|Protect|p1b: Pelipper\n|-singleturn|p1b: Pelipper|Protect\n|move|p1a: Caly-REX|Protect|p1a: Caly-REX\n|-singleturn|p1a: Caly-REX|Protect\n|move|p2b: Ursaluna|Facade|p1a: Caly-REX\n|-activate|p1a: Caly-REX|move: Protect\n|move|p2a: Koraidon|Flame Charge|p1b: Pelipper\n|-activate|p1b: Pelipper|move: Protect\n|\n|-weather|SunnyDay|[upkeep]\n|-damage|p2b: Ursaluna|95/100 brn|[from] brn\n|-fieldend|move: Trick Room\n|upkeep\n|turn|6\n|\n|t:|1767880321\n|switch|p1b: Ogerpon|Ogerpon-Wellspring, L50, F|100/100\n|move|p2a: Koraidon|Protect|p2a: Koraidon\n|-singleturn|p2a: Koraidon|Protect\n|move|p1a: Caly-REX|Psychic|p2a: Koraidon\n|-activate|p2a: Koraidon|move: Protect\n|move|p2b: Ursaluna|Facade|p1a: Caly-REX\n|-damage|p1a: Caly-REX|0 fnt\n|faint|p1a: Caly-REX\n|\n|-weather|SunnyDay|[upkeep]\n|-damage|p2b: Ursaluna|89/100 brn|[from] brn\n|upkeep\n|\n|t:|1767880332\n|switch|p1a: Pelipper|Pelipper, L50, F|100/100\n|-weather|RainDance|[from] ability: Drizzle|[of] p1a: Pelipper\n|turn|7\n|\n|t:|1767880344\n|switch|p2a: Brute Bonnet|Brute Bonnet, L50, shiny|26/100\n|-enditem|p2a: Brute Bonnet|Sitrus Berry|[eat]\n|-heal|p2a: Brute Bonnet|51/100|[from] item: Sitrus Berry\n|move|p1b: Ogerpon|Spiky Shield|p1b: Ogerpon\n|-singleturn|p1b: Ogerpon|move: Protect\n|move|p2b: Ursaluna|Protect|p2b: Ursaluna\n|-singleturn|p2b: Ursaluna|Protect\n|move|p1a: Pelipper|Weather Ball|p2b: Ursaluna\n|-activate|p2b: Ursaluna|move: Protect\n|\n|-weather|RainDance|[upkeep]\n|-damage|p2b: Ursaluna|83/100 brn|[from] brn\n|upkeep\n|turn|8\n|\n|t:|1767880364\n|move|p2a: Brute Bonnet|Rage Powder|p2a: Brute Bonnet\n|-singleturn|p2a: Brute Bonnet|move: Rage Powder\n|move|p1b: Ogerpon|Ivy Cudgel|p2b: Ursaluna|[anim] Ivy Cudgel Water\n|-supereffective|p2b: Ursaluna\n|-damage|p2b: Ursaluna|0 fnt\n|faint|p2b: Ursaluna\n|move|p1a: Pelipper|Hurricane|p2a: Brute Bonnet\n|-supereffective|p2a: Brute Bonnet\n|-damage|p2a: Brute Bonnet|0 fnt\n|faint|p2a: Brute Bonnet\n|-end|p2a: Brute Bonnet|Protosynthesis|[silent]\n|\n|-weather|RainDance|[upkeep]\n|upkeep\n|\n|t:|1767880370\n|switch|p2b: Koraidon|Koraidon, L50|100/100\n|-weather|SunnyDay|[from] ability: Orichalcum Pulse|[of] p2b: Koraidon\n|-activate|p2b: Koraidon|Orichalcum Pulse|[source]\n|turn|9\n|\n|t:|1767880391\n|move|p1b: Ogerpon|Spiky Shield|p1b: Ogerpon\n|-singleturn|p1b: Ogerpon|move: Protect\n|move|p1a: Pelipper|Protect|p1a: Pelipper\n|-singleturn|p1a: Pelipper|Protect\n|move|p2b: Koraidon|Flame Charge|p1a: Pelipper\n|-activate|p1a: Pelipper|move: Protect\n|\n|-weather|SunnyDay|[upkeep]\n|upkeep\n|turn|10\n|\n|t:|1767880404\n|move|p1b: Ogerpon|Follow Me|p1b: Ogerpon\n|-singleturn|p1b: Ogerpon|move: Follow Me\n|move|p2b: Koraidon|Flame Charge|p1b: Ogerpon\n|-damage|p1b: Ogerpon|64/100\n|-boost|p2b: Koraidon|spe|1\n|-damage|p2b: Koraidon|91/100|[from] item: Life Orb\n|move|p1a: Pelipper|Hurricane|p2b: Koraidon|[miss]\n|-miss|p1a: Pelipper|p2b: Koraidon\n|\n|-weather|SunnyDay|[upkeep]\n|upkeep\n|turn|11\n|\n|t:|1767880417\n|move|p1b: Ogerpon|Follow Me|p1b: Ogerpon\n|-singleturn|p1b: Ogerpon|move: Follow Me\n|move|p2b: Koraidon|Close Combat|p1b: Ogerpon\n|-damage|p1b: Ogerpon|0 fnt\n|-unboost|p2b: Koraidon|def|1\n|-unboost|p2b: Koraidon|spd|1\n|faint|p1b: Ogerpon\n|-damage|p2b: Koraidon|81/100|[from] item: Life Orb\n|move|p1a: Pelipper|Hurricane|p2b: Koraidon\n|-supereffective|p2b: Koraidon\n|-damage|p2b: Koraidon|0 fnt\n|faint|p2b: Koraidon\n|\n|win|n2wbiie\n|raw|n2wbiie's rating: 1172 &rarr; <strong>1203</strong><br />(+31 for winning)\n|raw|blackred123\u6c38\u96cf\u5854\u83f2\u4fa0's rating: 1261 &rarr; <strong>1230</strong><br />(-31 for losing)\n|l|\u2606n2wbiie\n|player|p1|\n","uploadtime":1767880580,"views":21,"formatid":"gen9vgc2026regi","rating":1203,"private":0,"password":null}