{"id":"gen9vgc2026regi-2548864512","format":"[Gen 9] VGC 2026 Reg I","players":["Schimmli","Ice124567890"],"log":"|j|\u2606Schimmli\n|j|\u2606Ice124567890\n|t:|1772272516\n|gametype|doubles\n|player|p1|Schimmli|101|1458\n|player|p2|Ice124567890|265|1393\n|gen|9\n|tier|[Gen 9] VGC 2026 Reg I\n|rated|\n|rule|Species Clause: Limit one of each Pok\u00e9mon\n|rule|Item Clause: Limit 1 of each item\n|clearpoke\n|poke|p1|Farigiraf, L50, M|\n|poke|p1|Miraidon, L50|\n|poke|p1|Rayquaza, L50|\n|poke|p1|Chien-Pao, L50|\n|poke|p1|Iron Hands, L50|\n|poke|p1|Volcarona, L50, M|\n|poke|p2|Koraidon, L50|\n|poke|p2|Iron Treads, L50|\n|poke|p2|Incineroar, L50, M|\n|poke|p2|Raging Bolt, L50|\n|poke|p2|Flutter Mane, L50|\n|poke|p2|Ho-Oh, L50|\n|teampreview|4\n|inactive|Battle timer is ON: inactive players will automatically lose when time's up. (requested by Ice124567890)\n|\n|t:|1772272546\n|teamsize|p1|4\n|teamsize|p2|4\n|start\n|switch|p1a: Miraidon|Miraidon, L50|100/100\n|switch|p1b: Rayquaza|Rayquaza, L50|100/100\n|switch|p2a: Koraidon|Koraidon, L50|100/100\n|switch|p2b: Incineroar|Incineroar, L50, M|100/100\n|-fieldstart|move: Electric Terrain|[from] ability: Hadron Engine|[of] p1a: Miraidon\n|-weather|SunnyDay|[from] ability: Orichalcum Pulse|[of] p2a: Koraidon\n|-activate|p2a: Koraidon|Orichalcum Pulse|[source]\n|-ability|p1b: Rayquaza|Air Lock\n|-ability|p2b: Incineroar|Intimidate|boost\n|-unboost|p1a: Miraidon|atk|1\n|-fail|p1b: Rayquaza|unboost|[from] item: Clear Amulet|[of] p1b: Rayquaza\n|turn|1\n|\n|t:|1772272569\n|move|p1b: Rayquaza|Protect|p1b: Rayquaza\n|-singleturn|p1b: Rayquaza|Protect\n|move|p2b: Incineroar|Fake Out|p1a: Miraidon\n|-damage|p1a: Miraidon|92/100\n|cant|p1a: Miraidon|flinch\n|move|p2a: Koraidon|Scale Shot|p1b: Rayquaza\n|-activate|p1b: Rayquaza|move: Protect\n|\n|-weather|SunnyDay|[upkeep]\n|upkeep\n|turn|2\n|\n|t:|1772272582\n|switch|p1b: Volcarona|Volcarona, L50, M|100/100\n|move|p2a: Koraidon|Protect|p2a: Koraidon\n|-singleturn|p2a: Koraidon|Protect\n|move|p1a: Miraidon|Volt Switch|p2b: Incineroar\n|-damage|p2b: Incineroar|51/100\n|\n|t:|1772272590\n|switch|p1a: Rayquaza|Rayquaza, L50|100/100|[from] Volt Switch\n|-ability|p1a: Rayquaza|Air Lock\n|move|p2b: Incineroar|Will-O-Wisp|p1b: Volcarona\n|-immune|p1b: Volcarona\n|\n|-weather|SunnyDay|[upkeep]\n|upkeep\n|turn|3\n|\n|t:|1772272602\n|move|p1b: Volcarona|Rage Powder|p1b: Volcarona\n|-singleturn|p1b: Volcarona|move: Rage Powder\n|move|p2a: Koraidon|Scale Shot|p1b: Volcarona\n|-damage|p1b: Volcarona|89/100\n|-damage|p1b: Volcarona|77/100\n|-damage|p1b: Volcarona|66/100\n|-damage|p1b: Volcarona|53/100\n|-crit|p1b: Volcarona\n|-damage|p1b: Volcarona|34/100\n|-hitcount|p1b: Volcarona|5\n|-unboost|p2a: Koraidon|def|1\n|-boost|p2a: Koraidon|spe|1\n|move|p1a: Rayquaza|Swords Dance|p1a: Rayquaza\n|-boost|p1a: Rayquaza|atk|2\n|move|p2b: Incineroar|Parting Shot|p1b: Volcarona\n|-unboost|p1b: Volcarona|atk|1\n|-unboost|p1b: Volcarona|spa|1\n|\n|t:|1772272625\n|switch|p2b: Raging Bolt|Raging Bolt, L50|100/100|[from] Parting Shot\n|\n|-weather|SunnyDay|[upkeep]\n|upkeep\n|turn|4\n|\n|t:|1772272637\n|-terastallize|p1a: Rayquaza|Normal\n|move|p1a: Rayquaza|Extreme Speed|p2b: Raging Bolt\n|-damage|p2b: Raging Bolt|11/100\n|move|p1b: Volcarona|Rage Powder|p1b: Volcarona\n|-singleturn|p1b: Volcarona|move: Rage Powder\n|move|p2a: Koraidon|Scale Shot|p1b: Volcarona\n|-damage|p1b: Volcarona|21/100\n|-damage|p1b: Volcarona|8/100\n|-damage|p1b: Volcarona|0 fnt\n|faint|p1b: Volcarona\n|-hitcount|p1: Volcarona|3\n|-unboost|p2a: Koraidon|def|1\n|-boost|p2a: Koraidon|spe|1\n|move|p2b: Raging Bolt|Draco Meteor|p1a: Rayquaza\n|-damage|p1a: Rayquaza|28/100\n|-unboost|p2b: Raging Bolt|spa|2\n|\n|-weather|SunnyDay|[upkeep]\n|upkeep\n|\n|t:|1772272646\n|switch|p1b: Chien-Pao|Chien-Pao, L50|100/100\n|-ability|p1b: Chien-Pao|Sword of Ruin\n|turn|5\n|\n|t:|1772272669\n|-terastallize|p2a: Koraidon|Fire\n|move|p1a: Rayquaza|Extreme Speed|p2a: Koraidon\n|-damage|p2a: Koraidon|0 fnt\n|faint|p2a: Koraidon\n|move|p1b: Chien-Pao|Sucker Punch|p2b: Raging Bolt\n|-damage|p2b: Raging Bolt|0 fnt\n|faint|p2b: Raging Bolt\n|-end|p2b: Raging Bolt|Protosynthesis|[silent]\n|\n|-weather|none\n|-fieldend|move: Electric Terrain\n|upkeep\n|\n|t:|1772272673\n|switch|p2a: Ho-Oh|Ho-Oh, L50|100/100\n|switch|p2b: Incineroar|Incineroar, L50, M|51/100\n|-ability|p2b: Incineroar|Intimidate|boost\n|-fail|p1a: Rayquaza|unboost|[from] item: Clear Amulet|[of] p1a: Rayquaza\n|-unboost|p1b: Chien-Pao|atk|1\n|turn|6\n|-message|Ice124567890 forfeited.\n|\n|win|Schimmli\n|raw|Schimmli's rating: 1458 &rarr; <strong>1474</strong><br />(+16 for winning)\n|raw|Ice124567890's rating: 1393 &rarr; <strong>1377</strong><br />(-16 for losing)\n|l|\u2606Ice124567890\n|player|p2|\n|l|\u2606Schimmli\n|player|p1|\n","uploadtime":1772272923,"views":15,"formatid":"gen9vgc2026regi","rating":1377,"private":0,"password":null}