{"id":"gen9vgc2026regi-2519285419","format":"[Gen 9] VGC 2026 Reg I","players":["Kenobi_1","VJ2511"],"log":"|j|\u2606Kenobi_1\n|j|\u2606VJ2511\n|t:|1768492173\n|gametype|doubles\n|player|p1|Kenobi_1|ash-alola|\n|player|p2|VJ2511|red-masters3|\n|gen|9\n|tier|[Gen 9] VGC 2026 Reg I\n|rule|Species Clause: Limit one of each Pok\u00e9mon\n|rule|Item Clause: Limit 1 of each item\n|clearpoke\n|poke|p1|Calyrex-Shadow, L50|\n|poke|p1|Zamazenta-*, L50|\n|poke|p1|Smeargle, L50, F|\n|poke|p1|Raging Bolt, L50|\n|poke|p1|Rillaboom, L50, M|\n|poke|p1|Tornadus, L50, M|\n|poke|p2|Kyogre, L50|\n|poke|p2|Calyrex-Ice, L50|\n|poke|p2|Urshifu-*, L50, F|\n|poke|p2|Flutter Mane, L50|\n|poke|p2|Amoonguss, L50, F|\n|poke|p2|Rillaboom, L50, F|\n|teampreview|4\n|inactive|Battle timer is ON: inactive players will automatically lose when time's up. (requested by VJ2511)\n|\n|t:|1768492192\n|teamsize|p1|4\n|teamsize|p2|4\n|start\n|switch|p1a: Rillaboom|Rillaboom, L50, M, shiny|100/100\n|switch|p1b: Smeargle|Smeargle, L50, F, shiny|100/100\n|switch|p2a: Calyrex|Calyrex-Ice, L50|100/100\n|switch|p2b: Flutter Mane|Flutter Mane, L50|100/100\n|-ability|p2a: Calyrex|As One\n|-ability|p2a: Calyrex|Unnerve\n|-fieldstart|move: Grassy Terrain|[from] ability: Grassy Surge|[of] p1a: Rillaboom\n|turn|1\n|c|\u2606VJ2511|pffft\n|inactive|Kenobi_1 has 30 seconds left.\n|c|\u2606VJ2511|called ur lead on turn 1\n|\n|t:|1768492223\n|move|p2b: Flutter Mane|Taunt|p1b: Smeargle\n|-start|p1b: Smeargle|move: Taunt\n|cant|p1b: Smeargle|move: Taunt|Spore\n|move|p1a: Rillaboom|Wood Hammer|p2b: Flutter Mane\n|-enditem|p2b: Flutter Mane|Focus Sash\n|-damage|p2b: Flutter Mane|1/100\n|-damage|p1a: Rillaboom|80/100|[from] Recoil\n|move|p2a: Calyrex|Glacial Lance|p1a: Rillaboom|[spread] p1a,p1b\n|-supereffective|p1a: Rillaboom\n|-crit|p1a: Rillaboom\n|-damage|p1a: Rillaboom|0 fnt\n|-damage|p1b: Smeargle|18/100\n|faint|p1a: Rillaboom\n|-ability|p2a: Calyrex|Chilling Neigh|boost\n|-boost|p2a: Calyrex|atk|1\n|\n|-heal|p2b: Flutter Mane|7/100|[from] Grassy Terrain\n|-heal|p1b: Smeargle|24/100|[from] Grassy Terrain\n|-ability|p1b: Smeargle|Moody|boost\n|-boost|p1b: Smeargle|def|2\n|-unboost|p1b: Smeargle|spd|1\n|upkeep\n|\n|t:|1768492235\n|switch|p1a: Calyrex|Calyrex-Shadow, L50|100/100\n|-ability|p1a: Calyrex|As One\n|-ability|p1a: Calyrex|Unnerve\n|turn|2\n|c|\u2606Kenobi_1|oof\n|c|\u2606Kenobi_1|i lose\n|\n|t:|1768492248\n|switch|p1b: Zamazenta|Zamazenta-Crowned, L50, shiny|100/100\n|-ability|p1b: Zamazenta|Dauntless Shield|boost\n|-boost|p1b: Zamazenta|def|1\n|-terastallize|p1a: Calyrex|Dark\n|-terastallize|p2a: Calyrex|Fairy\n|move|p1a: Calyrex|Astral Barrage|p2a: Calyrex|[spread] p2a,p2b\n|-supereffective|p2b: Flutter Mane\n|-damage|p2a: Calyrex|58/100\n|-damage|p2b: Flutter Mane|0 fnt\n|faint|p2b: Flutter Mane\n|-end|p2b: Flutter Mane|Protosynthesis|[silent]\n|-ability|p1a: Calyrex|Grim Neigh|boost\n|-boost|p1a: Calyrex|spa|1\n|-damage|p1a: Calyrex|91/100|[from] item: Life Orb\n|move|p2a: Calyrex|Trick Room|p2a: Calyrex\n|-fieldstart|move: Trick Room|[of] p2a: Calyrex\n|\n|-heal|p2a: Calyrex|64/100|[from] Grassy Terrain\n|-heal|p2a: Calyrex|70/100|[from] item: Leftovers\n|-heal|p1a: Calyrex|97/100|[from] Grassy Terrain\n|upkeep\n|\n|t:|1768492259\n|switch|p2b: Amoonguss|Amoonguss, L50, F|100/100\n|turn|3\n|\n|t:|1768492283\n|move|p1b: Zamazenta|Wide Guard|p1b: Zamazenta\n|-singleturn|p1b: Zamazenta|Wide Guard\n|move|p2b: Amoonguss|Spore|p1b: Zamazenta\n|-status|p1b: Zamazenta|slp|[from] move: Spore\n|move|p2a: Calyrex|Glacial Lance|p1a: Calyrex|[spread] \n|-activate|p1a: Calyrex|move: Wide Guard\n|-activate|p1b: Zamazenta|move: Wide Guard\n|move|p1a: Calyrex|Astral Barrage|p2b: Amoonguss|[spread] p2a,p2b\n|-damage|p2a: Calyrex|10/100\n|-damage|p2b: Amoonguss|16/100\n|-damage|p1a: Calyrex|88/100|[from] item: Life Orb\n|\n|-heal|p2b: Amoonguss|22/100|[from] Grassy Terrain\n|-heal|p2a: Calyrex|15/100|[from] Grassy Terrain\n|-heal|p2a: Calyrex|21/100|[from] item: Leftovers\n|-heal|p1a: Calyrex|94/100|[from] Grassy Terrain\n|upkeep\n|turn|4\n|c|\u2606Kenobi_1|is it possible\n|c|\u2606Kenobi_1|to get a turn 1 wake up\n|\n|t:|1768492306\n|switch|p1b: Smeargle|Smeargle, L50, F, shiny|24/100\n|move|p1a: Calyrex|Protect|p1a: Calyrex\n|-singleturn|p1a: Calyrex|Protect\n|move|p2b: Amoonguss|Spore|p1a: Calyrex\n|-activate|p1a: Calyrex|move: Protect\n|move|p2a: Calyrex|Leech Seed|p1b: Smeargle\n|-start|p1b: Smeargle|move: Leech Seed\n|\n|-heal|p2b: Amoonguss|28/100|[from] Grassy Terrain\n|-heal|p2a: Calyrex|27/100|[from] Grassy Terrain\n|-heal|p2a: Calyrex|33/100|[from] item: Leftovers\n|-heal|p1b: Smeargle|30/100|[from] Grassy Terrain\n|-heal|p1a: Calyrex|99/100|[from] Grassy Terrain\n|-damage|p1b: Smeargle|18/100|[from] Leech Seed|[of] p2a: Calyrex\n|-heal|p2a: Calyrex|41/100|[silent]\n|-ability|p1b: Smeargle|Moody|boost\n|-boost|p1b: Smeargle|def|2\n|-unboost|p1b: Smeargle|spe|1\n|upkeep\n|turn|5\n|c|\u2606VJ2511|it is\n|\n|t:|1768492327\n|switch|p1a: Zamazenta|Zamazenta-Crowned, L50, shiny|100/100 slp\n|move|p2a: Calyrex|Protect|p2a: Calyrex\n|-singleturn|p2a: Calyrex|Protect\n|move|p2b: Amoonguss|Spore|p1a: Zamazenta\n|-fail|p1a: Zamazenta|slp\n|move|p1b: Smeargle|Spore|p2a: Calyrex\n|-activate|p2a: Calyrex|move: Protect\n|\n|-heal|p2b: Amoonguss|34/100|[from] Grassy Terrain\n|-heal|p2a: Calyrex|46/100|[from] Grassy Terrain\n|-heal|p2a: Calyrex|52/100|[from] item: Leftovers\n|-heal|p1b: Smeargle|24/100|[from] Grassy Terrain\n|-damage|p1b: Smeargle|12/100|[from] Leech Seed|[of] p2a: Calyrex\n|-heal|p2a: Calyrex|60/100|[silent]\n|-fieldend|move: Grassy Terrain\n|-ability|p1b: Smeargle|Moody|boost\n|-boost|p1b: Smeargle|atk|2\n|-unboost|p1b: Smeargle|spa|1\n|upkeep\n|turn|6\n|c|\u2606Kenobi_1|god damn it\n|c|\u2606Kenobi_1|i screwed that up\n|c|\u2606VJ2511|ur zama is still on 0 turns\n|c|\u2606VJ2511|it has to stay 1 turn on the field\n|\n|t:|1768492351\n|move|p2b: Amoonguss|Pollen Puff|p2a: Calyrex\n|-heal|p2a: Calyrex|100/100\n|move|p2a: Calyrex|Glacial Lance|p1a: Zamazenta|[spread] p1a,p1b\n|-resisted|p1a: Zamazenta\n|-damage|p1a: Zamazenta|80/100 slp\n|-damage|p1b: Smeargle|0 fnt\n|faint|p1b: Smeargle\n|-ability|p2a: Calyrex|Chilling Neigh|boost\n|-boost|p2a: Calyrex|atk|1\n|cant|p1a: Zamazenta|slp\n|\n|-fieldend|move: Trick Room\n|upkeep\n|c|\u2606VJ2511|for it to count as 1 turn\n|\n|t:|1768492359\n|switch|p1b: Calyrex|Calyrex-Shadow, L50, tera:Dark|99/100\n|-ability|p1b: Calyrex|As One\n|-ability|p1b: Calyrex|Unnerve\n|turn|7\n|\n|t:|1768492364\n|move|p2b: Amoonguss|Protect|p2b: Amoonguss\n|-singleturn|p2b: Amoonguss|Protect\n|move|p1b: Calyrex|Astral Barrage|p2b: Amoonguss|[spread] p2a\n|-activate|p2b: Amoonguss|move: Protect\n|-damage|p2a: Calyrex|55/100\n|-damage|p1b: Calyrex|90/100|[from] item: Life Orb\n|-curestatus|p1a: Zamazenta|slp|[msg]\n|move|p1a: Zamazenta|Heavy Slam|p2a: Calyrex\n|-supereffective|p2a: Calyrex\n|-damage|p2a: Calyrex|37/100\n|move|p2a: Calyrex|Trick Room|p2a: Calyrex\n|-fieldstart|move: Trick Room|[of] p2a: Calyrex\n|\n|-heal|p2a: Calyrex|43/100|[from] item: Leftovers\n|upkeep\n|turn|8\n|\n|t:|1768492386\n|move|p1b: Calyrex|Protect|p1b: Calyrex\n|-singleturn|p1b: Calyrex|Protect\n|move|p2b: Amoonguss|Spore|p1b: Calyrex\n|-activate|p1b: Calyrex|move: Protect\n|move|p2a: Calyrex|Leech Seed|p1a: Zamazenta\n|-start|p1a: Zamazenta|move: Leech Seed\n|move|p1a: Zamazenta|Body Press|p2b: Amoonguss\n|-resisted|p2b: Amoonguss\n|-damage|p2b: Amoonguss|14/100\n|-damage|p1a: Zamazenta|64/100|[from] item: Rocky Helmet|[of] p2b: Amoonguss\n|\n|-heal|p2a: Calyrex|48/100|[from] item: Leftovers\n|-damage|p1a: Zamazenta|51/100|[from] Leech Seed|[of] p2a: Calyrex\n|-heal|p2a: Calyrex|59/100|[silent]\n|upkeep\n|turn|9\n|c|\u2606Kenobi_1|i hate this gamer\n|c|\u2606VJ2511|ure playing so mid\n|c|\u2606Kenobi_1|game*\n|c|\u2606VJ2511|im making tons of mistakes\n|inactive|Kenobi_1 has 30 seconds left.\n|\n|t:|1768492413\n|move|p2b: Amoonguss|Spore|p1b: Calyrex\n|-status|p1b: Calyrex|slp|[from] move: Spore\n|move|p2a: Calyrex|Leech Seed|p1b: Calyrex\n|-start|p1b: Calyrex|move: Leech Seed\n|move|p1a: Zamazenta|Heavy Slam|p2b: Amoonguss\n|-damage|p2b: Amoonguss|0 fnt\n|-damage|p1a: Zamazenta|35/100|[from] item: Rocky Helmet|[of] p2b: Amoonguss\n|faint|p2b: Amoonguss\n|cant|p1b: Calyrex|slp\n|\n|-heal|p2a: Calyrex|65/100|[from] item: Leftovers\n|-damage|p1a: Zamazenta|22/100|[from] Leech Seed|[of] p2a: Calyrex\n|-heal|p2a: Calyrex|75/100|[silent]\n|-damage|p1b: Calyrex|78/100 slp|[from] Leech Seed|[of] p2a: Calyrex\n|-heal|p2a: Calyrex|86/100|[silent]\n|upkeep\n|c|\u2606VJ2511|and ure not capitalising only\n|c|\u2606VJ2511|who clicks body press into a frickin amoonguss\n|c|\u2606Kenobi_1|i forgot\n|\n|t:|1768492426\n|switch|p2b: Kyogre|Kyogre, L50|100/100\n|-weather|RainDance|[from] ability: Drizzle|[of] p2b: Kyogre\n|turn|10\n|\n|t:|1768492432\n|move|p1a: Zamazenta|Wide Guard|p1a: Zamazenta\n|-singleturn|p1a: Zamazenta|Wide Guard\n|move|p2a: Calyrex|Glacial Lance|p1a: Zamazenta|[spread] \n|-activate|p1a: Zamazenta|move: Wide Guard\n|-activate|p1b: Calyrex|move: Wide Guard\n|move|p2b: Kyogre|Hydro Pump|p1b: Calyrex\n|-damage|p1b: Calyrex|0 fnt\n|faint|p1b: Calyrex\n|\n|-weather|RainDance|[upkeep]\n|-heal|p2a: Calyrex|92/100|[from] item: Leftovers\n|-damage|p1a: Zamazenta|10/100|[from] Leech Seed|[of] p2a: Calyrex\n|-heal|p2a: Calyrex|100/100|[silent]\n|upkeep\n|turn|11\n|-message|Kenobi_1 forfeited.\n|\n|win|VJ2511\n|l|\u2606Kenobi_1\n|player|p1|\n","uploadtime":1768492443,"views":14,"formatid":"gen9vgc2026regi","rating":null,"private":0,"password":null}