{"id":"gen9vgc2026regi-2515005289","format":"[Gen 9] VGC 2026 Reg I","players":["cookbayz","Galact7adi"],"log":"|j|\u2606cookbayz\n|j|\u2606Galact7adi\n|t:|1767935153\n|gametype|doubles\n|player|p1|cookbayz|dancer|1053\n|player|p2|Galact7adi|170|1115\n|gen|9\n|tier|[Gen 9] VGC 2026 Reg I\n|rated|\n|rule|Species Clause: Limit one of each Pok\u00e9mon\n|rule|Item Clause: Limit 1 of each item\n|clearpoke\n|poke|p1|Miraidon, L50|\n|poke|p1|Calyrex-Ice, L50|\n|poke|p1|Volcarona, L50, F|\n|poke|p1|Incineroar, L50, M|\n|poke|p1|Urshifu-*, L50, F|\n|poke|p1|Rillaboom, L50, F|\n|poke|p2|Miraidon, L50|\n|poke|p2|Lunala, L50|\n|poke|p2|Urshifu-*, L50, F|\n|poke|p2|Incineroar, L50, F|\n|poke|p2|Whimsicott, L50, F|\n|poke|p2|Ursaluna, L50, M|\n|teampreview|4\n|inactive|Battle timer is ON: inactive players will automatically lose when time's up. (requested by cookbayz)\n|inactive|Galact7adi also wants the timer to be on.\n|\n|t:|1767935181\n|teamsize|p1|4\n|teamsize|p2|4\n|start\n|switch|p1a: Yellow|Miraidon, L50|100/100\n|switch|p1b: Carrot|Volcarona, L50, F|100/100\n|switch|p2a: Incineroar|Incineroar, L50, F|100/100\n|switch|p2b: Miraidon|Miraidon, L50|100/100\n|-fieldstart|move: Electric Terrain|[from] ability: Hadron Engine|[of] p1a: Yellow\n|-enditem|p1b: Carrot|Electric Seed\n|-boost|p1b: Carrot|def|1|[from] item: Electric Seed\n|-activate|p2b: Miraidon|ability: Hadron Engine\n|-ability|p2a: Incineroar|Intimidate|boost\n|-unboost|p1a: Yellow|atk|1\n|-unboost|p1b: Carrot|atk|1\n|turn|1\n|\n|t:|1767935196\n|switch|p1a: Huy|Rillaboom, L50, F|100/100\n|-fieldstart|move: Grassy Terrain|[from] ability: Grassy Surge|[of] p1a: Huy\n|move|p1b: Carrot|Protect|p1b: Carrot\n|-singleturn|p1b: Carrot|Protect\n|move|p2a: Incineroar|Fake Out|p1a: Huy\n|-damage|p1a: Huy|89/100\n|move|p2b: Miraidon|Volt Switch|p1b: Carrot\n|-activate|p1b: Carrot|move: Protect\n|\n|-heal|p1a: Huy|95/100|[from] Grassy Terrain\n|upkeep\n|turn|2\n|l|\u2606Galact7adi\n|inactive|Galact7adi disconnected and has a minute to reconnect!\n|player|p2|\n|inactive|Galact7adi has 30 seconds left.\n|j|\u2606Galact7adi\n|inactive|Galact7adi reconnected and has 25 seconds left.\n|player|p2|Galact7adi|170|\n|inactive|Galact7adi has 20 seconds left.\n|inactive|Galact7adi has 15 seconds left.\n|inactive|Galact7adi has 10 seconds left.\n|\n|t:|1767935245\n|switch|p2b: Lunala|Lunala, L50|100/100\n|move|p1a: Huy|Fake Out|p2b: Lunala\n|-immune|p2b: Lunala\n|move|p1b: Carrot|Quiver Dance|p1b: Carrot\n|-boost|p1b: Carrot|spa|1\n|-boost|p1b: Carrot|spd|1\n|-boost|p1b: Carrot|spe|1\n|move|p2a: Incineroar|U-turn|p1a: Huy\n|-supereffective|p1a: Huy\n|-damage|p1a: Huy|58/100\n|\n|t:|1767935253\n|switch|p2a: Miraidon|Miraidon, L50|100/100|[from] U-turn\n|-fieldstart|move: Electric Terrain|[from] ability: Hadron Engine|[of] p2a: Miraidon\n|-enditem|p2b: Lunala|Electric Seed\n|-boost|p2b: Lunala|def|1|[from] item: Electric Seed\n|\n|upkeep\n|turn|3\n|inactive|cookbayz has 30 seconds left.\n|\n|t:|1767935283\n|move|p1b: Carrot|Struggle Bug|p2b: Lunala|[spread] p2a,p2b\n|-damage|p2a: Miraidon|77/100\n|-damage|p2b: Lunala|90/100\n|-unboost|p2a: Miraidon|spa|1\n|-unboost|p2b: Lunala|spa|1\n|move|p2a: Miraidon|Volt Switch|p1b: Carrot\n|-damage|p1b: Carrot|61/100\n|\n|t:|1767935292\n|switch|p2a: Ursaluna|Ursaluna, L50, M|100/100|[from] Volt Switch\n|move|p1a: Huy|U-turn|p2b: Lunala\n|-damage|p2b: Lunala|77/100\n|\n|t:|1767935297\n|switch|p1a: Blue|Calyrex-Ice, L50|100/100|[from] U-turn\n|-ability|p1a: Blue|As One\n|-ability|p1a: Blue|Unnerve\n|move|p2b: Lunala|Trick Room|p2b: Lunala\n|-fieldstart|move: Trick Room|[of] p2b: Lunala\n|\n|-status|p2a: Ursaluna|brn|[from] item: Flame Orb\n|upkeep\n|turn|4\n|\n|t:|1767935315\n|move|p2b: Lunala|Wide Guard|p2b: Lunala\n|-singleturn|p2b: Lunala|Wide Guard\n|move|p2a: Ursaluna|Facade|p1a: Blue\n|-damage|p1a: Blue|19/100\n|move|p1a: Blue|High Horsepower|p2a: Ursaluna\n|-damage|p2a: Ursaluna|71/100 brn\n|move|p1b: Carrot|Fiery Dance|p2a: Ursaluna\n|-damage|p2a: Ursaluna|14/100 brn\n|\n|-damage|p2a: Ursaluna|8/100 brn|[from] brn\n|upkeep\n|turn|5\n|\n|t:|1767935332\n|move|p1a: Blue|Protect|p1a: Blue\n|-singleturn|p1a: Blue|Protect\n|move|p1b: Carrot|Protect|p1b: Carrot\n|-singleturn|p1b: Carrot|Protect\n|move|p2b: Lunala|Wide Guard|p2b: Lunala\n|-singleturn|p2b: Lunala|Wide Guard\n|move|p2a: Ursaluna|Earthquake|p1b: Carrot|[spread] \n|-activate|p2b: Lunala|move: Wide Guard\n|-activate|p1a: Blue|move: Protect\n|-activate|p1b: Carrot|move: Protect\n|\n|-damage|p2a: Ursaluna|2/100 brn|[from] brn\n|upkeep\n|turn|6\n|\n|t:|1767935349\n|switch|p1a: Huy|Rillaboom, L50, F|58/100\n|-fieldstart|move: Grassy Terrain|[from] ability: Grassy Surge|[of] p1a: Huy\n|move|p2a: Ursaluna|Facade|p1b: Carrot\n|-damage|p1b: Carrot|0 fnt\n|faint|p1b: Carrot\n|move|p2b: Lunala|Moongeist Beam|p1a: Huy\n|-damage|p1a: Huy|31/100\n|\n|-heal|p2a: Ursaluna|8/100 brn|[from] Grassy Terrain\n|-heal|p1a: Huy|37/100|[from] Grassy Terrain\n|-heal|p2b: Lunala|83/100|[from] Grassy Terrain\n|-damage|p2a: Ursaluna|2/100 brn|[from] brn\n|upkeep\n|\n|t:|1767935356\n|switch|p1b: Blue|Calyrex-Ice, L50|19/100\n|-ability|p1b: Blue|As One\n|-ability|p1b: Blue|Unnerve\n|turn|7\n|\n|t:|1767935380\n|move|p2a: Ursaluna|Protect|p2a: Ursaluna\n|-singleturn|p2a: Ursaluna|Protect\n|move|p1a: Huy|Fake Out|p2a: Ursaluna\n|-activate|p2a: Ursaluna|move: Protect\n|move|p1b: Blue|Glacial Lance|p2a: Ursaluna|[spread] p2b\n|-activate|p2a: Ursaluna|move: Protect\n|-crit|p2b: Lunala\n|-damage|p2b: Lunala|14/100\n|move|p2b: Lunala|Moongeist Beam|p1b: Blue\n|-supereffective|p1b: Blue\n|-damage|p1b: Blue|0 fnt\n|faint|p1b: Blue\n|\n|-heal|p2a: Ursaluna|8/100 brn|[from] Grassy Terrain\n|-heal|p1a: Huy|43/100|[from] Grassy Terrain\n|-heal|p2b: Lunala|20/100|[from] Grassy Terrain\n|-damage|p2a: Ursaluna|2/100 brn|[from] brn\n|-fieldend|move: Trick Room\n|upkeep\n|\n|t:|1767935384\n|switch|p1b: Yellow|Miraidon, L50|100/100\n|-fieldstart|move: Electric Terrain|[from] ability: Hadron Engine|[of] p1b: Yellow\n|turn|8\n|\n|t:|1767935399\n|switch|p2a: Incineroar|Incineroar, L50, F|100/100\n|-ability|p2a: Incineroar|Intimidate|boost\n|-unboost|p1a: Huy|atk|1\n|-unboost|p1b: Yellow|atk|1\n|move|p1b: Yellow|Electro Drift|p2b: Lunala\n|-damage|p2b: Lunala|0 fnt\n|faint|p2b: Lunala\n|move|p1a: Huy|Grassy Glide|p2a: Incineroar\n|-resisted|p2a: Incineroar\n|-damage|p2a: Incineroar|94/100\n|\n|upkeep\n|\n|t:|1767935406\n|switch|p2b: Miraidon|Miraidon, L50|77/100\n|-activate|p2b: Miraidon|ability: Hadron Engine\n|turn|9\n|\n|t:|1767935420\n|-terastallize|p2b: Miraidon|Fairy\n|move|p2a: Incineroar|Fake Out|p1b: Yellow\n|-damage|p1b: Yellow|91/100\n|cant|p1b: Yellow|flinch\n|move|p2b: Miraidon|Dazzling Gleam|p1a: Huy|[spread] p1a,p1b\n|-crit|p1a: Huy\n|-supereffective|p1b: Yellow\n|-damage|p1a: Huy|0 fnt\n|-damage|p1b: Yellow|0 fnt\n|faint|p1a: Huy\n|faint|p1b: Yellow\n|\n|win|Galact7adi\n|raw|cookbayz's rating: 1053 &rarr; <strong>1038</strong><br />(-15 for losing)\n|raw|Galact7adi's rating: 1115 &rarr; <strong>1136</strong><br />(+21 for winning)\n|c|\u2606Galact7adi|Gg wp\n|l|\u2606Galact7adi\n|player|p2|\n|l|\u2606cookbayz\n|player|p1|\n","uploadtime":1767935769,"views":11,"formatid":"gen9vgc2026regi","rating":1038,"private":0,"password":null}