{"id":"gen9vgc2026regi-2562893901","format":"[Gen 9] VGC 2026 Reg I","players":["mimrat6","vestige666"],"log":"|j|\u2606mimrat6\n|j|\u2606vestige666\n|t:|1773959921\n|gametype|doubles\n|player|p1|mimrat6|backersf|1341\n|player|p2|vestige666|blackbelt-gen4dp|1378\n|gen|9\n|tier|[Gen 9] VGC 2026 Reg I\n|rated|\n|rule|Species Clause: Limit one of each Pok\u00e9mon\n|rule|Item Clause: Limit 1 of each item\n|clearpoke\n|poke|p1|Miraidon, L50|\n|poke|p1|Calyrex-Ice, L50|\n|poke|p1|Incineroar, L50, F|\n|poke|p1|Whimsicott, L50, M|\n|poke|p1|Landorus, L50, M|\n|poke|p1|Farigiraf, L50, M|\n|poke|p2|Miraidon, L50|\n|poke|p2|Groudon, L50|\n|poke|p2|Raging Bolt, L50|\n|poke|p2|Farigiraf, L50, M|\n|poke|p2|Whimsicott, L50, F|\n|poke|p2|Iron Bundle, L50|\n|teampreview|4\n|inactive|Battle timer is ON: inactive players will automatically lose when time's up. (requested by mimrat6)\n|inactive|mimrat6 has 60 seconds left.\n|\n|t:|1773959979\n|teamsize|p1|4\n|teamsize|p2|4\n|start\n|switch|p1a: Calyrex|Calyrex-Ice, L50|100/100\n|switch|p1b: Farigiraf|Farigiraf, L50, M, shiny|100/100\n|switch|p2a: Gigi Murin|Iron Bundle, L50|100/100\n|switch|p2b: Nerissa|Miraidon, L50|100/100\n|-ability|p1a: Calyrex|As One\n|-ability|p1a: Calyrex|Unnerve\n|-fieldstart|move: Electric Terrain|[from] ability: Hadron Engine|[of] p2b: Nerissa\n|-activate|p2a: Gigi Murin|ability: Quark Drive\n|-start|p2a: Gigi Murin|quarkdrivespe\n|-enditem|p1b: Farigiraf|Electric Seed\n|-boost|p1b: Farigiraf|def|1|[from] item: Electric Seed\n|turn|1\n|inactive|mimrat6 has 30 seconds left.\n|inactive|vestige666 has 30 seconds left.\n|inactive|mimrat6 has 20 seconds left.\n|\n|t:|1773960015\n|switch|p1a: Landorus|Landorus, L50, M, shiny|100/100\n|-terastallize|p2b: Nerissa|Fire\n|move|p2a: Gigi Murin|U-turn|p1b: Farigiraf\n|-supereffective|p1b: Farigiraf\n|-damage|p1b: Farigiraf|85/100\n|\n|t:|1773960023\n|-end|p2a: Gigi Murin|Quark Drive|[silent]\n|switch|p2a: Kronii|Groudon, L50|100/100|[from] U-turn\n|-weather|SunnyDay|[from] ability: Drought|[of] p2a: Kronii\n|move|p2b: Nerissa|Overheat|p1a: Landorus\n|-damage|p1a: Landorus|0 fnt\n|-unboost|p2b: Nerissa|spa|2\n|faint|p1a: Landorus\n|move|p1b: Farigiraf|Trick Room|p1b: Farigiraf\n|-fieldstart|move: Trick Room|[of] p1b: Farigiraf\n|\n|-weather|SunnyDay|[upkeep]\n|upkeep\n|\n|t:|1773960036\n|switch|p1a: Calyrex|Calyrex-Ice, L50|100/100\n|-ability|p1a: Calyrex|As One\n|-ability|p1a: Calyrex|Unnerve\n|turn|2\n|\n|t:|1773960060\n|move|p2a: Kronii|Protect|p2a: Kronii\n|-singleturn|p2a: Kronii|Protect\n|move|p1a: Calyrex|Glacial Lance|p2b: Nerissa|[spread] p2b\n|-activate|p2a: Kronii|move: Protect\n|-resisted|p2b: Nerissa\n|-damage|p2b: Nerissa|75/100\n|move|p1b: Farigiraf|Foul Play|p2a: Kronii\n|-activate|p2a: Kronii|move: Protect\n|move|p2b: Nerissa|Volt Switch|p1b: Farigiraf\n|-damage|p1b: Farigiraf|55/100\n|\n|t:|1773960074\n|switch|p2b: Biboo|Raging Bolt, L50|100/100|[from] Volt Switch\n|-activate|p2b: Biboo|ability: Protosynthesis\n|-start|p2b: Biboo|protosynthesisspa\n|\n|-weather|SunnyDay|[upkeep]\n|upkeep\n|turn|3\n|\n|t:|1773960086\n|switch|p2a: Nerissa|Miraidon, L50, tera:Fire|75/100\n|-activate|p2a: Nerissa|ability: Hadron Engine\n|move|p1b: Farigiraf|Helping Hand|p1a: Calyrex\n|-singleturn|p1a: Calyrex|Helping Hand|[of] p1b: Farigiraf\n|move|p2b: Biboo|Protect|p2b: Biboo\n|-singleturn|p2b: Biboo|Protect\n|move|p1a: Calyrex|Glacial Lance|p2a: Nerissa|[spread] p2a\n|-activate|p2b: Biboo|move: Protect\n|-resisted|p2a: Nerissa\n|-damage|p2a: Nerissa|37/100\n|\n|-weather|SunnyDay|[upkeep]\n|upkeep\n|turn|4\n|inactive|mimrat6 has 30 seconds left.\n|inactive|mimrat6 has 20 seconds left.\n|\n|t:|1773960124\n|-end|p2b: Biboo|Protosynthesis|[silent]\n|switch|p2b: Gigi Murin|Iron Bundle, L50|100/100\n|-activate|p2b: Gigi Murin|ability: Quark Drive\n|-start|p2b: Gigi Murin|quarkdrivespe\n|move|p1a: Calyrex|Glacial Lance|p2a: Nerissa|[spread] p2a,p2b\n|-resisted|p2a: Nerissa\n|-resisted|p2b: Gigi Murin\n|-damage|p2a: Nerissa|14/100\n|-damage|p2b: Gigi Murin|84/100\n|move|p1b: Farigiraf|Foul Play|p2a: Nerissa\n|-damage|p2a: Nerissa|0 fnt\n|faint|p2a: Nerissa\n|\n|-weather|SunnyDay|[upkeep]\n|upkeep\n|inactive|vestige666 has 30 seconds left.\n|\n|t:|1773960149\n|switch|p2a: Biboo|Raging Bolt, L50|100/100\n|-activate|p2a: Biboo|ability: Protosynthesis\n|-start|p2a: Biboo|protosynthesisspa\n|turn|5\n|\n|t:|1773960159\n|move|p2a: Biboo|Protect|p2a: Biboo\n|-singleturn|p2a: Biboo|Protect\n|move|p2b: Gigi Murin|Protect|p2b: Gigi Murin\n|-singleturn|p2b: Gigi Murin|Protect\n|move|p1a: Calyrex|Trick Room|p1a: Calyrex\n|-fieldend|move: Trick Room\n|move|p1b: Farigiraf|Trick Room|p1b: Farigiraf\n|-fieldstart|move: Trick Room|[of] p1b: Farigiraf\n|\n|-weather|none\n|-end|p2a: Biboo|Protosynthesis\n|-fieldend|move: Electric Terrain\n|-end|p2b: Gigi Murin|Quark Drive\n|upkeep\n|turn|6\n|\n|t:|1773960177\n|-end|p2b: Gigi Murin|Quark Drive|[silent]\n|switch|p2b: Kronii|Groudon, L50|100/100\n|-weather|SunnyDay|[from] ability: Drought|[of] p2b: Kronii\n|-activate|p2a: Biboo|ability: Protosynthesis\n|-start|p2a: Biboo|protosynthesisspa\n|move|p1b: Farigiraf|Helping Hand|p1a: Calyrex\n|-singleturn|p1a: Calyrex|Helping Hand|[of] p1b: Farigiraf\n|move|p1a: Calyrex|Glacial Lance|p2b: Kronii|[spread] p2a,p2b\n|-supereffective|p2a: Biboo\n|-supereffective|p2b: Kronii\n|-damage|p2a: Biboo|0 fnt\n|-damage|p2b: Kronii|0 fnt\n|faint|p2a: Biboo\n|-end|p2a: Biboo|Protosynthesis|[silent]\n|faint|p2b: Kronii\n|-ability|p1a: Calyrex|Chilling Neigh|boost\n|-boost|p1a: Calyrex|atk|2\n|\n|-weather|SunnyDay|[upkeep]\n|upkeep\n|c|\u2606vestige666|sick\n|-message|vestige666 forfeited.\n|\n|win|mimrat6\n|raw|mimrat6's rating: 1341 &rarr; <strong>1363</strong><br />(+22 for winning)\n|raw|vestige666's rating: 1378 &rarr; <strong>1356</strong><br />(-22 for losing)\n|l|\u2606vestige666\n|player|p2|\n","uploadtime":1773960215,"views":18,"formatid":"gen9vgc2026regi","rating":1356,"private":0,"password":null}