{"id":"gen9vgc2026regi-2554096849","format":"[Gen 9] VGC 2026 Reg I","players":["CHR1SPHX","efwefwefwefweifier"],"log":"|j|\u2606CHR1SPHX\n|j|\u2606efwefwefwefweifier\n|t:|1772919284\n|gametype|doubles\n|player|p1|CHR1SPHX|hilbert|1289\n|player|p2|efwefwefwefweifier|clown|1535\n|gen|9\n|tier|[Gen 9] VGC 2026 Reg I\n|rated|\n|rule|Species Clause: Limit one of each Pok\u00e9mon\n|rule|Item Clause: Limit 1 of each item\n|clearpoke\n|poke|p1|Lunala, L50|\n|poke|p1|Amoonguss, L50, M|\n|poke|p1|Ursaluna-Bloodmoon, L50, M|\n|poke|p1|Incineroar, L50, M|\n|poke|p1|Koraidon, L50|\n|poke|p1|Flutter Mane, L50|\n|poke|p2|Koraidon, L50|\n|poke|p2|Lunala, L50|\n|poke|p2|Chi-Yu, L50|\n|poke|p2|Flutter Mane, L50|\n|poke|p2|Brute Bonnet, L50|\n|poke|p2|Ursaluna, L50, F|\n|teampreview|4\n|inactive|Battle timer is ON: inactive players will automatically lose when time's up. (requested by efwefwefwefweifier)\n|inactive|CHR1SPHX also wants the timer to be on.\n|inactive|CHR1SPHX has 60 seconds left.\n|inactive|efwefwefwefweifier has 60 seconds left.\n|inactive|CHR1SPHX has 30 seconds left.\n|inactive|efwefwefwefweifier has 30 seconds left.\n|\n|t:|1772919352\n|teamsize|p1|4\n|teamsize|p2|4\n|start\n|switch|p1a: Lunala|Lunala, L50, shiny|100/100\n|switch|p1b: Incineroar|Incineroar, L50, M|100/100\n|switch|p2a: Squishy Fishy|Chi-Yu, L50|100/100\n|switch|p2b: Blasty Pasty|Flutter Mane, L50|100/100\n|-ability|p2a: Squishy Fishy|Beads of Ruin\n|-ability|p1b: Incineroar|Intimidate|boost\n|-unboost|p2a: Squishy Fishy|atk|1\n|-unboost|p2b: Blasty Pasty|atk|1\n|turn|1\n|\n|t:|1772919370\n|-terastallize|p2b: Blasty Pasty|Stellar\n|-terastallize|p1a: Lunala|Fairy\n|move|p1a: Lunala|Wide Guard|p1a: Lunala\n|-singleturn|p1a: Lunala|Wide Guard\n|move|p2a: Squishy Fishy|Snarl|p1a: Lunala|[spread] \n|-activate|p1a: Lunala|move: Wide Guard\n|-activate|p1b: Incineroar|move: Wide Guard\n|move|p2b: Blasty Pasty|Moonblast|p1b: Incineroar\n|-damage|p1b: Incineroar|33/100\n|move|p1b: Incineroar|Knock Off|p2b: Blasty Pasty\n|-damage|p2b: Blasty Pasty|16/100\n|-enditem|p2b: Blasty Pasty|Focus Sash|[from] move: Knock Off|[of] p1b: Incineroar\n|\n|upkeep\n|turn|2\n|inactive|CHR1SPHX has 30 seconds left.\n|inactive|efwefwefwefweifier has 30 seconds left.\n|\n|t:|1772919401\n|switch|p1b: Amoonguss|Amoonguss, L50, M, shiny|100/100\n|move|p2b: Blasty Pasty|Protect|p2b: Blasty Pasty\n|-singleturn|p2b: Blasty Pasty|Protect\n|move|p2a: Squishy Fishy|Snarl|p1a: Lunala|[spread] p1a,p1b\n|-resisted|p1a: Lunala\n|-damage|p1a: Lunala|95/100\n|-damage|p1b: Amoonguss|79/100\n|-unboost|p1a: Lunala|spa|1\n|-unboost|p1b: Amoonguss|spa|1\n|move|p1a: Lunala|Moonblast|p2a: Squishy Fishy\n|-damage|p2a: Squishy Fishy|62/100\n|\n|upkeep\n|turn|3\n|\n|t:|1772919417\n|move|p1b: Amoonguss|Rage Powder|p1b: Amoonguss\n|-singleturn|p1b: Amoonguss|move: Rage Powder\n|move|p2a: Squishy Fishy|Snarl|p1a: Lunala|[spread] p1a\n|-miss|p2a: Squishy Fishy|p1b: Amoonguss\n|-resisted|p1a: Lunala\n|-damage|p1a: Lunala|86/100\n|-unboost|p1a: Lunala|spa|1\n|move|p2b: Blasty Pasty|Shadow Ball|p1b: Amoonguss\n|-damage|p1b: Amoonguss|23/100\n|move|p1a: Lunala|Moonblast|p2b: Blasty Pasty\n|-damage|p2b: Blasty Pasty|0 fnt\n|faint|p2b: Blasty Pasty\n|-end|p2b: Blasty Pasty|Protosynthesis|[silent]\n|\n|upkeep\n|inactive|efwefwefwefweifier has 30 seconds left.\n|\n|t:|1772919446\n|switch|p2b: Quakey Makey|Ursaluna, L50, F|100/100\n|turn|4\n|\n|t:|1772919463\n|switch|p1b: Incineroar|Incineroar, L50, M|33/100\n|-ability|p1b: Incineroar|Intimidate|boost\n|-unboost|p2a: Squishy Fishy|atk|1\n|-unboost|p2b: Quakey Makey|atk|1\n|move|p2b: Quakey Makey|Protect|p2b: Quakey Makey\n|-singleturn|p2b: Quakey Makey|Protect\n|move|p2a: Squishy Fishy|Snarl|p1a: Lunala|[spread] p1a,p1b\n|-resisted|p1a: Lunala\n|-resisted|p1b: Incineroar\n|-damage|p1a: Lunala|76/100\n|-damage|p1b: Incineroar|22/100\n|-unboost|p1a: Lunala|spa|1\n|-unboost|p1b: Incineroar|spa|1\n|move|p1a: Lunala|Moonblast|p2a: Squishy Fishy\n|-damage|p2a: Squishy Fishy|39/100\n|-unboost|p2a: Squishy Fishy|spa|1\n|\n|-status|p2b: Quakey Makey|brn|[from] item: Flame Orb\n|upkeep\n|turn|5\n|\n|t:|1772919484\n|switch|p2a: rawr!|Koraidon, L50|100/100\n|-weather|SunnyDay|[from] ability: Orichalcum Pulse|[of] p2a: rawr!\n|-activate|p2a: rawr!|Orichalcum Pulse|[source]\n|switch|p1a: Koraidon|Koraidon, L50|100/100\n|-activate|p1a: Koraidon|ability: Orichalcum Pulse\n|move|p1b: Incineroar|Fake Out|p2b: Quakey Makey\n|-damage|p2b: Quakey Makey|92/100 brn\n|cant|p2b: Quakey Makey|flinch\n|\n|-weather|SunnyDay|[upkeep]\n|-damage|p2b: Quakey Makey|86/100 brn|[from] brn\n|upkeep\n|turn|6\n|inactive|efwefwefwefweifier has 30 seconds left.\n|\n|t:|1772919512\n|switch|p1b: Amoonguss|Amoonguss, L50, M, shiny|56/100\n|move|p1a: Koraidon|Protect|p1a: Koraidon\n|-singleturn|p1a: Koraidon|Protect\n|move|p2a: rawr!|Flame Charge|p1b: Amoonguss\n|-supereffective|p1b: Amoonguss\n|-damage|p1b: Amoonguss|0 fnt\n|-boost|p2a: rawr!|spe|1\n|-damage|p2a: rawr!|84/100|[from] item: Rocky Helmet|[of] p1b: Amoonguss\n|faint|p1b: Amoonguss\n|-damage|p2a: rawr!|74/100|[from] item: Life Orb\n|move|p2b: Quakey Makey|Facade|p1a: Koraidon\n|-activate|p1a: Koraidon|move: Protect\n|\n|-weather|SunnyDay|[upkeep]\n|-damage|p2b: Quakey Makey|80/100 brn|[from] brn\n|upkeep\n|\n|t:|1772919516\n|switch|p1b: Incineroar|Incineroar, L50, M|22/100\n|-ability|p1b: Incineroar|Intimidate|boost\n|-unboost|p2a: rawr!|atk|1\n|-unboost|p2b: Quakey Makey|atk|1\n|turn|7\n|inactive|CHR1SPHX has 30 seconds left.\n|\n|t:|1772919543\n|move|p2a: rawr!|Protect|p2a: rawr!\n|-singleturn|p2a: rawr!|Protect\n|move|p1b: Incineroar|Fake Out|p2a: rawr!\n|-activate|p2a: rawr!|move: Protect\n|move|p1a: Koraidon|Collision Course|p2a: rawr!\n|-activate|p2a: rawr!|move: Protect\n|move|p2b: Quakey Makey|Earthquake|p1a: Koraidon|[spread] p1a,p1b\n|-activate|p2a: rawr!|move: Protect\n|-supereffective|p1b: Incineroar\n|-damage|p1a: Koraidon|74/100\n|-damage|p1b: Incineroar|0 fnt\n|faint|p1b: Incineroar\n|\n|-weather|SunnyDay|[upkeep]\n|-damage|p2b: Quakey Makey|74/100 brn|[from] brn\n|upkeep\n|\n|t:|1772919545\n|switch|p1b: Lunala|Lunala, L50, shiny, tera:Fairy|76/100\n|turn|8\n|inactive|efwefwefwefweifier has 30 seconds left.\n|inactive|efwefwefwefweifier has 20 seconds left.\n|inactive|efwefwefwefweifier has 15 seconds left.\n|\n|t:|1772919588\n|move|p2b: Quakey Makey|Protect|p2b: Quakey Makey\n|-singleturn|p2b: Quakey Makey|Protect\n|move|p2a: rawr!|Flare Blitz|p1b: Lunala\n|-damage|p1b: Lunala|21/100\n|-status|p1b: Lunala|brn\n|-damage|p2a: rawr!|49/100|[from] Recoil\n|-damage|p2a: rawr!|40/100|[from] item: Life Orb\n|move|p1a: Koraidon|Collision Course|p2b: Quakey Makey\n|-activate|p2b: Quakey Makey|move: Protect\n|move|p1b: Lunala|Moonblast|p2a: rawr!\n|-supereffective|p2a: rawr!\n|-damage|p2a: rawr!|0 fnt\n|faint|p2a: rawr!\n|\n|-weather|SunnyDay|[upkeep]\n|-damage|p1b: Lunala|15/100 brn|[from] brn\n|-damage|p2b: Quakey Makey|68/100 brn|[from] brn\n|upkeep\n|\n|t:|1772919597\n|switch|p2a: Squishy Fishy|Chi-Yu, L50|39/100\n|-ability|p2a: Squishy Fishy|Beads of Ruin\n|turn|9\n|\n|t:|1772919620\n|move|p1b: Lunala|Wide Guard|p1b: Lunala\n|-singleturn|p1b: Lunala|Wide Guard\n|move|p2a: Squishy Fishy|Overheat|p1a: Koraidon\n|-resisted|p1a: Koraidon\n|-damage|p1a: Koraidon|20/100\n|-unboost|p2a: Squishy Fishy|spa|2\n|move|p1a: Koraidon|Collision Course|p2b: Quakey Makey\n|-supereffective|p2b: Quakey Makey\n|-damage|p2b: Quakey Makey|0 fnt\n|faint|p2b: Quakey Makey\n|\n|-weather|none\n|-damage|p1b: Lunala|8/100 brn|[from] brn\n|upkeep\n|turn|10\n|\n|t:|1772919629\n|move|p2a: Squishy Fishy|Overheat|p1a: Koraidon\n|-resisted|p1a: Koraidon\n|-crit|p1a: Koraidon\n|-damage|p1a: Koraidon|0 fnt\n|-unboost|p2a: Squishy Fishy|spa|2\n|faint|p1a: Koraidon\n|move|p1b: Lunala|Moonblast|p2a: Squishy Fishy\n|-damage|p2a: Squishy Fishy|0 fnt\n|faint|p2a: Squishy Fishy\n|\n|win|CHR1SPHX\n|raw|CHR1SPHX's rating: 1289 &rarr; <strong>1329</strong><br />(+40 for winning)\n|raw|efwefwefwefweifier's rating: 1535 &rarr; <strong>1503</strong><br />(-32 for losing)\n|l|\u2606efwefwefwefweifier\n|player|p2|\n|c|\u2606CHR1SPHX|gg\n","uploadtime":1772919689,"views":14,"formatid":"gen9vgc2026regi","rating":1329,"private":0,"password":null}