{"id":"gen9vgc2026regi-2560341626","format":"[Gen 9] VGC 2026 Reg I","players":["breezedrw","fernsthedruids"],"log":"|j|\u2606breezedrw\n|j|\u2606fernsthedruids\n|t:|1773678816\n|gametype|doubles\n|player|p1|breezedrw|winona|1054\n|player|p2|fernsthedruids|102|1144\n|gen|9\n|tier|[Gen 9] VGC 2026 Reg I\n|rated|\n|rule|Species Clause: Limit one of each Pok\u00e9mon\n|rule|Item Clause: Limit 1 of each item\n|clearpoke\n|poke|p1|Primarina, L50, F|\n|poke|p1|Sableye, L50, F|\n|poke|p1|Zamazenta-*, L50|\n|poke|p1|Talonflame, L50, F|\n|poke|p1|Smeargle, L50, M|\n|poke|p1|Serperior, L50, F|\n|poke|p2|Kyogre, L50|\n|poke|p2|Calyrex-Ice, L50|\n|poke|p2|Raging Bolt, L50|\n|poke|p2|Tornadus, L50, M|\n|poke|p2|Incineroar, L50, M|\n|poke|p2|Hitmontop, L50, M|\n|teampreview|4\n|\n|t:|1773678837\n|teamsize|p1|4\n|teamsize|p2|4\n|start\n|switch|p1a: Perdita|Zamazenta-Crowned, L50|100/100\n|switch|p1b: Lisa|Smeargle, L50, M, shiny|100/100\n|switch|p2a: Tornadus|Tornadus, L50, M|100/100\n|switch|p2b: Kyogre|Kyogre, L50|100/100\n|-ability|p1a: Perdita|Dauntless Shield|boost\n|-boost|p1a: Perdita|def|1\n|-weather|RainDance|[from] ability: Drizzle|[of] p2b: Kyogre\n|turn|1\n|\n|t:|1773678858\n|switch|p2b: Hitmontop|Hitmontop, L50, M|100/100\n|-ability|p2b: Hitmontop|Intimidate|boost\n|-unboost|p1a: Perdita|atk|1\n|-unboost|p1b: Lisa|atk|1\n|move|p1a: Perdita|Wide Guard|p1a: Perdita\n|-singleturn|p1a: Perdita|Wide Guard\n|move|p2a: Tornadus|Taunt|p1b: Lisa\n|-start|p1b: Lisa|move: Taunt\n|cant|p1b: Lisa|move: Taunt|Imprison\n|\n|-weather|RainDance|[upkeep]\n|-ability|p1b: Lisa|Moody|boost\n|-boost|p1b: Lisa|spa|2\n|-unboost|p1b: Lisa|def|1\n|upkeep\n|turn|2\n|\n|t:|1773678911\n|switch|p1b: Mynor|Sableye, L50, F|100/100\n|switch|p2a: Kyogre|Kyogre, L50|100/100\n|-terastallize|p1a: Perdita|Dark\n|move|p2b: Hitmontop|Fake Out|p1b: Mynor\n|-immune|p1b: Mynor\n|move|p1a: Perdita|Iron Defense|p1a: Perdita\n|-boost|p1a: Perdita|def|2\n|\n|-weather|RainDance|[upkeep]\n|upkeep\n|turn|3\n|\n|t:|1773678970\n|switch|p2b: Tornadus|Tornadus, L50, M|100/100\n|move|p1a: Perdita|Wide Guard|p1a: Perdita\n|-singleturn|p1a: Perdita|Wide Guard\n|move|p1b: Mynor|Encore||[still]\n|-fail|p1b: Mynor\n|move|p2a: Kyogre|Water Spout|p1b: Mynor|[spread] \n|-activate|p1a: Perdita|move: Wide Guard\n|-activate|p1b: Mynor|move: Wide Guard\n|\n|-weather|RainDance|[upkeep]\n|upkeep\n|turn|4\n|\n|t:|1773679001\n|move|p2b: Tornadus|Tailwind|p2b: Tornadus\n|-sidestart|p2: fernsthedruids|move: Tailwind\n|move|p1b: Mynor|Thunder Wave|p2a: Kyogre\n|-status|p2a: Kyogre|par\n|move|p1a: Perdita|Body Press|p2a: Kyogre\n|-damage|p2a: Kyogre|0 fnt\n|faint|p2a: Kyogre\n|\n|-weather|RainDance|[upkeep]\n|upkeep\n|\n|t:|1773679010\n|switch|p2a: Raging Bolt|Raging Bolt, L50|100/100\n|turn|5\n|\n|t:|1773679019\n|-terastallize|p2a: Raging Bolt|Fairy\n|move|p1b: Mynor|Encore|p2b: Tornadus\n|-start|p2b: Tornadus|Encore\n|move|p2b: Tornadus|Tailwind||[still]\n|-fail|p2b: Tornadus\n|move|p2a: Raging Bolt|Thunderbolt|p1a: Perdita\n|-damage|p1a: Perdita|46/100\n|-damage|p2a: Raging Bolt|91/100|[from] item: Life Orb\n|move|p1a: Perdita|Iron Defense|p1a: Perdita\n|-boost|p1a: Perdita|def|2\n|\n|-weather|none\n|upkeep\n|turn|6\n|\n|t:|1773679057\n|switch|p2b: Hitmontop|Hitmontop, L50, M|100/100\n|-ability|p2b: Hitmontop|Intimidate|boost\n|-unboost|p1a: Perdita|atk|1\n|-unboost|p1b: Mynor|atk|1\n|move|p1b: Mynor|Disable|p2a: Raging Bolt\n|-start|p2a: Raging Bolt|Disable|Thunderbolt\n|cant|p2a: Raging Bolt|Disable|Thunderbolt\n|move|p1a: Perdita|Iron Defense|p1a: Perdita\n|-boost|p1a: Perdita|def|1\n|\n|upkeep\n|turn|7\n|\n|t:|1773679073\n|move|p2b: Hitmontop|Feint|p1a: Perdita\n|-damage|p1a: Perdita|44/100\n|move|p1b: Mynor|Encore|p2a: Raging Bolt\n|-start|p2a: Raging Bolt|Encore\n|cant|p2a: Raging Bolt|Disable|Thunderbolt\n|move|p1a: Perdita|Scary Face|p2b: Hitmontop\n|-unboost|p2b: Hitmontop|spe|2\n|\n|-sideend|p2: fernsthedruids|move: Tailwind\n|upkeep\n|turn|8\n|\n|t:|1773679087\n|-end|p2a: Raging Bolt|Protosynthesis|[silent]\n|switch|p2a: Tornadus|Tornadus, L50, M|100/100\n|move|p1a: Perdita|Body Press|p2b: Hitmontop\n|-damage|p2b: Hitmontop|0 fnt\n|faint|p2b: Hitmontop\n|move|p1b: Mynor|Knock Off|p2a: Tornadus\n|-damage|p2a: Tornadus|78/100\n|-enditem|p2a: Tornadus|Covert Cloak|[from] move: Knock Off|[of] p1b: Mynor\n|\n|upkeep\n|\n|t:|1773679093\n|switch|p2b: Raging Bolt|Raging Bolt, L50, tera:Fairy|91/100\n|turn|9\n|\n|t:|1773679142\n|move|p2a: Tornadus|Tailwind|p2a: Tornadus\n|-sidestart|p2: fernsthedruids|move: Tailwind\n|move|p1b: Mynor|Thunder Wave|p2a: Tornadus\n|-status|p2a: Tornadus|par\n|move|p2b: Raging Bolt|Thunderbolt|p1a: Perdita\n|-damage|p1a: Perdita|0 fnt\n|faint|p1a: Perdita\n|-damage|p2b: Raging Bolt|81/100|[from] item: Life Orb\n|\n|upkeep\n|\n|t:|1773679156\n|switch|p1a: Medusa|Serperior, L50, F, shiny|100/100\n|turn|10\n|\n|t:|1773679167\n|move|p1a: Medusa|Protect|p1a: Medusa\n|-singleturn|p1a: Medusa|Protect\n|move|p2a: Tornadus|Taunt|p1a: Medusa\n|-activate|p1a: Medusa|move: Protect\n|move|p1b: Mynor|Encore|p2a: Tornadus\n|-start|p2a: Tornadus|Encore\n|move|p2b: Raging Bolt|Draco Meteor|p1b: Mynor\n|-damage|p1b: Mynor|0 fnt\n|-unboost|p2b: Raging Bolt|spa|2\n|faint|p1b: Mynor\n|-damage|p2b: Raging Bolt|72/100|[from] item: Life Orb\n|\n|upkeep\n|\n|t:|1773679186\n|switch|p1b: Lisa|Smeargle, L50, M, shiny|100/100\n|turn|11\n|\n|t:|1773679196\n|move|p1b: Lisa|Baneful Bunker|p1b: Lisa\n|-singleturn|p1b: Lisa|move: Protect\n|cant|p2a: Tornadus|par\n|move|p2b: Raging Bolt|Draco Meteor|p1a: Medusa\n|-damage|p1a: Medusa|40/100\n|-unboost|p2b: Raging Bolt|spa|2\n|-damage|p2b: Raging Bolt|62/100|[from] item: Life Orb\n|move|p1a: Medusa|Leaf Storm|p2b: Raging Bolt\n|-damage|p2b: Raging Bolt|18/100\n|-boost|p1a: Medusa|spa|2\n|\n|-ability|p1b: Lisa|Moody|boost\n|-boost|p1b: Lisa|atk|2\n|-unboost|p1b: Lisa|spe|1\n|upkeep\n|turn|12\n|\n|t:|1773679216\n|move|p1a: Medusa|Protect|p1a: Medusa\n|-singleturn|p1a: Medusa|Protect\n|move|p2b: Raging Bolt|Thunderclap||[still]\n|-fail|p2b: Raging Bolt\n|move|p2a: Tornadus|Taunt|p1b: Lisa\n|-start|p1b: Lisa|move: Taunt\n|cant|p1b: Lisa|move: Taunt|Imprison\n|\n|-sideend|p2: fernsthedruids|move: Tailwind\n|-ability|p1b: Lisa|Moody|boost\n|-boost|p1b: Lisa|def|2\n|-unboost|p1b: Lisa|spe|1\n|upkeep\n|turn|13\n|\n|t:|1773679231\n|move|p1a: Medusa|Protect|p1a: Medusa\n|-singleturn|p1a: Medusa|Protect\n|move|p2b: Raging Bolt|Protect|p2b: Raging Bolt\n|-singleturn|p2b: Raging Bolt|Protect\n|move|p2a: Tornadus|Taunt|p1a: Medusa\n|-activate|p1a: Medusa|move: Protect\n|move|p1b: Lisa|Astral Barrage|p2a: Tornadus|[spread] p2a\n|-activate|p2b: Raging Bolt|move: Protect\n|-damage|p2a: Tornadus|70/100 par\n|\n|-end|p2a: Tornadus|Encore\n|-ability|p1b: Lisa|Moody|boost\n|-boost|p1b: Lisa|spa|2\n|-unboost|p1b: Lisa|spe|1\n|upkeep\n|turn|14\n|\n|t:|1773679249\n|move|p1a: Medusa|Leaf Storm|p2b: Raging Bolt\n|-damage|p2b: Raging Bolt|0 fnt\n|-boost|p1a: Medusa|spa|2\n|faint|p2b: Raging Bolt\n|-end|p2b: Raging Bolt|Protosynthesis|[silent]\n|move|p2a: Tornadus|Hurricane|p1a: Medusa\n|-supereffective|p1a: Medusa\n|-crit|p1a: Medusa\n|-damage|p1a: Medusa|0 fnt\n|faint|p1a: Medusa\n|move|p1b: Lisa|Astral Barrage|p2a: Tornadus\n|-crit|p2a: Tornadus\n|-damage|p2a: Tornadus|41/100 par\n|\n|-end|p1b: Lisa|move: Taunt\n|-ability|p1b: Lisa|Moody|boost\n|-boost|p1b: Lisa|def|2\n|-unboost|p1b: Lisa|atk|1\n|upkeep\n|turn|15\n|\n|t:|1773679269\n|move|p1b: Lisa|Baneful Bunker|p1b: Lisa\n|-singleturn|p1b: Lisa|move: Protect\n|move|p2a: Tornadus|Hurricane|p1b: Lisa\n|-activate|p1b: Lisa|move: Protect\n|\n|-ability|p1b: Lisa|Moody|boost\n|-boost|p1b: Lisa|spa|2\n|-unboost|p1b: Lisa|spd|1\n|upkeep\n|turn|16\n|\n|t:|1773679283\n|move|p2a: Tornadus|Hurricane|p1b: Lisa\n|-damage|p1b: Lisa|0 fnt\n|faint|p1b: Lisa\n|\n|win|fernsthedruids\n|raw|breezedrw's rating: 1054 &rarr; <strong>1040</strong><br />(-14 for losing)\n|raw|fernsthedruids's rating: 1144 &rarr; <strong>1163</strong><br />(+19 for winning)\n|c|\u2606fernsthedruids|???\n|l|\u2606breezedrw\n|player|p1|\n|l|\u2606fernsthedruids\n|player|p2|\n","uploadtime":1773679481,"views":10,"formatid":"gen9vgc2026regi","rating":1040,"private":0,"password":null}