{"id":"gen9vgc2026regi-2525698656","format":"[Gen 9] VGC 2026 Reg I","players":["kojimuranishi","Unskilled99"],"log":"|j|\u2606kojimuranishi\n|j|\u2606Unskilled99\n|t:|1769312126\n|gametype|doubles\n|player|p1|kojimuranishi|169|1572\n|player|p2|Unskilled99|unknown|1590\n|gen|9\n|tier|[Gen 9] VGC 2026 Reg I\n|rated|\n|rule|Species Clause: Limit one of each Pok\u00e9mon\n|rule|Item Clause: Limit 1 of each item\n|clearpoke\n|poke|p1|Zamazenta-*, L50|\n|poke|p1|Lunala, L50|\n|poke|p1|Chien-Pao, L50|\n|poke|p1|Dragonite, L50, F|\n|poke|p1|Landorus, L50, M|\n|poke|p1|Urshifu-*, L50, M|\n|poke|p2|Calyrex-Shadow, L50|\n|poke|p2|Zamazenta-*, L50|\n|poke|p2|Chien-Pao, L50|\n|poke|p2|Dragonite, L50, M|\n|poke|p2|Raging Bolt, L50|\n|poke|p2|Amoonguss, L50, M|\n|teampreview|4\n|inactive|Battle timer is ON: inactive players will automatically lose when time's up. (requested by kojimuranishi)\n|inactive|Unskilled99 has 60 seconds left.\n|\n|t:|1769312174\n|teamsize|p1|4\n|teamsize|p2|4\n|start\n|switch|p1a: Landorus|Landorus, L50, M|100/100\n|switch|p1b: Chien-Pao|Chien-Pao, L50|100/100\n|switch|p2a: Chien-Pao|Chien-Pao, L50|100/100\n|switch|p2b: Zamazenta|Zamazenta-Crowned, L50|100/100\n|-ability|p2a: Chien-Pao|Sword of Ruin\n|-ability|p1b: Chien-Pao|Sword of Ruin\n|-ability|p2b: Zamazenta|Dauntless Shield|boost\n|-boost|p2b: Zamazenta|def|1\n|turn|1\n|\n|t:|1769312199\n|move|p1b: Chien-Pao|Protect|p1b: Chien-Pao\n|-singleturn|p1b: Chien-Pao|Protect\n|move|p2b: Zamazenta|Protect|p2b: Zamazenta\n|-singleturn|p2b: Zamazenta|Protect\n|move|p1a: Landorus|U-turn|p2a: Chien-Pao\n|-supereffective|p2a: Chien-Pao\n|-damage|p2a: Chien-Pao|55/100\n|\n|t:|1769312206\n|switch|p1a: Zamazenta|Zamazenta-Crowned, L50|100/100|[from] U-turn\n|-ability|p1a: Zamazenta|Dauntless Shield|boost\n|-boost|p1a: Zamazenta|def|1\n|move|p2a: Chien-Pao|Icy Wind|p1b: Chien-Pao|[spread] p1a\n|-activate|p1b: Chien-Pao|move: Protect\n|-resisted|p1a: Zamazenta\n|-damage|p1a: Zamazenta|97/100\n|-unboost|p1a: Zamazenta|spe|1\n|\n|upkeep\n|turn|2\n|inactive|kojimuranishi has 30 seconds left.\n|inactive|Unskilled99 has 30 seconds left.\n|inactive|kojimuranishi has 20 seconds left.\n|inactive|kojimuranishi has 15 seconds left.\n|\n|t:|1769312250\n|switch|p1b: Lunala|Lunala, L50|100/100\n|-terastallize|p1a: Zamazenta|Water\n|move|p2a: Chien-Pao|Ruination|p1a: Zamazenta\n|-damage|p1a: Zamazenta|49/100\n|move|p2b: Zamazenta|Heavy Slam|p1b: Lunala\n|-crit|p1b: Lunala\n|-damage|p1b: Lunala|62/100\n|move|p1a: Zamazenta|Body Press|p2b: Zamazenta\n|-supereffective|p2b: Zamazenta\n|-damage|p2b: Zamazenta|36/100\n|\n|upkeep\n|turn|3\n|j| dasabe\u76d6\u6b27\u5361\u4fa0\n|inactive|Unskilled99 has 30 seconds left.\n|j| Bokkimano\n|inactive|Unskilled99 has 20 seconds left.\n|inactive|Unskilled99 has 15 seconds left.\n|inactive|Unskilled99 has 10 seconds left.\n|\n|t:|1769312295\n|move|p2a: Chien-Pao|Ruination|p1b: Lunala\n|-damage|p1b: Lunala|32/100\n|move|p2b: Zamazenta|Heavy Slam|p1b: Lunala\n|-damage|p1b: Lunala|0 fnt\n|faint|p1b: Lunala\n|move|p1a: Zamazenta|Body Press|p2a: Chien-Pao\n|-supereffective|p2a: Chien-Pao\n|-damage|p2a: Chien-Pao|0 fnt\n|faint|p2a: Chien-Pao\n|\n|upkeep\n|\n|t:|1769312307\n|switch|p2a: Calyrex|Calyrex-Shadow, L50|100/100\n|switch|p1b: Landorus|Landorus, L50, M|100/100\n|-ability|p2a: Calyrex|As One\n|-ability|p2a: Calyrex|Unnerve\n|turn|4\n|\n|t:|1769312316\n|move|p2a: Calyrex|Protect|p2a: Calyrex\n|-singleturn|p2a: Calyrex|Protect\n|move|p2b: Zamazenta|Protect|p2b: Zamazenta\n|-singleturn|p2b: Zamazenta|Protect\n|move|p1b: Landorus|Sandsear Storm|p2a: Calyrex|[spread] \n|-activate|p2a: Calyrex|move: Protect\n|-activate|p2b: Zamazenta|move: Protect\n|move|p1a: Zamazenta|Behemoth Bash|p2a: Calyrex\n|-activate|p2a: Calyrex|move: Protect\n|\n|upkeep\n|turn|5\n|\n|t:|1769312334\n|move|p2b: Zamazenta|Wide Guard|p2b: Zamazenta\n|-singleturn|p2b: Zamazenta|Wide Guard\n|move|p1b: Landorus|Sandsear Storm|p2b: Zamazenta|[spread] \n|-activate|p2a: Calyrex|move: Wide Guard\n|-activate|p2b: Zamazenta|move: Wide Guard\n|move|p2a: Calyrex|Psychic|p1a: Zamazenta\n|-damage|p1a: Zamazenta|16/100\n|move|p1a: Zamazenta|Behemoth Bash|p2a: Calyrex\n|-damage|p2a: Calyrex|50/100\n|\n|upkeep\n|turn|6\n|inactive|kojimuranishi has 30 seconds left.\n|\n|t:|1769312364\n|switch|p1a: Chien-Pao|Chien-Pao, L50|100/100\n|-ability|p1a: Chien-Pao|Sword of Ruin\n|move|p2b: Zamazenta|Wide Guard|p2b: Zamazenta\n|-singleturn|p2b: Zamazenta|Wide Guard\n|move|p1b: Landorus|Sandsear Storm|p2a: Calyrex|[spread] \n|-activate|p2a: Calyrex|move: Wide Guard\n|-activate|p2b: Zamazenta|move: Wide Guard\n|move|p2a: Calyrex|Astral Barrage|p1b: Landorus|[spread] p1a,p1b\n|-resisted|p1a: Chien-Pao\n|-damage|p1a: Chien-Pao|56/100\n|-damage|p1b: Landorus|31/100\n|\n|upkeep\n|turn|7\n|\n|t:|1769312385\n|move|p2b: Zamazenta|Wide Guard|p2b: Zamazenta\n|-singleturn|p2b: Zamazenta|Wide Guard\n|move|p1a: Chien-Pao|Sucker Punch||[still]\n|-fail|p1a: Chien-Pao\n|move|p1b: Landorus|Sandsear Storm|p2a: Calyrex|[spread] \n|-activate|p2a: Calyrex|move: Wide Guard\n|-activate|p2b: Zamazenta|move: Wide Guard\n|move|p2a: Calyrex|Encore|p1a: Chien-Pao\n|-start|p1a: Chien-Pao|Encore\n|\n|upkeep\n|turn|8\n|\n|t:|1769312404\n|switch|p2a: Dragonite|Dragonite, L50, M|100/100\n|move|p2b: Zamazenta|Wide Guard|p2b: Zamazenta\n|-singleturn|p2b: Zamazenta|Wide Guard\n|move|p1a: Chien-Pao|Sucker Punch||[still]\n|-fail|p1a: Chien-Pao\n|move|p1b: Landorus|Sandsear Storm|p2a: Dragonite|[spread] \n|-activate|p2a: Dragonite|move: Wide Guard\n|-activate|p2b: Zamazenta|move: Wide Guard\n|\n|upkeep\n|turn|9\n|l| Bokkimano\n|inactive|Unskilled99 has 30 seconds left.\n|\n|t:|1769312430\n|switch|p1a: Zamazenta|Zamazenta-Crowned, L50, tera:Water|16/100\n|-terastallize|p2a: Dragonite|Normal\n|move|p2b: Zamazenta|Wide Guard|p2b: Zamazenta\n|-singleturn|p2b: Zamazenta|Wide Guard\n|move|p2a: Dragonite|Extreme Speed|p1a: Zamazenta\n|-damage|p1a: Zamazenta|0 fnt\n|faint|p1a: Zamazenta\n|move|p1b: Landorus|Sandsear Storm|p2b: Zamazenta|[spread] \n|-activate|p2a: Dragonite|move: Wide Guard\n|-activate|p2b: Zamazenta|move: Wide Guard\n|\n|upkeep\n|\n|t:|1769312455\n|switch|p1a: Chien-Pao|Chien-Pao, L50|56/100\n|-ability|p1a: Chien-Pao|Sword of Ruin\n|turn|10\n|-message|kojimuranishi forfeited.\n|\n|win|Unskilled99\n|raw|kojimuranishi's rating: 1572 &rarr; <strong>1553</strong><br />(-19 for losing)\n|raw|Unskilled99's rating: 1590 &rarr; <strong>1609</strong><br />(+19 for winning)\n|l|\u2606kojimuranishi\n|player|p1|\n|j|\u2606kojimuranishi\n|player|p1|kojimuranishi|169|\n|c|\u2606Unskilled99|gg\n|l|\u2606Unskilled99\n|player|p2|\n","uploadtime":1769312606,"views":72,"formatid":"gen9vgc2026regi","rating":1553,"private":0,"password":null}