{"id":"gen9vgc2026regi-2528490435","format":"[Gen 9] VGC 2026 Reg I","players":["21796555Z","GAPDHC"],"log":"|j|\u260621796555Z\n|j|\u2606GAPDHC\n|t:|1769664068\n|gametype|doubles\n|player|p1|21796555Z|170|1267\n|player|p2|GAPDHC|ruinmaniac|1491\n|gen|9\n|tier|[Gen 9] VGC 2026 Reg I\n|rated|\n|rule|Species Clause: Limit one of each Pok\u00e9mon\n|rule|Item Clause: Limit 1 of each item\n|clearpoke\n|poke|p1|Calyrex-Ice, L50|\n|poke|p1|Miraidon, L50|\n|poke|p1|Grimmsnarl, L50, M|\n|poke|p1|Urshifu-*, L50, F|\n|poke|p1|Incineroar, L50, F|\n|poke|p1|Landorus, L50, M|\n|poke|p2|Calyrex-Shadow, L50|\n|poke|p2|Eternatus, L50|\n|poke|p2|Grimmsnarl, L50, M|\n|poke|p2|Rillaboom, L50, M|\n|poke|p2|Dondozo, L50, M|\n|poke|p2|Tatsugiri-Droopy, L50, F|\n|teampreview|4\n|\n|t:|1769664090\n|teamsize|p1|4\n|teamsize|p2|4\n|start\n|switch|p1a: Incineroar|Incineroar, L50, F|100/100\n|switch|p1b: Calyrex|Calyrex-Ice, L50|100/100\n|switch|p2a: Grimmsnarl|Grimmsnarl, L50, M|100/100\n|switch|p2b: Eternatus|Eternatus, L50|100/100\n|-ability|p1b: Calyrex|As One\n|-ability|p1b: Calyrex|Unnerve\n|-ability|p2b: Eternatus|Pressure\n|-ability|p1a: Incineroar|Intimidate|boost\n|-unboost|p2a: Grimmsnarl|atk|1\n|-unboost|p2b: Eternatus|atk|1\n|turn|1\n|\n|t:|1769664111\n|move|p1a: Incineroar|Fake Out|p2b: Eternatus\n|-damage|p2b: Eternatus|93/100\n|move|p2a: Grimmsnarl|Reflect|p2a: Grimmsnarl\n|-sidestart|p2: GAPDHC|Reflect\n|move|p2b: Eternatus|Toxic|p1b: Calyrex\n|-status|p1b: Calyrex|tox\n|move|p1b: Calyrex|Trick Room|p1b: Calyrex\n|-fieldstart|move: Trick Room|[of] p1b: Calyrex\n|\n|-damage|p1b: Calyrex|95/100 tox|[from] psn\n|upkeep\n|turn|2\n|\n|t:|1769664134\n|move|p2a: Grimmsnarl|Light Screen|p2a: Grimmsnarl\n|-sidestart|p2: GAPDHC|move: Light Screen\n|move|p1b: Calyrex|Glacial Lance|p2a: Grimmsnarl|[spread] p2a,p2b\n|-supereffective|p2b: Eternatus\n|-damage|p2a: Grimmsnarl|61/100\n|-damage|p2b: Eternatus|35/100\n|move|p1a: Incineroar|U-turn|p2a: Grimmsnarl\n|-damage|p2a: Grimmsnarl|49/100\n|\n|t:|1769664142\n|switch|p1a: Miraidon|Miraidon, L50|100/100|[from] U-turn\n|-fieldstart|move: Electric Terrain|[from] ability: Hadron Engine|[of] p1a: Miraidon\n|move|p2b: Eternatus|Toxic Spikes|p1b: Calyrex\n|-sidestart|p1: 21796555Z|move: Toxic Spikes\n|\n|-heal|p1b: Calyrex|100/100 tox|[from] item: Leftovers\n|-damage|p1b: Calyrex|89/100 tox|[from] psn\n|upkeep\n|turn|3\n|\n|t:|1769664154\n|-terastallize|p1a: Miraidon|Fairy\n|move|p1b: Calyrex|Glacial Lance|p2b: Eternatus|[spread] p2a,p2b\n|-supereffective|p2b: Eternatus\n|-damage|p2a: Grimmsnarl|12/100\n|-damage|p2b: Eternatus|0 fnt\n|faint|p2b: Eternatus\n|-ability|p1b: Calyrex|Chilling Neigh|boost\n|-boost|p1b: Calyrex|atk|1\n|move|p2a: Grimmsnarl|Spirit Break|p1a: Miraidon\n|-damage|p1a: Miraidon|81/100\n|-unboost|p1a: Miraidon|spa|1\n|move|p1a: Miraidon|Dazzling Gleam|p2a: Grimmsnarl\n|-supereffective|p2a: Grimmsnarl\n|-damage|p2a: Grimmsnarl|0 fnt\n|faint|p2a: Grimmsnarl\n|\n|-heal|p1b: Calyrex|95/100 tox|[from] item: Leftovers\n|-damage|p1b: Calyrex|77/100 tox|[from] psn\n|upkeep\n|\n|t:|1769664167\n|switch|p2a: Tatsugiri|Tatsugiri-Droopy, L50, F|100/100\n|switch|p2b: Dondozo|Dondozo, L50, M|100/100\n|-activate|p2a: Tatsugiri|ability: Commander|[of] p2b: Dondozo\n|-boost|p2b: Dondozo|atk|2\n|-boost|p2b: Dondozo|spa|2\n|-boost|p2b: Dondozo|spe|2\n|-boost|p2b: Dondozo|def|2\n|-boost|p2b: Dondozo|spd|2\n|turn|4\n|\n|t:|1769664185\n|switch|p1a: Incineroar|Incineroar, L50, F|100/100\n|-status|p1a: Incineroar|psn\n|-ability|p1a: Incineroar|Intimidate|boost\n|-unboost|p2a: Tatsugiri|atk|1\n|-unboost|p2b: Dondozo|atk|1\n|-terastallize|p2b: Dondozo|Electric\n|move|p1b: Calyrex|Glacial Lance|p2b: Dondozo|[spread] p2b\n|-miss|p1b: Calyrex|p2a: Tatsugiri\n|-damage|p2b: Dondozo|88/100\n|move|p2b: Dondozo|Earthquake|p1a: Incineroar|[spread] p1a,p1b\n|-miss|p2b: Dondozo|p2a: Tatsugiri\n|-supereffective|p1a: Incineroar\n|-damage|p1a: Incineroar|39/100 psn\n|-damage|p1b: Calyrex|56/100 tox\n|\n|-heal|p1b: Calyrex|62/100 tox|[from] item: Leftovers\n|-heal|p2b: Dondozo|94/100|[from] item: Leftovers\n|-damage|p1b: Calyrex|39/100 tox|[from] psn\n|-damage|p1a: Incineroar|27/100 psn|[from] psn\n|upkeep\n|turn|5\n|\n|t:|1769664218\n|move|p2b: Dondozo|Protect|p2b: Dondozo\n|-singleturn|p2b: Dondozo|Protect\n|move|p1a: Incineroar|Fake Out|p2b: Dondozo\n|-activate|p2b: Dondozo|move: Protect\n|move|p1b: Calyrex|Leech Seed|p2b: Dondozo\n|-activate|p2b: Dondozo|move: Protect\n|\n|-heal|p1b: Calyrex|44/100 tox|[from] item: Leftovers\n|-heal|p2b: Dondozo|99/100|[from] item: Leftovers\n|-damage|p1b: Calyrex|15/100 tox|[from] psn\n|-damage|p1a: Incineroar|14/100 psn|[from] psn\n|-fieldend|move: Trick Room\n|upkeep\n|turn|6\n|\n|t:|1769664229\n|move|p2b: Dondozo|Earthquake|p1a: Incineroar|[spread] p1a,p1b\n|-miss|p2b: Dondozo|p2a: Tatsugiri\n|-supereffective|p1a: Incineroar\n|-damage|p1a: Incineroar|0 fnt\n|-damage|p1b: Calyrex|0 fnt\n|faint|p1a: Incineroar\n|faint|p1b: Calyrex\n|\n|-heal|p2b: Dondozo|100/100|[from] item: Leftovers\n|-fieldend|move: Electric Terrain\n|upkeep\n|\n|t:|1769664233\n|switch|p1a: Miraidon|Miraidon, L50, tera:Fairy|81/100\n|switch|p1b: Urshifu|Urshifu-Rapid-Strike, L50, F|100/100\n|-status|p1a: Miraidon|psn\n|-fieldstart|move: Electric Terrain|[from] ability: Hadron Engine|[of] p1a: Miraidon\n|-status|p1b: Urshifu|psn\n|turn|7\n|\n|t:|1769664243\n|move|p1a: Miraidon|Dazzling Gleam|p2a: Tatsugiri|[spread] p2b\n|-miss|p1a: Miraidon|p2a: Tatsugiri\n|-damage|p2b: Dondozo|82/100\n|move|p2b: Dondozo|Earthquake|p1a: Miraidon|[spread] p1a,p1b\n|-miss|p2b: Dondozo|p2a: Tatsugiri\n|-damage|p1a: Miraidon|53/100 psn\n|-damage|p1b: Urshifu|71/100 psn\n|move|p1b: Urshifu|Close Combat|p2b: Dondozo\n|-damage|p2b: Dondozo|59/100\n|-unboost|p1b: Urshifu|def|1\n|-unboost|p1b: Urshifu|spd|1\n|\n|-heal|p2b: Dondozo|65/100|[from] item: Leftovers\n|-damage|p1a: Miraidon|41/100 psn|[from] psn\n|-damage|p1b: Urshifu|59/100 psn|[from] psn\n|upkeep\n|turn|8\n|\n|t:|1769664260\n|move|p1a: Miraidon|Dazzling Gleam|p2b: Dondozo|[spread] p2b\n|-miss|p1a: Miraidon|p2a: Tatsugiri\n|-damage|p2b: Dondozo|45/100\n|move|p2b: Dondozo|Body Press|p1b: Urshifu\n|-damage|p1b: Urshifu|23/100 psn\n|move|p1b: Urshifu|Close Combat|p2b: Dondozo\n|-damage|p2b: Dondozo|24/100\n|-unboost|p1b: Urshifu|def|1\n|-unboost|p1b: Urshifu|spd|1\n|\n|-heal|p2b: Dondozo|30/100|[from] item: Leftovers\n|-damage|p1a: Miraidon|29/100 psn|[from] psn\n|-damage|p1b: Urshifu|11/100 psn|[from] psn\n|-sideend|p2: GAPDHC|Reflect\n|upkeep\n|turn|9\n|\n|t:|1769664274\n|move|p1a: Miraidon|Dazzling Gleam|p2a: Tatsugiri|[spread] p2b\n|-miss|p1a: Miraidon|p2a: Tatsugiri\n|-damage|p2b: Dondozo|13/100\n|move|p2b: Dondozo|Earthquake|p1a: Miraidon|[spread] p1a,p1b\n|-miss|p2b: Dondozo|p2a: Tatsugiri\n|-damage|p1a: Miraidon|0 fnt\n|-damage|p1b: Urshifu|0 fnt\n|faint|p1a: Miraidon\n|faint|p1b: Urshifu\n|\n|win|GAPDHC\n|raw|21796555Z's rating: 1267 &rarr; <strong>1256</strong><br />(-11 for losing)\n|raw|GAPDHC's rating: 1491 &rarr; <strong>1500</strong><br />(+9 for winning)\n|l|\u260621796555Z\n|player|p1|\n|l|\u2606GAPDHC\n|player|p2|\n","uploadtime":1769664456,"views":16,"formatid":"gen9vgc2026regi","rating":1256,"private":0,"password":null}