{"id":"gen9vgc2026regi-2561677293","format":"[Gen 9] VGC 2026 Reg I","players":["ArcherIGuess218","JakeNBake3D"],"log":"|j|\u2606ArcherIGuess218\n|j|\u2606JakeNBake3D\n|t:|1773831605\n|gametype|doubles\n|player|p1|ArcherIGuess218|101|1106\n|player|p2|JakeNBake3D|101|1218\n|gen|9\n|tier|[Gen 9] VGC 2026 Reg I\n|rated|\n|rule|Species Clause: Limit one of each Pok\u00e9mon\n|rule|Item Clause: Limit 1 of each item\n|clearpoke\n|poke|p1|Amoonguss, L50, M|\n|poke|p1|Ho-Oh, L50|\n|poke|p1|Incineroar, L50, M|\n|poke|p1|Latios, L50, M|\n|poke|p1|Terapagos, L50, M|\n|poke|p1|Landorus-Therian, L50, M|\n|poke|p2|Calyrex-Ice, L50|\n|poke|p2|Miraidon, L50|\n|poke|p2|Amoonguss, L50, M|\n|poke|p2|Incineroar, L50, F|\n|poke|p2|Farigiraf, L50, M|\n|poke|p2|Iron Hands, L50|\n|teampreview|4\n|inactive|Battle timer is ON: inactive players will automatically lose when time's up. (requested by JakeNBake3D)\n|\n|t:|1773831668\n|teamsize|p1|4\n|teamsize|p2|4\n|start\n|switch|p1a: Oshii|Terapagos, L50, M|100/100\n|switch|p1b: Cuaron|Ho-Oh, L50|100/100\n|switch|p2a: Miraidon|Miraidon, L50|100/100\n|switch|p2b: Farigiraf|Farigiraf, L50, M|100/100\n|-activate|p1a: Oshii|ability: Tera Shift\n|detailschange|p1a: Oshii|Terapagos-Terastal, L50, M\n|-heal|p1a: Oshii|100/100|[silent]\n|-fieldstart|move: Electric Terrain|[from] ability: Hadron Engine|[of] p2a: Miraidon\n|-enditem|p2b: Farigiraf|Electric Seed\n|-boost|p2b: Farigiraf|def|1|[from] item: Electric Seed\n|turn|1\n|inactive|ArcherIGuess218 has 30 seconds left.\n|\n|t:|1773831695\n|move|p1b: Cuaron|Protect|p1b: Cuaron\n|-singleturn|p1b: Cuaron|Protect\n|move|p2a: Miraidon|Volt Switch|p1b: Cuaron\n|-activate|p1b: Cuaron|move: Protect\n|move|p1a: Oshii|Calm Mind|p1a: Oshii\n|-boost|p1a: Oshii|spa|1\n|-boost|p1a: Oshii|spd|1\n|move|p2b: Farigiraf|Trick Room|p2b: Farigiraf\n|-fieldstart|move: Trick Room|[of] p2b: Farigiraf\n|\n|upkeep\n|turn|2\n|\n|t:|1773831716\n|switch|p1b: Abbas|Amoonguss, L50, M|100/100\n|switch|p2a: Incineroar|Incineroar, L50, F|100/100\n|-ability|p2a: Incineroar|Intimidate|boost\n|-unboost|p1a: Oshii|atk|1\n|-unboost|p1b: Abbas|atk|1\n|move|p1a: Oshii|Calm Mind|p1a: Oshii\n|-boost|p1a: Oshii|spa|1\n|-boost|p1a: Oshii|spd|1\n|move|p2b: Farigiraf|Roar|p1a: Oshii\n|drag|p1a: Spielberg|Incineroar, L50, M|100/100\n|-ability|p1a: Spielberg|Intimidate|boost\n|-unboost|p2a: Incineroar|atk|1\n|-unboost|p2b: Farigiraf|atk|1\n|\n|upkeep\n|turn|3\n|inactive|JakeNBake3D has 30 seconds left.\n|\n|t:|1773831748\n|switch|p2b: Calyrex|Calyrex-Ice, L50|100/100\n|-ability|p2b: Calyrex|As One\n|-ability|p2b: Calyrex|Unnerve\n|move|p1b: Abbas|Spore|p2b: Calyrex\n|-activate|p2b: Calyrex|move: Electric Terrain\n|move|p2a: Incineroar|Flare Blitz|p1b: Abbas\n|-supereffective|p1b: Abbas\n|-damage|p1b: Abbas|30/100\n|-damage|p2a: Incineroar|84/100|[from] item: Rocky Helmet|[of] p1b: Abbas\n|-damage|p2a: Incineroar|59/100|[from] Recoil\n|move|p1a: Spielberg|Knock Off|p2a: Incineroar\n|-resisted|p2a: Incineroar\n|-damage|p2a: Incineroar|42/100\n|-enditem|p2a: Incineroar|Safety Goggles|[from] move: Knock Off|[of] p1a: Spielberg\n|\n|upkeep\n|turn|4\n|inactive|JakeNBake3D has 30 seconds left.\n|\n|t:|1773831780\n|switch|p1b: Cuaron|Ho-Oh, L50|100/100\n|switch|p2a: Farigiraf|Farigiraf, L50, M|100/100\n|-terastallize|p2b: Calyrex|Fire\n|move|p2b: Calyrex|Glacial Lance|p1b: Cuaron|[spread] p1a,p1b\n|-resisted|p1a: Spielberg\n|-damage|p1a: Spielberg|81/100\n|-damage|p1b: Cuaron|54/100\n|move|p1a: Spielberg|Knock Off|p2b: Calyrex\n|-damage|p2b: Calyrex|78/100\n|-enditem|p2b: Calyrex|Clear Amulet|[from] move: Knock Off|[of] p1a: Spielberg\n|\n|upkeep\n|turn|5\n|\n|t:|1773831800\n|move|p2a: Farigiraf|Helping Hand|p2b: Calyrex\n|-singleturn|p2b: Calyrex|Helping Hand|[of] p2a: Farigiraf\n|move|p1b: Cuaron|Protect|p1b: Cuaron\n|-singleturn|p1b: Cuaron|Protect\n|move|p2b: Calyrex|Glacial Lance|p1b: Cuaron|[spread] p1a\n|-activate|p1b: Cuaron|move: Protect\n|-resisted|p1a: Spielberg\n|-damage|p1a: Spielberg|53/100\n|move|p1a: Spielberg|Parting Shot|p2b: Calyrex\n|-unboost|p2b: Calyrex|atk|1\n|-unboost|p2b: Calyrex|spa|1\n|\n|t:|1773831811\n|switch|p1a: Oshii|Terapagos-Terastal, L50, M|100/100|[from] Parting Shot\n|\n|-fieldend|move: Trick Room\n|-fieldend|move: Electric Terrain\n|upkeep\n|turn|6\n|\n|t:|1773831828\n|-terastallize|p1a: Oshii|Stellar\n|detailschange|p1a: Oshii|Terapagos-Stellar, L50, M, tera:Stellar\n|-heal|p1a: Oshii|100/100|[silent]\n|move|p2b: Calyrex|Protect|p2b: Calyrex\n|-singleturn|p2b: Calyrex|Protect\n|move|p1a: Oshii|Tera Starstorm|p2a: Farigiraf|[spread] p2a\n|-activate|p2b: Calyrex|move: Protect\n|-damage|p2a: Farigiraf|68/100\n|move|p1b: Cuaron|Brave Bird|p2a: Farigiraf\n|-crit|p2a: Farigiraf\n|-damage|p2a: Farigiraf|0 fnt\n|faint|p2a: Farigiraf\n|-damage|p1b: Cuaron|30/100|[from] Recoil\n|\n|upkeep\n|\n|t:|1773831849\n|switch|p2a: Miraidon|Miraidon, L50|100/100\n|-fieldstart|move: Electric Terrain|[from] ability: Hadron Engine|[of] p2a: Miraidon\n|turn|7\n|inactive|JakeNBake3D has 30 seconds left.\n|inactive|JakeNBake3D has 20 seconds left.\n|\n|t:|1773831885\n|switch|p2b: Incineroar|Incineroar, L50, F|42/100\n|-ability|p2b: Incineroar|Intimidate|boost\n|-unboost|p1a: Oshii|atk|1\n|-fail|p1b: Cuaron|unboost|[from] item: Clear Amulet|[of] p1b: Cuaron\n|move|p2a: Miraidon|Electro Drift|p1b: Cuaron\n|-supereffective|p1b: Cuaron\n|-damage|p1b: Cuaron|0 fnt\n|faint|p1b: Cuaron\n|move|p1a: Oshii|Tera Starstorm|p2a: Miraidon|[spread] p2a,p2b\n|-damage|p2a: Miraidon|66/100\n|-damage|p2b: Incineroar|0 fnt\n|faint|p2b: Incineroar\n|\n|upkeep\n|\n|t:|1773831908\n|switch|p1b: Spielberg|Incineroar, L50, M|53/100\n|switch|p2b: Calyrex|Calyrex-Ice, L50, tera:Fire|78/100\n|-ability|p2b: Calyrex|As One\n|-ability|p2b: Calyrex|Unnerve\n|-ability|p1b: Spielberg|Intimidate|boost\n|-unboost|p2a: Miraidon|atk|1\n|-unboost|p2b: Calyrex|atk|1\n|turn|8\n|\n|t:|1773831931\n|move|p2b: Calyrex|Protect|p2b: Calyrex\n|-singleturn|p2b: Calyrex|Protect\n|move|p1b: Spielberg|Fake Out|p2a: Miraidon\n|-damage|p2a: Miraidon|56/100\n|cant|p2a: Miraidon|flinch\n|move|p1a: Oshii|Tera Starstorm|p2a: Miraidon|[spread] p2a\n|-activate|p2b: Calyrex|move: Protect\n|-damage|p2a: Miraidon|19/100\n|\n|upkeep\n|turn|9\n|inactive|JakeNBake3D has 30 seconds left.\n|\n|t:|1773831958\n|move|p2a: Miraidon|Electro Drift|p1b: Spielberg\n|-damage|p1b: Spielberg|0 fnt\n|faint|p1b: Spielberg\n|move|p1a: Oshii|Tera Starstorm|p2b: Calyrex|[spread] p2a,p2b\n|-supereffective|p2b: Calyrex\n|-damage|p2a: Miraidon|0 fnt\n|-damage|p2b: Calyrex|33/100\n|faint|p2a: Miraidon\n|move|p2b: Calyrex|Trick Room|p2b: Calyrex\n|-fieldstart|move: Trick Room|[of] p2b: Calyrex\n|\n|upkeep\n|\n|t:|1773831967\n|switch|p1b: Abbas|Amoonguss, L50, M|63/100\n|turn|10\n|\n|t:|1773831971\n|move|p1b: Abbas|Spore|p2b: Calyrex\n|-activate|p2b: Calyrex|move: Electric Terrain\n|move|p2b: Calyrex|Glacial Lance|p1b: Abbas|[spread] p1a,p1b\n|-supereffective|p1b: Abbas\n|-damage|p1a: Oshii|81/100\n|-damage|p1b: Abbas|5/100\n|move|p1a: Oshii|Tera Starstorm|p2b: Calyrex\n|-supereffective|p2b: Calyrex\n|-damage|p2b: Calyrex|0 fnt\n|faint|p2b: Calyrex\n|\n|win|ArcherIGuess218\n|raw|ArcherIGuess218's rating: 1106 &rarr; <strong>1139</strong><br />(+33 for winning)\n|raw|JakeNBake3D's rating: 1218 &rarr; <strong>1185</strong><br />(-33 for losing)\n|c|\u2606ArcherIGuess218|gg\n|l|\u2606JakeNBake3D\n|player|p2|\n","uploadtime":1773831980,"views":49,"formatid":"gen9vgc2026regi","rating":1139,"private":0,"password":null}