{"id":"gen9vgc2026regi-2577359847","format":"[Gen 9] VGC 2026 Reg I","players":["magicturtle74","itastelikeiron"],"log":"|j|\u2606magicturtle74\n|j|\u2606itastelikeiron\n|t:|1775570820\n|gametype|doubles\n|player|p1|magicturtle74|n|1433\n|player|p2|itastelikeiron|infielder|1515\n|gen|9\n|tier|[Gen 9] VGC 2026 Reg I\n|rated|\n|rule|Species Clause: Limit one of each Pok\u00e9mon\n|rule|Item Clause: Limit 1 of each item\n|clearpoke\n|poke|p1|Calyrex-Ice, L50|\n|poke|p1|Kyogre, L50|\n|poke|p1|Smeargle, L50, F|\n|poke|p1|Rillaboom, L50, M|\n|poke|p1|Urshifu-*, L50, M|\n|poke|p1|Suicune, L50|\n|poke|p2|Kyogre, L50|\n|poke|p2|Zacian-*, L50|\n|poke|p2|Incineroar, L50, M|\n|poke|p2|Raichu, L50, F|\n|poke|p2|Volcarona, L50, M|\n|poke|p2|Flutter Mane, L50|\n|teampreview|4\n|j| VegitoSKBEST\n|l| VegitoSKBEST\n|\n|t:|1775570853\n|teamsize|p1|4\n|teamsize|p2|4\n|start\n|switch|p1a: me when rain|Kyogre, L50|100/100\n|switch|p1b: monke|Rillaboom, L50, M|100/100\n|switch|p2a: Kyogre|Kyogre, L50|100/100\n|switch|p2b: Flutter Mane|Flutter Mane, L50|100/100\n|-weather|RainDance|[from] ability: Drizzle|[of] p2a: Kyogre\n|-fieldstart|move: Grassy Terrain|[from] ability: Grassy Surge|[of] p1b: monke\n|turn|1\n|\n|t:|1775570900\n|-terastallize|p2a: Kyogre|Water\n|-terastallize|p1a: me when rain|Grass\n|move|p2a: Kyogre|Origin Pulse|p1a: me when rain|[spread] p1a\n|-miss|p2a: Kyogre|p1b: monke\n|-resisted|p1a: me when rain\n|-damage|p1a: me when rain|72/100\n|move|p2b: Flutter Mane|Moonblast|p1a: me when rain\n|-damage|p1a: me when rain|39/100\n|move|p1b: monke|Wood Hammer|p2b: Flutter Mane\n|-enditem|p2b: Flutter Mane|Focus Sash\n|-damage|p2b: Flutter Mane|1/100\n|-damage|p1b: monke|80/100|[from] Recoil\n|move|p1a: me when rain|Origin Pulse|p2b: Flutter Mane|[spread] p2b\n|-miss|p1a: me when rain|p2a: Kyogre\n|-damage|p2b: Flutter Mane|0 fnt\n|faint|p2b: Flutter Mane\n|-end|p2b: Flutter Mane|Protosynthesis|[silent]\n|\n|-weather|RainDance|[upkeep]\n|-heal|p1b: monke|86/100|[from] Grassy Terrain\n|-heal|p1a: me when rain|45/100|[from] Grassy Terrain\n|upkeep\n|\n|t:|1775570912\n|switch|p2b: Volcarona|Volcarona, L50, M|100/100\n|turn|2\n|\n|t:|1775570923\n|move|p1b: monke|Grassy Glide|p2a: Kyogre\n|-supereffective|p2a: Kyogre\n|-damage|p2a: Kyogre|19/100\n|move|p2a: Kyogre|Origin Pulse|p1b: monke|[spread] p1b\n|-miss|p2a: Kyogre|p1a: me when rain\n|-resisted|p1b: monke\n|-damage|p1b: monke|55/100\n|move|p2b: Volcarona|Struggle Bug|p1b: monke|[spread] p1a,p1b\n|-supereffective|p1a: me when rain\n|-supereffective|p1b: monke\n|-damage|p1a: me when rain|24/100\n|-damage|p1b: monke|29/100\n|-unboost|p1a: me when rain|spa|1\n|-unboost|p1b: monke|spa|1\n|move|p1a: me when rain|Thunder|p2a: Kyogre\n|-supereffective|p2a: Kyogre\n|-damage|p2a: Kyogre|0 fnt\n|faint|p2a: Kyogre\n|\n|-weather|RainDance|[upkeep]\n|-heal|p1b: monke|34/100|[from] Grassy Terrain\n|-heal|p1a: me when rain|29/100|[from] Grassy Terrain\n|upkeep\n|\n|t:|1775570930\n|switch|p2a: Zacian|Zacian-Crowned, L50|100/100\n|-ability|p2a: Zacian|Intrepid Sword|boost\n|-boost|p2a: Zacian|atk|1\n|turn|3\n|\n|t:|1775570949\n|switch|p1a: alcremie?!|Smeargle, L50, F|100/100\n|move|p2a: Zacian|Behemoth Blade|p1a: alcremie?!\n|-crit|p1a: alcremie?!\n|-enditem|p1a: alcremie?!|Focus Sash\n|-damage|p1a: alcremie?!|1/100\n|move|p2b: Volcarona|Bug Buzz|p1b: monke\n|-supereffective|p1b: monke\n|-damage|p1b: monke|0 fnt\n|faint|p1b: monke\n|\n|-weather|RainDance|[upkeep]\n|-heal|p1a: alcremie?!|7/100|[from] Grassy Terrain\n|-ability|p1a: alcremie?!|Moody|boost\n|-boost|p1a: alcremie?!|spd|2\n|-unboost|p1a: alcremie?!|def|1\n|upkeep\n|\n|t:|1775570964\n|switch|p1b: Suicune|Suicune, L50|100/100\n|turn|4\n|\n|t:|1775570975\n|move|p1a: alcremie?!|Fake Out|p2a: Zacian\n|-resisted|p2a: Zacian\n|-damage|p2a: Zacian|97/100\n|cant|p2a: Zacian|flinch\n|move|p2b: Volcarona|Struggle Bug|p1b: Suicune|[spread] p1a,p1b\n|-damage|p1a: alcremie?!|0 fnt\n|-damage|p1b: Suicune|87/100\n|faint|p1a: alcremie?!\n|move|p1b: Suicune|Scald|p2a: Zacian\n|-damage|p2a: Zacian|54/100\n|\n|-weather|RainDance|[upkeep]\n|-heal|p2a: Zacian|60/100|[from] Grassy Terrain\n|-heal|p1b: Suicune|93/100|[from] Grassy Terrain\n|upkeep\n|\n|t:|1775570987\n|switch|p1a: me when rain|Kyogre, L50, tera:Grass|29/100\n|turn|5\n|\n|t:|1775570995\n|move|p1a: me when rain|Protect|p1a: me when rain\n|-singleturn|p1a: me when rain|Protect\n|move|p2a: Zacian|Behemoth Blade|p1a: me when rain\n|-activate|p1a: me when rain|move: Protect\n|move|p2b: Volcarona|Bug Buzz|p1b: Suicune\n|-damage|p1b: Suicune|66/100\n|move|p1b: Suicune|Scald|p2a: Zacian\n|-damage|p2a: Zacian|16/100\n|-status|p2a: Zacian|brn\n|\n|-weather|none\n|-heal|p2a: Zacian|22/100 brn|[from] Grassy Terrain\n|-heal|p1b: Suicune|72/100|[from] Grassy Terrain\n|-heal|p1a: me when rain|35/100|[from] Grassy Terrain\n|-damage|p2a: Zacian|16/100 brn|[from] brn\n|-fieldend|move: Grassy Terrain\n|upkeep\n|turn|6\n|\n|t:|1775571015\n|move|p2a: Zacian|Behemoth Blade|p1a: me when rain\n|-damage|p1a: me when rain|0 fnt\n|faint|p1a: me when rain\n|move|p2b: Volcarona|Bug Buzz|p1b: Suicune\n|-damage|p1b: Suicune|42/100\n|move|p1b: Suicune|Scald|p2a: Zacian\n|-damage|p2a: Zacian|0 fnt\n|faint|p2a: Zacian\n|\n|upkeep\n|turn|7\n|\n|t:|1775571019\n|move|p2b: Volcarona|Bug Buzz|p1b: Suicune\n|-damage|p1b: Suicune|13/100\n|move|p1b: Suicune|Scald|p2b: Volcarona\n|-supereffective|p2b: Volcarona\n|-damage|p2b: Volcarona|41/100\n|\n|upkeep\n|turn|8\n|\n|t:|1775571023\n|move|p2b: Volcarona|Bug Buzz|p1b: Suicune\n|-damage|p1b: Suicune|0 fnt\n|faint|p1b: Suicune\n|\n|win|itastelikeiron\n|raw|magicturtle74's rating: 1433 &rarr; <strong>1418</strong><br />(-15 for losing)\n|raw|itastelikeiron's rating: 1515 &rarr; <strong>1530</strong><br />(+15 for winning)\n|l|\u2606magicturtle74\n|player|p1|\n","uploadtime":1775571026,"views":11,"formatid":"gen9vgc2026regi","rating":1418,"private":0,"password":null}