{"id":"gen9vgc2026regi-2558789565","format":"[Gen 9] VGC 2026 Reg I","players":["xiaohuibb2","TheManOfSausage"],"log":"|j|\u2606xiaohuibb2\n|j|\u2606TheManOfSausage\n|t:|1773483090\n|gametype|doubles\n|player|p1|xiaohuibb2|1|1463\n|player|p2|TheManOfSausage|miku-water|1401\n|gen|9\n|tier|[Gen 9] VGC 2026 Reg I\n|rated|\n|rule|Species Clause: Limit one of each Pok\u00e9mon\n|rule|Item Clause: Limit 1 of each item\n|clearpoke\n|poke|p1|Calyrex-Shadow, L50|\n|poke|p1|Kyogre, L50|\n|poke|p1|Urshifu-*, L50, F|\n|poke|p1|Indeedee-F, L50, F|\n|poke|p1|Roaring Moon, L50|\n|poke|p1|Smeargle, L50, M|\n|poke|p2|Calyrex-Shadow, L50|\n|poke|p2|Koraidon, L50|\n|poke|p2|Brute Bonnet, L50|\n|poke|p2|Incineroar, L50, M|\n|poke|p2|Landorus, L50, M|\n|poke|p2|Raging Bolt, L50|\n|teampreview|4\nTheManOfSausage has agreed to open team sheets.\n|\n|t:|1773483114\n|teamsize|p1|4\n|teamsize|p2|4\n|start\n|switch|p1a: Indeedee|Indeedee-F, L50, F|100/100\n|switch|p1b: Calyrex|Calyrex-Shadow, L50|100/100\n|switch|p2a: Raging Bolt|Raging Bolt, L50|100/100\n|switch|p2b: Rice Shower|Calyrex-Shadow, L50|100/100\n|-ability|p1b: Calyrex|As One\n|-ability|p1b: Calyrex|Unnerve\n|-ability|p2b: Rice Shower|As One\n|-ability|p2b: Rice Shower|Unnerve\n|-fieldstart|move: Psychic Terrain|[from] ability: Psychic Surge|[of] p1a: Indeedee\n|turn|1\n|\n|t:|1773483139\n|-terastallize|p1b: Calyrex|Ghost\n|move|p1a: Indeedee|Helping Hand|p1b: Calyrex\n|-singleturn|p1b: Calyrex|Helping Hand|[of] p1a: Indeedee\n|move|p2b: Rice Shower|Psychic|p1a: Indeedee\n|-resisted|p1a: Indeedee\n|-damage|p1a: Indeedee|67/100\n|move|p1b: Calyrex|Astral Barrage|p2b: Rice Shower|[spread] p2a,p2b\n|-supereffective|p2b: Rice Shower\n|-damage|p2a: Raging Bolt|0 fnt\n|-enditem|p2b: Rice Shower|Focus Sash\n|-damage|p2b: Rice Shower|1/100\n|faint|p2a: Raging Bolt\n|-end|p2a: Raging Bolt|Protosynthesis|[silent]\n|-ability|p1b: Calyrex|Grim Neigh|boost\n|-boost|p1b: Calyrex|spa|1\n|\n|upkeep\n|\n|t:|1773483144\n|switch|p2a: Brute Bonnet|Brute Bonnet, L50|100/100\n|turn|2\n|\n|t:|1773483167\n|move|p2b: Rice Shower|Protect|p2b: Rice Shower\n|-singleturn|p2b: Rice Shower|Protect\n|move|p1a: Indeedee|Follow Me|p1a: Indeedee\n|-singleturn|p1a: Indeedee|move: Follow Me\n|move|p1b: Calyrex|Astral Barrage|p2a: Brute Bonnet|[spread] p2a\n|-activate|p2b: Rice Shower|move: Protect\n|-resisted|p2a: Brute Bonnet\n|-damage|p2a: Brute Bonnet|38/100\n|move|p2a: Brute Bonnet|Spore|p1a: Indeedee\n|-status|p1a: Indeedee|slp|[from] move: Spore\n|\n|upkeep\n|turn|3\n|\n|t:|1773483181\n|cant|p1a: Indeedee|slp\n|move|p2b: Rice Shower|Astral Barrage|p1b: Calyrex|[spread] p1b\n|-immune|p1a: Indeedee\n|-supereffective|p1b: Calyrex\n|-damage|p1b: Calyrex|0 fnt\n|faint|p1b: Calyrex\n|-ability|p2b: Rice Shower|Grim Neigh|boost\n|-boost|p2b: Rice Shower|spa|1\n|move|p2a: Brute Bonnet|Seed Bomb|p1a: Indeedee\n|-damage|p1a: Indeedee|36/100 slp\n|\n|upkeep\n|\n|t:|1773483195\n|switch|p1b: Kyogre|Kyogre, L50|100/100\n|-weather|RainDance|[from] ability: Drizzle|[of] p1b: Kyogre\n|turn|4\n|\n|t:|1773483201\n|move|p2b: Rice Shower|Protect|p2b: Rice Shower\n|-singleturn|p2b: Rice Shower|Protect\n|cant|p1a: Indeedee|slp\n|move|p1b: Kyogre|Origin Pulse|p2b: Rice Shower|[spread] \n|-activate|p2b: Rice Shower|move: Protect\n|-miss|p1b: Kyogre|p2a: Brute Bonnet\n|move|p2a: Brute Bonnet|Spore|p1b: Kyogre\n|-status|p1b: Kyogre|slp|[from] move: Spore\n|\n|-weather|RainDance|[upkeep]\n|upkeep\n|turn|5\n|\n|t:|1773483216\n|move|p2b: Rice Shower|Astral Barrage|p1a: Indeedee|[spread] p1b\n|-immune|p1a: Indeedee\n|-damage|p1b: Kyogre|58/100 slp\n|cant|p1b: Kyogre|slp\n|move|p2a: Brute Bonnet|Seed Bomb|p1a: Indeedee\n|-damage|p1a: Indeedee|2/100 slp\n|-curestatus|p1a: Indeedee|slp|[msg]\n|move|p1a: Indeedee|Trick Room|p1a: Indeedee\n|-fieldstart|move: Trick Room|[of] p1a: Indeedee\n|\n|-weather|RainDance|[upkeep]\n|-fieldend|move: Psychic Terrain\n|upkeep\n|turn|6\n|\n|t:|1773483236\n|move|p1a: Indeedee|Follow Me|p1a: Indeedee\n|-singleturn|p1a: Indeedee|move: Follow Me\n|move|p2a: Brute Bonnet|Seed Bomb|p1a: Indeedee\n|-damage|p1a: Indeedee|0 fnt\n|faint|p1a: Indeedee\n|cant|p1b: Kyogre|slp\n|move|p2b: Rice Shower|Astral Barrage|p1b: Kyogre\n|-damage|p1b: Kyogre|5/100 slp\n|\n|-weather|RainDance|[upkeep]\n|upkeep\n|\n|t:|1773483249\n|switch|p1a: Smeargle|Smeargle, L50, M|100/100\n|turn|7\n|\n|t:|1773483257\n|move|p2b: Rice Shower|Protect|p2b: Rice Shower\n|-singleturn|p2b: Rice Shower|Protect\n|move|p1a: Smeargle|Fake Out|p2a: Brute Bonnet\n|-damage|p2a: Brute Bonnet|33/100\n|move|p2a: Brute Bonnet|Spore|p1a: Smeargle\n|-status|p1a: Smeargle|slp|[from] move: Spore\n|cant|p1b: Kyogre|slp\n|\n|-weather|RainDance|[upkeep]\n|upkeep\n|turn|8\n|-message|xiaohuibb2 forfeited.\n|\n|win|TheManOfSausage\n|raw|xiaohuibb2's rating: 1463 &rarr; <strong>1439</strong><br />(-24 for losing)\n|raw|TheManOfSausage's rating: 1401 &rarr; <strong>1425</strong><br />(+24 for winning)\n|l|\u2606xiaohuibb2\n|player|p1|\n|l|\u2606TheManOfSausage\n|player|p2|\n","uploadtime":1773483468,"views":32,"formatid":"gen9vgc2026regi","rating":1425,"private":0,"password":null}