{"id":"gen9vgc2026regi-2589483530","format":"[Gen 9] VGC 2026 Reg I","players":["Rogersayyouare2486","jj11j1"],"log":"|j|\u2606Rogersayyouare2486\n|j|\u2606jj11j1\n|t:|1776727065\n|gametype|doubles\n|player|p1|Rogersayyouare2486|101|1429\n|player|p2|jj11j1|265|1476\n|gen|9\n|tier|[Gen 9] VGC 2026 Reg I\n|rated|\n|rule|Species Clause: Limit one of each Pok\u00e9mon\n|rule|Item Clause: Limit 1 of each item\n|clearpoke\n|poke|p1|Calyrex-Ice, L50|\n|poke|p1|Kyogre, L50|\n|poke|p1|Hatterene, L50, F|\n|poke|p1|Urshifu-*, L50, F|\n|poke|p1|Amoonguss, L50, M|\n|poke|p1|Indeedee-F, L50, F|\n|poke|p2|Ho-Oh, L50|\n|poke|p2|Calyrex-Ice, L50|\n|poke|p2|Overqwil, L50, M|\n|poke|p2|Ting-Lu, L50|\n|poke|p2|Rillaboom, L50, M|\n|poke|p2|Ogerpon-Wellspring, L50, F|\n|teampreview|4\n|inactive|Battle timer is ON: inactive players will automatically lose when time's up. (requested by Rogersayyouare2486)\n|inactive|Rogersayyouare2486 has 60 seconds left.\n|\n|t:|1776727119\n|teamsize|p1|4\n|teamsize|p2|4\n|start\n|switch|p1a: Calyrex|Calyrex-Ice, L50|100/100\n|switch|p1b: Urshifu|Urshifu, L50, F|100/100\n|switch|p2a: Ogerpon|Ogerpon-Wellspring, L50, F|100/100\n|switch|p2b: Calyrex|Calyrex-Ice, L50|100/100\n|-ability|p1a: Calyrex|As One\n|-ability|p1a: Calyrex|Unnerve\n|-ability|p2b: Calyrex|As One\n|-ability|p2b: Calyrex|Unnerve\n|turn|1\n|inactive|Rogersayyouare2486 has 30 seconds left.\n|inactive|jj11j1 has 30 seconds left.\n|\n|t:|1776727153\n|switch|p1b: Amoonguss|Amoonguss, L50, M|100/100\n|-terastallize|p2b: Calyrex|Water\n|move|p1a: Calyrex|Protect|p1a: Calyrex\n|-singleturn|p1a: Calyrex|Protect\n|move|p2a: Ogerpon|Horn Leech|p1b: Amoonguss\n|-resisted|p1b: Amoonguss\n|-damage|p1b: Amoonguss|92/100\n|move|p2b: Calyrex|Leech Seed|p1a: Calyrex\n|-activate|p1a: Calyrex|move: Protect\n|\n|upkeep\n|turn|2\n|inactive|Rogersayyouare2486 has 30 seconds left.\n|\n|t:|1776727179\n|move|p2a: Ogerpon|Follow Me|p2a: Ogerpon\n|-singleturn|p2a: Ogerpon|move: Follow Me\n|move|p2b: Calyrex|Leech Seed|p1a: Calyrex\n|-start|p1a: Calyrex|move: Leech Seed\n|move|p1b: Amoonguss|Spore|p2a: Ogerpon\n|-immune|p2a: Ogerpon\n|move|p1a: Calyrex|Trick Room|p1a: Calyrex\n|-fieldstart|move: Trick Room|[of] p1a: Calyrex\n|\n|-damage|p1a: Calyrex|88/100|[from] Leech Seed|[of] p2b: Calyrex\n|upkeep\n|turn|3\n|\n|t:|1776727204\n|move|p1b: Amoonguss|Protect|p1b: Amoonguss\n|-singleturn|p1b: Amoonguss|Protect\n|move|p2a: Ogerpon|Follow Me|p2a: Ogerpon\n|-singleturn|p2a: Ogerpon|move: Follow Me\n|move|p1a: Calyrex|Glacial Lance|p2b: Calyrex|[spread] p2a,p2b\n|-resisted|p2b: Calyrex\n|-damage|p2a: Ogerpon|41/100\n|-damage|p2b: Calyrex|86/100\n|move|p2b: Calyrex|Trick Room|p2b: Calyrex\n|-fieldend|move: Trick Room\n|\n|-heal|p2b: Calyrex|92/100|[from] item: Leftovers\n|-damage|p1a: Calyrex|76/100|[from] Leech Seed|[of] p2b: Calyrex\n|-heal|p2b: Calyrex|100/100|[silent]\n|upkeep\n|turn|4\n|inactive|Rogersayyouare2486 has 30 seconds left.\n|inactive|jj11j1 has 30 seconds left.\n|\n|t:|1776727237\n|-terastallize|p1b: Amoonguss|Dark\n|move|p2a: Ogerpon|Horn Leech|p1a: Calyrex\n|-damage|p1a: Calyrex|50/100\n|-heal|p2a: Ogerpon|56/100|[from] drain|[of] p1a: Calyrex\n|move|p2b: Calyrex|Glacial Lance|p1a: Calyrex|[spread] p1a,p1b\n|-resisted|p1a: Calyrex\n|-damage|p1a: Calyrex|35/100\n|-damage|p1b: Amoonguss|53/100\n|move|p1a: Calyrex|Glacial Lance|p2b: Calyrex|[spread] p2a,p2b\n|-resisted|p2b: Calyrex\n|-damage|p2a: Ogerpon|0 fnt\n|-damage|p2b: Calyrex|87/100\n|faint|p2a: Ogerpon\n|-ability|p1a: Calyrex|Chilling Neigh|boost\n|-boost|p1a: Calyrex|atk|1\n|move|p1b: Amoonguss|Spore|p2b: Calyrex\n|-status|p2b: Calyrex|slp|[from] move: Spore\n|\n|-heal|p2b: Calyrex|93/100 slp|[from] item: Leftovers\n|-damage|p1a: Calyrex|23/100|[from] Leech Seed|[of] p2b: Calyrex\n|-heal|p2b: Calyrex|100/100 slp|[silent]\n|upkeep\n|\n|t:|1776727259\n|switch|p2a: Ho-Oh|Ho-Oh, L50|100/100\n|turn|5\n|\n|t:|1776727279\n|move|p2a: Ho-Oh|Protect|p2a: Ho-Oh\n|-singleturn|p2a: Ho-Oh|Protect\n|move|p1a: Calyrex|Protect|p1a: Calyrex\n|-singleturn|p1a: Calyrex|Protect\n|cant|p2b: Calyrex|slp\n|move|p1b: Amoonguss|Spore|p2a: Ho-Oh\n|-activate|p2a: Ho-Oh|move: Protect\n|\n|-damage|p1a: Calyrex|11/100|[from] Leech Seed|[of] p2b: Calyrex\n|upkeep\n|turn|6\n|inactive|Rogersayyouare2486 has 30 seconds left.\n|inactive|jj11j1 has 30 seconds left.\n|\n|t:|1776727311\n|switch|p1a: Urshifu|Urshifu, L50, F|100/100\n|move|p1b: Amoonguss|Protect|p1b: Amoonguss\n|-singleturn|p1b: Amoonguss|Protect\n|move|p2a: Ho-Oh|Sacred Fire|p1b: Amoonguss\n|-activate|p1b: Amoonguss|move: Protect\n|cant|p2b: Calyrex|slp\n|\n|upkeep\n|turn|7\n|\n|t:|1776727333\n|move|p2a: Ho-Oh|Sacred Fire|p1a: Urshifu\n|-damage|p1a: Urshifu|61/100\n|-status|p1a: Urshifu|brn\n|cant|p2b: Calyrex|slp\n|move|p1a: Urshifu|Wicked Blow|p2b: Calyrex\n|-crit|p2b: Calyrex\n|-damage|p2b: Calyrex|83/100 slp\n|move|p1b: Amoonguss|Spore|p2a: Ho-Oh\n|-status|p2a: Ho-Oh|slp|[from] move: Spore\n|\n|-heal|p2b: Calyrex|89/100 slp|[from] item: Leftovers\n|-damage|p1a: Urshifu|56/100 brn|[from] brn\n|upkeep\n|turn|8\n|inactive|Rogersayyouare2486 has 30 seconds left.\n|\n|t:|1776727361\n|cant|p2a: Ho-Oh|slp\n|-curestatus|p2b: Calyrex|slp|[msg]\n|move|p2b: Calyrex|Leech Seed|p1b: Amoonguss\n|-start|p1b: Amoonguss|move: Leech Seed\n|move|p1a: Urshifu|Wicked Blow|p2b: Calyrex\n|-crit|p2b: Calyrex\n|-damage|p2b: Calyrex|71/100\n|move|p1b: Amoonguss|Spore|p2b: Calyrex\n|-status|p2b: Calyrex|slp|[from] move: Spore\n|\n|-heal|p2b: Calyrex|77/100 slp|[from] item: Leftovers\n|-damage|p1b: Amoonguss|41/100|[from] Leech Seed|[of] p2b: Calyrex\n|-heal|p2b: Calyrex|90/100 slp|[silent]\n|-damage|p1a: Urshifu|50/100 brn|[from] brn\n|upkeep\n|turn|9\n|\n|t:|1776727385\n|switch|p1a: Calyrex|Calyrex-Ice, L50|11/100\n|-ability|p1a: Calyrex|As One\n|-ability|p1a: Calyrex|Unnerve\n|switch|p1b: Hatterene|Hatterene, L50, F|100/100\n|cant|p2b: Calyrex|slp\n|cant|p2a: Ho-Oh|slp\n|\n|-heal|p2b: Calyrex|96/100 slp|[from] item: Leftovers\n|upkeep\n|turn|10\n|inactive|jj11j1 has 30 seconds left.\n|\n|t:|1776727413\n|-curestatus|p2a: Ho-Oh|slp|[msg]\n|move|p2a: Ho-Oh|Sacred Fire|p1b: Hatterene\n|-damage|p1b: Hatterene|54/100\n|cant|p2b: Calyrex|slp\n|move|p1a: Calyrex|Glacial Lance|p2b: Calyrex|[spread] p2a,p2b\n|-resisted|p2b: Calyrex\n|-damage|p2a: Ho-Oh|61/100\n|-damage|p2b: Calyrex|81/100 slp\n|move|p1b: Hatterene|Trick Room|p1b: Hatterene\n|-fieldstart|move: Trick Room|[of] p1b: Hatterene\n|\n|-heal|p2b: Calyrex|87/100 slp|[from] item: Leftovers\n|upkeep\n|turn|11\n|inactive|Rogersayyouare2486 has 30 seconds left.\n|\n|t:|1776727438\n|move|p2a: Ho-Oh|Protect|p2a: Ho-Oh\n|-singleturn|p2a: Ho-Oh|Protect\n|move|p1b: Hatterene|Dazzling Gleam|p2b: Calyrex|[spread] p2b\n|-activate|p2a: Ho-Oh|move: Protect\n|-damage|p2b: Calyrex|57/100 slp\n|-damage|p1b: Hatterene|44/100|[from] item: Life Orb\n|move|p1a: Calyrex|Glacial Lance|p2b: Calyrex|[spread] p2b\n|-activate|p2a: Ho-Oh|move: Protect\n|-resisted|p2b: Calyrex\n|-damage|p2b: Calyrex|42/100 slp\n|cant|p2b: Calyrex|slp\n|\n|-heal|p2b: Calyrex|48/100 slp|[from] item: Leftovers\n|upkeep\n|turn|12\n|inactive|jj11j1 has 30 seconds left.\n|\n|t:|1776727465\n|switch|p2a: Rillaboom|Rillaboom, L50, M|100/100\n|-fieldstart|move: Grassy Terrain|[from] ability: Grassy Surge|[of] p2a: Rillaboom\n|-curestatus|p2b: Calyrex|slp|[msg]\n|move|p2b: Calyrex|Protect|p2b: Calyrex\n|-singleturn|p2b: Calyrex|Protect\n|move|p1b: Hatterene|Dazzling Gleam|p2a: Rillaboom|[spread] p2a\n|-activate|p2b: Calyrex|move: Protect\n|-damage|p2a: Rillaboom|67/100\n|-damage|p1b: Hatterene|35/100|[from] item: Life Orb\n|move|p1a: Calyrex|Glacial Lance|p2a: Rillaboom|[spread] p2a\n|-activate|p2b: Calyrex|move: Protect\n|-supereffective|p2a: Rillaboom\n|-damage|p2a: Rillaboom|0 fnt\n|faint|p2a: Rillaboom\n|-ability|p1a: Calyrex|Chilling Neigh|boost\n|-boost|p1a: Calyrex|atk|1\n|\n|-heal|p1b: Hatterene|41/100|[from] Grassy Terrain\n|-heal|p2b: Calyrex|54/100|[from] Grassy Terrain\n|-heal|p1a: Calyrex|17/100|[from] Grassy Terrain\n|-heal|p2b: Calyrex|59/100|[from] item: Leftovers\n|upkeep\n|\n|t:|1776727488\n|switch|p2a: Ho-Oh|Ho-Oh, L50|94/100\n|turn|13\n|j| tapu_fume\n|\n|t:|1776727503\n|move|p1b: Hatterene|Expanding Force|p2b: Calyrex\n|-crit|p2b: Calyrex\n|-damage|p2b: Calyrex|1/100\n|-damage|p1b: Hatterene|31/100|[from] item: Life Orb\n|move|p1a: Calyrex|Glacial Lance|p2a: Ho-Oh|[spread] p2a,p2b\n|-resisted|p2b: Calyrex\n|-damage|p2a: Ho-Oh|34/100\n|-damage|p2b: Calyrex|0 fnt\n|faint|p2b: Calyrex\n|-ability|p1a: Calyrex|Chilling Neigh|boost\n|-boost|p1a: Calyrex|atk|1\n|move|p2a: Ho-Oh|Life Dew|p2a: Ho-Oh\n|-heal|p2a: Ho-Oh|59/100\n|\n|-heal|p1b: Hatterene|37/100|[from] Grassy Terrain\n|-heal|p1a: Calyrex|23/100|[from] Grassy Terrain\n|upkeep\n|turn|14\n|\n|t:|1776727525\n|move|p2a: Ho-Oh|Protect|p2a: Ho-Oh\n|-singleturn|p2a: Ho-Oh|Protect\n|move|p1b: Hatterene|Trick Room|p1b: Hatterene\n|-fieldend|move: Trick Room\n|move|p1a: Calyrex|Trick Room|p1a: Calyrex\n|-fieldstart|move: Trick Room|[of] p1a: Calyrex\n|\n|-heal|p1b: Hatterene|43/100|[from] Grassy Terrain\n|-heal|p1a: Calyrex|29/100|[from] Grassy Terrain\n|upkeep\n|turn|15\n|\n|t:|1776727547\n|move|p1b: Hatterene|Expanding Force|p2a: Ho-Oh\n|-damage|p2a: Ho-Oh|25/100\n|-damage|p1b: Hatterene|33/100|[from] item: Life Orb\n|move|p1a: Calyrex|Glacial Lance|p2a: Ho-Oh\n|-damage|p2a: Ho-Oh|0 fnt\n|faint|p2a: Ho-Oh\n|\n|win|Rogersayyouare2486\n|raw|Rogersayyouare2486's rating: 1429 &rarr; <strong>1452</strong><br />(+23 for winning)\n|raw|jj11j1's rating: 1476 &rarr; <strong>1453</strong><br />(-23 for losing)\n|l|\u2606Rogersayyouare2486\n|player|p1|\n","uploadtime":1776727701,"views":6,"formatid":"gen9vgc2026regi","rating":1452,"private":0,"password":null}