{"id":"gen9vgc2026regi-2564293311","format":"[Gen 9] VGC 2026 Reg I","players":["shun5412","conniecut"],"log":"|j|\u2606shun5412\n|j|\u2606conniecut\n|t:|1774129368\n|gametype|doubles\n|player|p1|shun5412|102|1157\n|player|p2|conniecut|lady|1136\n|gen|9\n|tier|[Gen 9] VGC 2026 Reg I\n|rated|\n|rule|Species Clause: Limit one of each Pok\u00e9mon\n|rule|Item Clause: Limit 1 of each item\n|clearpoke\n|poke|p1|Zacian-*, L50|\n|poke|p1|Lugia, L50|\n|poke|p1|Whimsicott, L50, M|\n|poke|p1|Incineroar, L50, M|\n|poke|p1|Urshifu-*, L50, M|\n|poke|p1|Rotom-Wash, L50|\n|poke|p2|Calyrex-Ice, L50|\n|poke|p2|Sentret, L50, M|\n|poke|p2|Ho-Oh, L50|\n|poke|p2|Ursaluna-Bloodmoon, L50, M|\n|poke|p2|Amoonguss, L50, F|\n|poke|p2|Urshifu-*, L50, F|\n|teampreview|4\n|\n|t:|1774129398\n|teamsize|p1|4\n|teamsize|p2|4\n|start\n|switch|p1a: Incineroar|Incineroar, L50, M|100/100\n|switch|p1b: Rotom|Rotom-Wash, L50|100/100\n|switch|p2a: Calyrex|Calyrex-Ice, L50|100/100\n|switch|p2b: Sentret|Sentret, L50, M|100/100\n|-ability|p2a: Calyrex|As One\n|-ability|p2a: Calyrex|Unnerve\n|-ability|p1a: Incineroar|Intimidate|boost\n|-unboost|p2a: Calyrex|atk|1\n|-unboost|p2b: Sentret|atk|1\n|-item|p1a: Incineroar|Sitrus Berry|[from] ability: Frisk|[of] p2b: Sentret\n|-item|p1b: Rotom|Choice Specs|[from] ability: Frisk|[of] p2b: Sentret\n|turn|1\n|\n|t:|1774129419\n|move|p2a: Calyrex|Protect|p2a: Calyrex\n|-singleturn|p2a: Calyrex|Protect\n|move|p1a: Incineroar|Fake Out|p2b: Sentret\n|-damage|p2b: Sentret|65/100\n|move|p1b: Rotom|Trick|p2a: Calyrex\n|-activate|p2a: Calyrex|move: Protect\n|cant|p2b: Sentret|flinch\n|\n|upkeep\n|turn|2\n|\n|t:|1774129436\n|move|p2b: Sentret|Follow Me|p2b: Sentret\n|-singleturn|p2b: Sentret|move: Follow Me\n|move|p1b: Rotom|Trick|p2b: Sentret\n|-activate|p1b: Rotom|move: Trick|[of] p2b: Sentret\n|-item|p2b: Sentret|Choice Specs|[from] move: Trick\n|-item|p1b: Rotom|Focus Sash|[from] move: Trick\n|move|p1a: Incineroar|Knock Off|p2b: Sentret\n|-damage|p2b: Sentret|0 fnt\n|-enditem|p2b: Sentret|Choice Specs|[from] move: Knock Off|[of] p1a: Incineroar\n|faint|p2b: Sentret\n|move|p2a: Calyrex|Trick Room|p2a: Calyrex\n|-fieldstart|move: Trick Room|[of] p2a: Calyrex\n|\n|upkeep\n|\n|t:|1774129447\n|switch|p2b: Ursaluna|Ursaluna-Bloodmoon, L50, M|100/100\n|turn|3\n|\n|t:|1774129463\n|switch|p2a: Ho-Oh|Ho-Oh, L50|100/100\n|move|p2b: Ursaluna|Earth Power|p1a: Incineroar\n|-supereffective|p1a: Incineroar\n|-damage|p1a: Incineroar|13/100\n|-enditem|p1a: Incineroar|Sitrus Berry|[eat]\n|-heal|p1a: Incineroar|38/100|[from] item: Sitrus Berry\n|move|p1a: Incineroar|Will-O-Wisp|p2a: Ho-Oh\n|-immune|p2a: Ho-Oh\n|move|p1b: Rotom|Hydro Pump|p2b: Ursaluna\n|-supereffective|p2b: Ursaluna\n|-damage|p2b: Ursaluna|37/100\n|\n|upkeep\n|turn|4\n|\n|t:|1774129489\n|switch|p1a: Lugia|Lugia, L50|100/100\n|switch|p2a: Calyrex|Calyrex-Ice, L50|100/100\n|-ability|p2a: Calyrex|As One\n|-ability|p2a: Calyrex|Unnerve\n|move|p2b: Ursaluna|Blood Moon|p1a: Lugia\n|-damage|p1a: Lugia|75/100\n|move|p1b: Rotom|Hydro Pump|p2b: Ursaluna|[miss]\n|-miss|p1b: Rotom|p2b: Ursaluna\n|\n|upkeep\n|turn|5\n|\n|t:|1774129506\n|switch|p1a: Incineroar|Incineroar, L50, M|38/100\n|-ability|p1a: Incineroar|Intimidate|boost\n|-unboost|p2a: Calyrex|atk|1\n|-unboost|p2b: Ursaluna|atk|1\n|move|p2a: Calyrex|Glacial Lance|p1b: Rotom|[spread] p1a,p1b\n|-resisted|p1a: Incineroar\n|-resisted|p1b: Rotom\n|-damage|p1a: Incineroar|20/100\n|-damage|p1b: Rotom|77/100\n|move|p2b: Ursaluna|Hyper Voice|p1a: Incineroar|[spread] p1a,p1b\n|-damage|p1a: Incineroar|0 fnt\n|-damage|p1b: Rotom|40/100\n|faint|p1a: Incineroar\n|move|p1b: Rotom|Hydro Pump|p2b: Ursaluna\n|-supereffective|p2b: Ursaluna\n|-crit|p2b: Ursaluna\n|-damage|p2b: Ursaluna|0 fnt\n|faint|p2b: Ursaluna\n|\n|upkeep\n|\n|t:|1774129522\n|switch|p2b: Ho-Oh|Ho-Oh, L50|100/100\n|switch|p1a: Zacian|Zacian-Crowned, L50|100/100\n|-ability|p1a: Zacian|Intrepid Sword|boost\n|-boost|p1a: Zacian|atk|1\n|turn|6\n|\n|t:|1774129543\n|-terastallize|p2a: Calyrex|Fire\n|move|p1a: Zacian|Protect|p1a: Zacian\n|-singleturn|p1a: Zacian|Protect\n|move|p2a: Calyrex|Close Combat|p1b: Rotom\n|-damage|p1b: Rotom|5/100\n|-unboost|p2a: Calyrex|def|1\n|-unboost|p2a: Calyrex|spd|1\n|move|p1b: Rotom|Will-O-Wisp|p2a: Calyrex\n|-immune|p2a: Calyrex\n|move|p2b: Ho-Oh|Sacred Fire|p1a: Zacian\n|-activate|p1a: Zacian|move: Protect\n|\n|-fieldend|move: Trick Room\n|upkeep\n|turn|7\n|\n|t:|1774129573\n|move|p2a: Calyrex|Protect|p2a: Calyrex\n|-singleturn|p2a: Calyrex|Protect\n|move|p1a: Zacian|Behemoth Blade|p2b: Ho-Oh\n|-resisted|p2b: Ho-Oh\n|-damage|p2b: Ho-Oh|66/100\n|move|p2b: Ho-Oh|Tailwind|p2b: Ho-Oh\n|-sidestart|p2: conniecut|move: Tailwind\n|move|p1b: Rotom|Hydro Pump|p2b: Ho-Oh\n|-supereffective|p2b: Ho-Oh\n|-damage|p2b: Ho-Oh|11/100\n|\n|upkeep\n|turn|8\n|\n|t:|1774129591\n|move|p2b: Ho-Oh|Sacred Fire|p1a: Zacian\n|-supereffective|p1a: Zacian\n|-damage|p1a: Zacian|16/100\n|move|p1a: Zacian|Behemoth Blade|p2b: Ho-Oh\n|-resisted|p2b: Ho-Oh\n|-damage|p2b: Ho-Oh|0 fnt\n|faint|p2b: Ho-Oh\n|move|p2a: Calyrex|Glacial Lance|p1a: Zacian|[spread] p1a,p1b\n|-resisted|p1a: Zacian\n|-resisted|p1b: Rotom\n|-damage|p1a: Zacian|0 fnt\n|-damage|p1b: Rotom|0 fnt\n|faint|p1a: Zacian\n|faint|p1b: Rotom\n|-ability|p2a: Calyrex|Chilling Neigh|boost\n|-boost|p2a: Calyrex|atk|2\n|\n|upkeep\n|\n|t:|1774129608\n|switch|p1b: Lugia|Lugia, L50|75/100\n|turn|9\n|\n|t:|1774129615\n|-terastallize|p1b: Lugia|Dark\n|move|p1b: Lugia|Calm Mind|p1b: Lugia\n|-boost|p1b: Lugia|spa|1\n|-boost|p1b: Lugia|spd|1\n|move|p2a: Calyrex|Glacial Lance|p1b: Lugia\n|-damage|p1b: Lugia|0 fnt\n|faint|p1b: Lugia\n|\n|win|conniecut\n|raw|shun5412's rating: 1157 &rarr; <strong>1130</strong><br />(-27 for losing)\n|raw|conniecut's rating: 1136 &rarr; <strong>1163</strong><br />(+27 for winning)\n|l|\u2606shun5412\n|player|p1|\n|l|\u2606conniecut\n|player|p2|\n","uploadtime":1774129790,"views":11,"formatid":"gen9vgc2026regi","rating":1130,"private":0,"password":null}