{"id":"gen9vgc2026regi-2573435971","format":"[Gen 9] VGC 2026 Reg I","players":["SycrasisEU","altruisticalita"],"log":"|j|\u2606SycrasisEU\n|j|\u2606altruisticalita\n|t:|1775136459\n|gametype|doubles\n|player|p1|SycrasisEU|palmer|1185\n|player|p2|altruisticalita|102|1142\n|gen|9\n|tier|[Gen 9] VGC 2026 Reg I\n|rated|\n|rule|Species Clause: Limit one of each Pok\u00e9mon\n|rule|Item Clause: Limit 1 of each item\n|clearpoke\n|poke|p1|Koraidon, L50|\n|poke|p1|Brute Bonnet, L50|\n|poke|p1|Raging Bolt, L50|\n|poke|p1|Calyrex-Ice, L50|\n|poke|p1|Walking Wake, L50|\n|poke|p1|Suicune, L50|\n|poke|p2|Klawf, L50, F|\n|poke|p2|Koraidon, L50|\n|poke|p2|Flutter Mane, L50|\n|poke|p2|Incineroar, L50, F|\n|poke|p2|Miraidon, L50|\n|poke|p2|Whimsicott, L50, F|\n|teampreview|4\n|c|\u2606altruisticalita|Old dawg and young dawg\n|c|\u2606SycrasisEU|Father and son\nSycrasisEU has agreed to open team sheets.\n|c|\u2606altruisticalita|Frl xD\naltruisticalita has agreed to open team sheets.\n|showteam|p1|Koraidon||ChoiceBand|OrichalcumPulse|Uturn,DragonClaw,FlareBlitz,CollisionCourse||||||50|,,,,,Fire]Brute Bonnet||SitrusBerry|Protosynthesis|Protect,RagePowder,Spore,SuckerPunch||||||50|,,,,,Poison]Raging Bolt||AssaultVest|Protosynthesis|Snarl,Thunderclap,Electroweb,DragonPulse||||||50|,,,,,Fairy]Calyrex-Ice||ClearAmulet|AsOneGlastrier|GlacialLance,HighHorsepower,Protect,TrickRoom||||||50|,,,,,Fire]Walking Wake||LifeOrb|Protosynthesis|Flamethrower,DragonPulse,HydroSteam,Protect||||||50|,,,,,Fire]Suicune||MentalHerb|InnerFocus|IcyWind,Tailwind,Scald,HelpingHand||||||50|,,,,,Grass\n|showteam|p2|Klawf||WeaknessPolicy|AngerShell|Endure,RockSlide,HighHorsepower,Protect|||F|||50|,,,,,Ghost]Koraidon||LifeOrb|OrichalcumPulse|CloseCombat,FlareBlitz,FlameCharge,Protect||||||50|,,,,,Fire]Flutter Mane||FocusSash|Protosynthesis|Moonblast,IcyWind,ShadowBall,Protect||||||50|,,,,,Fairy]Incineroar||AssaultVest|Intimidate|FakeOut,Uturn,FlareBlitz,KnockOff|||F|||50|,,,,,Bug]Miraidon||ChoiceSpecs|HadronEngine|VoltSwitch,ElectroDrift,DazzlingGleam,DracoMeteor||||||50|,,,,,Fairy]Whimsicott||CovertCloak|Prankster|Tailwind,TrickRoom,Moonblast,Encore|||F|||50|,,,,,Dark\n|c|\u2606SycrasisEU|whats klawf doing there\n|c|\u2606altruisticalita|Vibing\n|\n|t:|1775136607\n|teamsize|p1|4\n|teamsize|p2|4\n|start\n|switch|p1a: Koraidon|Koraidon, L50, shiny|100/100\n|switch|p1b: Suicune|Suicune, L50|100/100\n|switch|p2a: Koraidon|Koraidon, L50|100/100\n|switch|p2b: Flutter Mane|Flutter Mane, L50|100/100\n|-weather|SunnyDay|[from] ability: Orichalcum Pulse|[of] p1a: Koraidon\n|-activate|p2b: Flutter Mane|ability: Protosynthesis\n|-start|p2b: Flutter Mane|protosynthesisspe\n|-activate|p1a: Koraidon|Orichalcum Pulse|[source]\n|-activate|p2a: Koraidon|ability: Orichalcum Pulse\n|turn|1\n|c|\u2606SycrasisEU|Fair\n|\n|t:|1775136656\n|-terastallize|p1a: Koraidon|Fire\n|move|p2b: Flutter Mane|Icy Wind|p1a: Koraidon|[spread] p1a,p1b\n|-resisted|p1a: Koraidon\n|-resisted|p1b: Suicune\n|-damage|p1a: Koraidon|94/100\n|-damage|p1b: Suicune|95/100\n|-unboost|p1a: Koraidon|spe|1\n|-unboost|p1b: Suicune|spe|1\n|move|p2a: Koraidon|Close Combat|p1a: Koraidon\n|-damage|p1a: Koraidon|0 fnt\n|-unboost|p2a: Koraidon|def|1\n|-unboost|p2a: Koraidon|spd|1\n|faint|p1a: Koraidon\n|-damage|p2a: Koraidon|91/100|[from] item: Life Orb\n|move|p1b: Suicune|Icy Wind|p2a: Koraidon|[spread] p2a,p2b\n|-supereffective|p2a: Koraidon\n|-damage|p2a: Koraidon|50/100\n|-damage|p2b: Flutter Mane|88/100\n|-unboost|p2a: Koraidon|spe|1\n|-unboost|p2b: Flutter Mane|spe|1\n|\n|-weather|SunnyDay|[upkeep]\n|upkeep\n|\n|t:|1775136677\n|switch|p1a: Walking Wake|Walking Wake, L50|100/100\n|-activate|p1a: Walking Wake|ability: Protosynthesis\n|-start|p1a: Walking Wake|protosynthesisspa\n|turn|2\n|\n|t:|1775136697\n|move|p1a: Walking Wake|Protect|p1a: Walking Wake\n|-singleturn|p1a: Walking Wake|Protect\n|move|p2b: Flutter Mane|Icy Wind|p1a: Walking Wake|[spread] p1b\n|-activate|p1a: Walking Wake|move: Protect\n|-resisted|p1b: Suicune\n|-damage|p1b: Suicune|89/100\n|-unboost|p1b: Suicune|spe|1\n|move|p2a: Koraidon|Close Combat|p1b: Suicune\n|-damage|p1b: Suicune|10/100\n|-unboost|p2a: Koraidon|def|1\n|-unboost|p2a: Koraidon|spd|1\n|-damage|p2a: Koraidon|40/100|[from] item: Life Orb\n|move|p1b: Suicune|Tailwind|p1b: Suicune\n|-sidestart|p1: SycrasisEU|move: Tailwind\n|\n|-weather|SunnyDay|[upkeep]\n|upkeep\n|turn|3\n|inactive|Battle timer is ON: inactive players will automatically lose when time's up. (requested by altruisticalita)\n|\n|t:|1775136751\n|move|p2a: Koraidon|Protect|p2a: Koraidon\n|-singleturn|p2a: Koraidon|Protect\n|move|p1a: Walking Wake|Dragon Pulse|p2a: Koraidon\n|-activate|p2a: Koraidon|move: Protect\n|move|p2b: Flutter Mane|Icy Wind|p1a: Walking Wake|[spread] p1a,p1b\n|-resisted|p1b: Suicune\n|-damage|p1a: Walking Wake|83/100\n|-damage|p1b: Suicune|4/100\n|-unboost|p1a: Walking Wake|spe|1\n|-unboost|p1b: Suicune|spe|1\n|move|p1b: Suicune|Icy Wind|p2a: Koraidon|[spread] p2b\n|-activate|p2a: Koraidon|move: Protect\n|-damage|p2b: Flutter Mane|75/100\n|-unboost|p2b: Flutter Mane|spe|1\n|\n|-weather|SunnyDay|[upkeep]\n|upkeep\n|turn|4\n|\n|t:|1775136770\n|switch|p1b: Brute Bonnet|Brute Bonnet, L50|100/100\n|-activate|p1b: Brute Bonnet|ability: Protosynthesis\n|-start|p1b: Brute Bonnet|protosynthesisspd\n|move|p1a: Walking Wake|Dragon Pulse|p2a: Koraidon\n|-supereffective|p2a: Koraidon\n|-damage|p2a: Koraidon|0 fnt\n|faint|p2a: Koraidon\n|-damage|p1a: Walking Wake|73/100|[from] item: Life Orb\n|move|p2b: Flutter Mane|Icy Wind|p1a: Walking Wake|[spread] p1b\n|-miss|p2b: Flutter Mane|p1a: Walking Wake\n|-supereffective|p1b: Brute Bonnet\n|-damage|p1b: Brute Bonnet|89/100\n|-unboost|p1b: Brute Bonnet|spe|1\n|\n|-weather|SunnyDay|[upkeep]\n|upkeep\n|\n|t:|1775136787\n|switch|p2a: Incineroar|Incineroar, L50, F, shiny|100/100\n|-ability|p2a: Incineroar|Intimidate|boost\n|-unboost|p1a: Walking Wake|atk|1\n|-unboost|p1b: Brute Bonnet|atk|1\n|turn|5\n|inactive|SycrasisEU has 30 seconds left.\n|\n|t:|1775136819\n|move|p1a: Walking Wake|Protect|p1a: Walking Wake\n|-singleturn|p1a: Walking Wake|Protect\n|move|p2a: Incineroar|Fake Out|p1b: Brute Bonnet\n|-damage|p1b: Brute Bonnet|79/100\n|move|p2b: Flutter Mane|Moonblast|p1b: Brute Bonnet\n|-supereffective|p1b: Brute Bonnet\n|-damage|p1b: Brute Bonnet|35/100\n|-unboost|p1b: Brute Bonnet|spa|1\n|-enditem|p1b: Brute Bonnet|Sitrus Berry|[eat]\n|-heal|p1b: Brute Bonnet|60/100|[from] item: Sitrus Berry\n|cant|p1b: Brute Bonnet|flinch\n|\n|-weather|none\n|-end|p1a: Walking Wake|Protosynthesis\n|-end|p2b: Flutter Mane|Protosynthesis\n|-end|p1b: Brute Bonnet|Protosynthesis\n|-sideend|p1: SycrasisEU|move: Tailwind\n|upkeep\n|turn|6\n|\n|t:|1775136837\n|move|p1a: Walking Wake|Hydro Steam|p2a: Incineroar\n|-supereffective|p2a: Incineroar\n|-damage|p2a: Incineroar|33/100\n|-damage|p1a: Walking Wake|64/100|[from] item: Life Orb\n|move|p2b: Flutter Mane|Moonblast|p1a: Walking Wake\n|-supereffective|p1a: Walking Wake\n|-damage|p1a: Walking Wake|0 fnt\n|faint|p1a: Walking Wake\n|-end|p1a: Walking Wake|Protosynthesis|[silent]\n|move|p2a: Incineroar|Flare Blitz|p1b: Brute Bonnet\n|-supereffective|p1b: Brute Bonnet\n|-damage|p1b: Brute Bonnet|0 fnt\n|faint|p1b: Brute Bonnet\n|-end|p1b: Brute Bonnet|Protosynthesis|[silent]\n|-damage|p2a: Incineroar|11/100|[from] Recoil\n|\n|upkeep\n|c|\u2606SycrasisEU|ggwp\n|c|\u2606altruisticalita|Thats gonna be gg\n|\n|t:|1775136857\n|switch|p1b: Suicune|Suicune, L50|4/100\n|turn|7\n|c|\u2606altruisticalita|wp too!\n|-message|SycrasisEU forfeited.\n|\n|win|altruisticalita\n|raw|SycrasisEU's rating: 1185 &rarr; <strong>1157</strong><br />(-28 for losing)\n|raw|altruisticalita's rating: 1142 &rarr; <strong>1170</strong><br />(+28 for winning)\n|l|\u2606SycrasisEU\n|player|p1|\n|l|\u2606altruisticalita\n|player|p2|\n","uploadtime":1775137038,"views":12,"formatid":"gen9vgc2026regi","rating":1157,"private":0,"password":null}