{"id":"gen9vgc2026regi-2563170271","format":"[Gen 9] VGC 2026 Reg I","players":["I\u2764\ufe0f\u5a1c\u7984forever","agfans\u53d8\u5c0f\u8ff7ag"],"log":"|j|\u2606I\u2764\ufe0f\u5a1c\u7984forever\n|j|\u2606agfans\u53d8\u5c0f\u8ff7ag\n|t:|1773997850\n|gametype|doubles\n|player|p1|I\u2764\ufe0f\u5a1c\u7984forever|youngcouple-gen4dp|1364\n|player|p2|agfans\u53d8\u5c0f\u8ff7ag|dawn|1423\n|gen|9\n|tier|[Gen 9] VGC 2026 Reg I\n|rated|\n|rule|Species Clause: Limit one of each Pok\u00e9mon\n|rule|Item Clause: Limit 1 of each item\n|clearpoke\n|poke|p1|Groudon, L50|\n|poke|p1|Kyurem-White, L50|\n|poke|p1|Heatran, L50, M|\n|poke|p1|Whimsicott, L50, M|\n|poke|p1|Roaring Moon, L50|\n|poke|p1|Ditto, L50|\n|poke|p2|Calyrex-Ice, L50|\n|poke|p2|Miraidon, L50|\n|poke|p2|Rillaboom, L50, M|\n|poke|p2|Incineroar, L50, M|\n|poke|p2|Drifblim, L50, M|\n|poke|p2|Smeargle, L50, F|\n|teampreview|4\n|inactive|Battle timer is ON: inactive players will automatically lose when time's up. (requested by agfans\u53d8\u5c0f\u8ff7ag)\n|\n|t:|1773997875\n|teamsize|p1|4\n|teamsize|p2|4\n|start\n|switch|p1a: Kyurem|Kyurem-White, L50|100/100\n|switch|p1b: Heatran|Heatran, L50, M|100/100\n|switch|p2a: Miraidon|Miraidon, L50|100/100\n|switch|p2b: Drifblim|Drifblim, L50, M|100/100\n|-fieldstart|move: Electric Terrain|[from] ability: Hadron Engine|[of] p2a: Miraidon\n|-enditem|p2b: Drifblim|Electric Seed\n|-boost|p2b: Drifblim|def|1|[from] item: Electric Seed\n|-ability|p1a: Kyurem|Turboblaze\n|turn|1\n|\n|t:|1773997889\n|move|p2b: Drifblim|Protect|p2b: Drifblim\n|-singleturn|p2b: Drifblim|Protect\n|move|p2a: Miraidon|Volt Switch|p1b: Heatran\n|-damage|p1b: Heatran|41/100\n|\n|t:|1773997894\n|switch|p2a: Smeargle|Smeargle, L50, F|100/100|[from] Volt Switch\n|move|p1a: Kyurem|Blizzard|p2b: Drifblim|[spread] \n|-activate|p2b: Drifblim|move: Protect\n|-miss|p1a: Kyurem|p2a: Smeargle\n|-enditem|p1a: Kyurem|Blunder Policy\n|-boost|p1a: Kyurem|spe|2\n|move|p1b: Heatran|Substitute|p1b: Heatran\n|-start|p1b: Heatran|Substitute\n|-damage|p1b: Heatran|16/100\n|\n|-heal|p1b: Heatran|22/100|[from] item: Leftovers\n|-ability|p2a: Smeargle|Moody|boost\n|-boost|p2a: Smeargle|atk|2\n|-unboost|p2a: Smeargle|def|1\n|upkeep\n|turn|2\n|\n|t:|1773997904\n|move|p2a: Smeargle|Fake Out|p1a: Kyurem\n|-damage|p1a: Kyurem|92/100\n|move|p2b: Drifblim|Minimize|p2b: Drifblim\n|-boost|p2b: Drifblim|evasion|2\n|cant|p1a: Kyurem|flinch\n|move|p1b: Heatran|Heat Wave|p2a: Smeargle|[spread] \n|-miss|p1b: Heatran|p2a: Smeargle\n|-miss|p1b: Heatran|p2b: Drifblim\n|\n|-heal|p1b: Heatran|28/100|[from] item: Leftovers\n|-ability|p2a: Smeargle|Moody|boost\n|-boost|p2a: Smeargle|spe|2\n|-unboost|p2a: Smeargle|def|1\n|upkeep\n|turn|3\n|\n|t:|1773997919\n|move|p2a: Smeargle|Follow Me|p2a: Smeargle\n|-singleturn|p2a: Smeargle|move: Follow Me\n|move|p2b: Drifblim|Minimize|p2b: Drifblim\n|-boost|p2b: Drifblim|evasion|2\n|move|p1a: Kyurem|Blizzard|p2b: Drifblim|[spread] p2a\n|-miss|p1a: Kyurem|p2b: Drifblim\n|-enditem|p2a: Smeargle|Focus Sash\n|-damage|p2a: Smeargle|1/100\n|move|p1b: Heatran|Heat Wave|p2a: Smeargle|[spread] p2a\n|-miss|p1b: Heatran|p2b: Drifblim\n|-damage|p2a: Smeargle|0 fnt\n|faint|p2a: Smeargle\n|\n|-heal|p1b: Heatran|34/100|[from] item: Leftovers\n|upkeep\n|\n|t:|1773997928\n|switch|p2a: Miraidon|Miraidon, L50|100/100\n|-activate|p2a: Miraidon|ability: Hadron Engine\n|turn|4\n|\n|t:|1773997942\n|move|p2a: Miraidon|Draco Meteor|p1a: Kyurem\n|-supereffective|p1a: Kyurem\n|-damage|p1a: Kyurem|0 fnt\n|-unboost|p2a: Miraidon|spa|2\n|faint|p1a: Kyurem\n|move|p2b: Drifblim|Baton Pass|p2b: Drifblim\n|\n|t:|1773997949\n|switch|p2b: Calyrex|Calyrex-Ice, L50|100/100|[from] Baton Pass\n|-ability|p2b: Calyrex|As One\n|-ability|p2b: Calyrex|Unnerve\n|move|p1b: Heatran|Earth Power|p2a: Miraidon\n|-supereffective|p2a: Miraidon\n|-crit|p2a: Miraidon\n|-damage|p2a: Miraidon|11/100\n|\n|-heal|p1b: Heatran|40/100|[from] item: Leftovers\n|upkeep\n|\n|t:|1773997961\n|switch|p1a: Ditto|Ditto, L50|100/100\n|-transform|p1a: Ditto|p2b: Calyrex|[from] ability: Imposter\n|-ability|p1a: Ditto|As One\n|-ability|p1a: Ditto|Unnerve\n|turn|5\n|\n|t:|1773997984\n|switch|p2a: Drifblim|Drifblim, L50, M|100/100\n|move|p1b: Heatran|Protect|p1b: Heatran\n|-singleturn|p1b: Heatran|Protect\n|move|p1a: Ditto|Glacial Lance|p2a: Drifblim|[spread] p2a\n|-miss|p1a: Ditto|p2b: Calyrex\n|-supereffective|p2a: Drifblim\n|-damage|p2a: Drifblim|1/100\n|move|p2b: Calyrex|Substitute|p2b: Calyrex\n|-start|p2b: Calyrex|Substitute\n|-damage|p2b: Calyrex|76/100\n|\n|-heal|p1b: Heatran|46/100|[from] item: Leftovers\n|-heal|p2b: Calyrex|82/100|[from] item: Leftovers\n|-fieldend|move: Electric Terrain\n|upkeep\n|turn|6\n|\n|t:|1773998015\n|move|p2a: Drifblim|Minimize|p2a: Drifblim\n|-boost|p2a: Drifblim|evasion|2\n|move|p1b: Heatran|Heat Wave|p2b: Calyrex|[spread] \n|-miss|p1b: Heatran|p2a: Drifblim\n|-miss|p1b: Heatran|p2b: Calyrex\n|move|p1a: Ditto|Substitute|p1a: Ditto\n|-start|p1a: Ditto|Substitute\n|-damage|p1a: Ditto|76/100\n|move|p2b: Calyrex|Leech Seed|p1a: Ditto|[miss]\n|-miss|p2b: Calyrex|p1a: Ditto\n|\n|-heal|p1b: Heatran|53/100|[from] item: Leftovers\n|-heal|p2b: Calyrex|87/100|[from] item: Leftovers\n|upkeep\n|turn|7\n|\n|t:|1773998035\n|move|p2a: Drifblim|Minimize|p2a: Drifblim\n|-boost|p2a: Drifblim|evasion|2\n|move|p1b: Heatran|Heat Wave|p2b: Calyrex|[spread] p2a\n|-miss|p1b: Heatran|p2b: Calyrex\n|-damage|p2a: Drifblim|0 fnt\n|faint|p2a: Drifblim\n|move|p1a: Ditto|Glacial Lance|p2b: Calyrex|[miss]\n|-miss|p1a: Ditto|p2b: Calyrex\n|move|p2b: Calyrex|Glacial Lance|p1a: Ditto|[spread] p1a,p1b\n|-resisted|p1a: Ditto\n|-activate|p1a: Ditto|move: Substitute|[damage]\n|-resisted|p1b: Heatran\n|-activate|p1b: Heatran|move: Substitute|[damage]\n|\n|-heal|p1b: Heatran|59/100|[from] item: Leftovers\n|-heal|p2b: Calyrex|93/100|[from] item: Leftovers\n|upkeep\n|\n|t:|1773998040\n|switch|p2a: Miraidon|Miraidon, L50|11/100\n|-fieldstart|move: Electric Terrain|[from] ability: Hadron Engine|[of] p2a: Miraidon\n|turn|8\n|\n|t:|1773998058\n|move|p1a: Ditto|Protect|p1a: Ditto\n|-singleturn|p1a: Ditto|Protect\n|move|p2a: Miraidon|Electro Drift|p1b: Heatran\n|-end|p1b: Heatran|Substitute\n|move|p1b: Heatran|Earth Power|p2a: Miraidon\n|-supereffective|p2a: Miraidon\n|-damage|p2a: Miraidon|0 fnt\n|faint|p2a: Miraidon\n|move|p2b: Calyrex|Leech Seed|p1b: Heatran\n|-start|p1b: Heatran|move: Leech Seed\n|\n|-heal|p1b: Heatran|65/100|[from] item: Leftovers\n|-heal|p2b: Calyrex|99/100|[from] item: Leftovers\n|-damage|p1b: Heatran|53/100|[from] Leech Seed|[of] p2b: Calyrex\n|-heal|p2b: Calyrex|100/100|[silent]\n|upkeep\n|turn|9\n|\n|t:|1773998075\n|switch|p1b: Groudon|Groudon, L50|100/100\n|-weather|SunnyDay|[from] ability: Drought|[of] p1b: Groudon\n|move|p2b: Calyrex|Glacial Lance|p1b: Groudon|[spread] p1a,p1b\n|-resisted|p1a: Ditto\n|-end|p1a: Ditto|Substitute\n|-supereffective|p1b: Groudon\n|-damage|p1b: Groudon|39/100\n|move|p1a: Ditto|Glacial Lance|p2b: Calyrex|[miss]\n|-miss|p1a: Ditto|p2b: Calyrex\n|\n|-weather|SunnyDay|[upkeep]\n|upkeep\n|turn|10\n|\n|t:|1773998096\n|-terastallize|p1b: Groudon|Water\n|move|p1b: Groudon|Heat Crash|p2b: Calyrex|[miss]\n|-miss|p1b: Groudon|p2b: Calyrex\n|move|p1a: Ditto|Substitute|p1a: Ditto\n|-start|p1a: Ditto|Substitute\n|-damage|p1a: Ditto|51/100\n|move|p2b: Calyrex|Glacial Lance|p1a: Ditto|[spread] p1a,p1b\n|-resisted|p1a: Ditto\n|-activate|p1a: Ditto|move: Substitute|[damage]\n|-resisted|p1b: Groudon\n|-damage|p1b: Groudon|23/100\n|\n|-weather|SunnyDay|[upkeep]\n|upkeep\n|turn|11\n|\n|t:|1773998114\n|move|p1b: Groudon|Heat Crash|p2b: Calyrex|[miss]\n|-miss|p1b: Groudon|p2b: Calyrex\n|move|p2b: Calyrex|Leech Seed|p1b: Groudon\n|-start|p1b: Groudon|move: Leech Seed\n|move|p1a: Ditto|Glacial Lance|p2b: Calyrex|[miss]\n|-miss|p1a: Ditto|p2b: Calyrex\n|\n|-weather|SunnyDay|[upkeep]\n|-damage|p1b: Groudon|11/100|[from] Leech Seed|[of] p2b: Calyrex\n|upkeep\n|turn|12\n|\n|t:|1773998126\n|switch|p1b: Heatran|Heatran, L50, M|53/100\n|move|p1a: Ditto|Glacial Lance|p2b: Calyrex\n|-resisted|p2b: Calyrex\n|-activate|p2b: Calyrex|move: Substitute|[damage]\n|move|p2b: Calyrex|Leech Seed|p1b: Heatran\n|-start|p1b: Heatran|move: Leech Seed\n|\n|-weather|SunnyDay|[upkeep]\n|-heal|p1b: Heatran|59/100|[from] item: Leftovers\n|-damage|p1b: Heatran|46/100|[from] Leech Seed|[of] p2b: Calyrex\n|-fieldend|move: Electric Terrain\n|upkeep\n|turn|13\n|inactive|I\u2764\ufe0f\u5a1c\u7984forever has 30 seconds left.\n|\n|t:|1773998152\n|switch|p1a: Groudon|Groudon, L50, tera:Water|11/100\n|move|p1b: Heatran|Heat Wave|p2b: Calyrex|[miss]\n|-miss|p1b: Heatran|p2b: Calyrex\n|move|p2b: Calyrex|Glacial Lance|p1b: Heatran|[spread] p1a,p1b\n|-resisted|p1a: Groudon\n|-resisted|p1b: Heatran\n|-damage|p1a: Groudon|0 fnt\n|-damage|p1b: Heatran|37/100\n|faint|p1a: Groudon\n|-ability|p2b: Calyrex|Chilling Neigh|boost\n|-boost|p2b: Calyrex|atk|1\n|\n|-weather|none\n|-heal|p1b: Heatran|43/100|[from] item: Leftovers\n|-damage|p1b: Heatran|31/100|[from] Leech Seed|[of] p2b: Calyrex\n|upkeep\n|\n|t:|1773998162\n|switch|p1a: Ditto|Ditto, L50|51/100\n|turn|14\n|inactive|agfans\u53d8\u5c0f\u8ff7ag has 30 seconds left.\n|\n|t:|1773998193\n|move|p1b: Heatran|Heat Wave|p2b: Calyrex\n|-supereffective|p2b: Calyrex\n|-end|p2b: Calyrex|Substitute\n|move|p2b: Calyrex|Leech Seed|p1a: Ditto|[miss]\n|-miss|p2b: Calyrex|p1a: Ditto\n|move|p1a: Ditto|Transform|p2b: Calyrex\n|-transform|p1a: Ditto|p2b: Calyrex\n|-ability|p1a: Ditto|As One\n|-ability|p1a: Ditto|Unnerve\n|\n|-heal|p1b: Heatran|37/100|[from] item: Leftovers\n|-damage|p1b: Heatran|25/100|[from] Leech Seed|[of] p2b: Calyrex\n|upkeep\n|turn|15\n|\n|t:|1773998206\n|move|p1b: Heatran|Heat Wave|p2b: Calyrex|[miss]\n|-miss|p1b: Heatran|p2b: Calyrex\n|move|p1a: Ditto|Leech Seed|p2b: Calyrex\n|-start|p2b: Calyrex|move: Leech Seed\n|move|p2b: Calyrex|Glacial Lance|p1a: Ditto|[spread] p1a,p1b\n|-resisted|p1a: Ditto\n|-resisted|p1b: Heatran\n|-damage|p1a: Ditto|34/100\n|-damage|p1b: Heatran|12/100\n|\n|-heal|p1b: Heatran|18/100|[from] item: Leftovers\n|-damage|p1b: Heatran|6/100|[from] Leech Seed|[of] p2b: Calyrex\n|-damage|p2b: Calyrex|88/100|[from] Leech Seed|[of] p1a: Ditto\n|-heal|p1a: Ditto|50/100|[silent]\n|upkeep\n|turn|16\n|\n|t:|1773998225\n|move|p1b: Heatran|Heat Wave|p2b: Calyrex|[miss]\n|-miss|p1b: Heatran|p2b: Calyrex\n|move|p1a: Ditto|Substitute|p1a: Ditto\n|-start|p1a: Ditto|Substitute\n|-damage|p1a: Ditto|26/100\n|move|p2b: Calyrex|Glacial Lance|p1b: Heatran|[spread] p1b\n|-miss|p2b: Calyrex|p1a: Ditto\n|-resisted|p1b: Heatran\n|-damage|p1b: Heatran|0 fnt\n|faint|p1b: Heatran\n|-ability|p2b: Calyrex|Chilling Neigh|boost\n|-boost|p2b: Calyrex|atk|1\n|\n|-heal|p2b: Calyrex|94/100|[from] item: Leftovers\n|-damage|p2b: Calyrex|82/100|[from] Leech Seed|[of] p1a: Ditto\n|-heal|p1a: Ditto|42/100|[silent]\n|upkeep\n|turn|17\n|\n|t:|1773998241\n|move|p1a: Ditto|Glacial Lance|p2b: Calyrex\n|-resisted|p2b: Calyrex\n|-damage|p2b: Calyrex|62/100\n|move|p2b: Calyrex|Glacial Lance|p1a: Ditto|[miss]\n|-miss|p2b: Calyrex|p1a: Ditto\n|\n|-heal|p2b: Calyrex|67/100|[from] item: Leftovers\n|-damage|p2b: Calyrex|55/100|[from] Leech Seed|[of] p1a: Ditto\n|-heal|p1a: Ditto|58/100|[silent]\n|upkeep\n|turn|18\n|\n|t:|1773998248\n|move|p1a: Ditto|Protect|p1a: Ditto\n|-singleturn|p1a: Ditto|Protect\n|move|p2b: Calyrex|Substitute|p2b: Calyrex\n|-start|p2b: Calyrex|Substitute\n|-damage|p2b: Calyrex|31/100\n|\n|-heal|p2b: Calyrex|36/100|[from] item: Leftovers\n|-damage|p2b: Calyrex|24/100|[from] Leech Seed|[of] p1a: Ditto\n|-heal|p1a: Ditto|74/100|[silent]\n|upkeep\n|turn|19\n|\n|t:|1773998254\n|move|p1a: Ditto|Glacial Lance|p2b: Calyrex\n|-resisted|p2b: Calyrex\n|-activate|p2b: Calyrex|move: Substitute|[damage]\n|move|p2b: Calyrex|Glacial Lance|p1a: Ditto|[miss]\n|-miss|p2b: Calyrex|p1a: Ditto\n|\n|-heal|p2b: Calyrex|30/100|[from] item: Leftovers\n|-damage|p2b: Calyrex|18/100|[from] Leech Seed|[of] p1a: Ditto\n|-heal|p1a: Ditto|90/100|[silent]\n|upkeep\n|turn|20\n|\n|t:|1773998264\n|move|p1a: Ditto|Protect|p1a: Ditto\n|-singleturn|p1a: Ditto|Protect\n|move|p2b: Calyrex|Protect||[still]\n|-fail|p2b: Calyrex\n|\n|-heal|p2b: Calyrex|24/100|[from] item: Leftovers\n|-damage|p2b: Calyrex|12/100|[from] Leech Seed|[of] p1a: Ditto\n|-heal|p1a: Ditto|100/100|[silent]\n|upkeep\n|turn|21\n|-message|agfans\u53d8\u5c0f\u8ff7ag forfeited.\n|\n|win|I\u2764\ufe0f\u5a1c\u7984forever\n|raw|I\u2764\ufe0f\u5a1c\u7984forever's rating: 1364 &rarr; <strong>1386</strong><br />(+22 for winning)\n|raw|agfans\u53d8\u5c0f\u8ff7ag's rating: 1401 &rarr; <strong>1379</strong><br />(-22 for losing)\n|l|\u2606agfans\u53d8\u5c0f\u8ff7ag\n|player|p2|\n|l|\u2606I\u2764\ufe0f\u5a1c\u7984forever\n|player|p1|\n","uploadtime":1773998549,"views":11,"formatid":"gen9vgc2026regi","rating":1379,"private":0,"password":null}