{"id":"gen9vgc2026regi-2565415335","format":"[Gen 9] VGC 2026 Reg I","players":["TheCatDad_24","Voth"],"log":"|j|\u2606TheCatDad_24\n|j|\u2606Voth\n|t:|1774273318\n|gametype|doubles\n|player|p1|TheCatDad_24|ltsurge|1241\n|player|p2|Voth|dawn|1336\n|gen|9\n|tier|[Gen 9] VGC 2026 Reg I\n|rated|\n|rule|Species Clause: Limit one of each Pok\u00e9mon\n|rule|Item Clause: Limit 1 of each item\n|clearpoke\n|poke|p1|Calyrex-Ice, L50|\n|poke|p1|Miraidon, L50|\n|poke|p1|Iron Hands, L50|\n|poke|p1|Ogerpon-Hearthflame, L50, F|\n|poke|p1|Farigiraf, L50, M|\n|poke|p1|Urshifu-*, L50, M|\n|poke|p2|Urshifu-*, L50, M|\n|poke|p2|Calyrex-Ice, L50|\n|poke|p2|Tornadus, L50, M|\n|poke|p2|Landorus, L50, M|\n|poke|p2|Rillaboom, L50, F|\n|poke|p2|Kyogre, L50|\n|teampreview|4\n|inactive|Battle timer is ON: inactive players will automatically lose when time's up. (requested by TheCatDad_24)\n|inactive|Voth has 60 seconds left.\n|\n|t:|1774273361\n|teamsize|p1|4\n|teamsize|p2|4\n|start\n|switch|p1a: Miraidon|Miraidon, L50|100/100\n|switch|p1b: Farigiraf|Farigiraf, L50, M|100/100\n|switch|p2a: Mustang|Calyrex-Ice, L50|100/100\n|switch|p2b: Darrow|Rillaboom, L50, F|100/100\n|-ability|p2a: Mustang|As One\n|-ability|p2a: Mustang|Unnerve\n|-fieldstart|move: Electric Terrain|[from] ability: Hadron Engine|[of] p1a: Miraidon\n|-enditem|p1b: Farigiraf|Electric Seed\n|-boost|p1b: Farigiraf|def|1|[from] item: Electric Seed\n|-fieldstart|move: Grassy Terrain|[from] ability: Grassy Surge|[of] p2b: Darrow\n|turn|1\n|\n|t:|1774273380\n|move|p1a: Miraidon|Volt Switch|p2a: Mustang\n|-damage|p2a: Mustang|68/100\n|\n|t:|1774273384\n|switch|p1a: Calyrex|Calyrex-Ice, L50|100/100|[from] Volt Switch\n|-ability|p1a: Calyrex|As One\n|-ability|p1a: Calyrex|Unnerve\n|move|p2b: Darrow|U-turn|p1b: Farigiraf\n|-supereffective|p1b: Farigiraf\n|-damage|p1b: Farigiraf|78/100\n|\n|t:|1774273388\n|switch|p2b: Victra|Kyogre, L50|100/100|[from] U-turn\n|-weather|RainDance|[from] ability: Drizzle|[of] p2b: Victra\n|move|p2a: Mustang|Glacial Lance|p1a: Calyrex|[spread] p1a,p1b\n|-resisted|p1a: Calyrex\n|-damage|p1a: Calyrex|84/100\n|-damage|p1b: Farigiraf|48/100\n|move|p1b: Farigiraf|Trick Room|p1b: Farigiraf\n|-fieldstart|move: Trick Room|[of] p1b: Farigiraf\n|\n|-weather|RainDance|[upkeep]\n|-heal|p2a: Mustang|74/100|[from] Grassy Terrain\n|-heal|p2a: Mustang|80/100|[from] item: Leftovers\n|-heal|p1a: Calyrex|89/100|[from] Grassy Terrain\n|-heal|p1b: Farigiraf|54/100|[from] Grassy Terrain\n|upkeep\n|turn|2\n|\n|t:|1774273409\n|-terastallize|p1a: Calyrex|Water\n|move|p1b: Farigiraf|Helping Hand|p1a: Calyrex\n|-singleturn|p1a: Calyrex|Helping Hand|[of] p1b: Farigiraf\n|move|p2a: Mustang|Leech Seed|p1a: Calyrex\n|-start|p1a: Calyrex|move: Leech Seed\n|move|p1a: Calyrex|Glacial Lance|p2a: Mustang|[spread] p2a,p2b\n|-resisted|p2a: Mustang\n|-resisted|p2b: Victra\n|-damage|p2a: Mustang|54/100\n|-damage|p2b: Victra|58/100\n|move|p2b: Victra|Origin Pulse|p1a: Calyrex|[spread] p1a,p1b\n|-resisted|p1a: Calyrex\n|-damage|p1a: Calyrex|59/100\n|-damage|p1b: Farigiraf|0 fnt\n|faint|p1b: Farigiraf\n|\n|-weather|RainDance|[upkeep]\n|-heal|p2a: Mustang|60/100|[from] Grassy Terrain\n|-heal|p2a: Mustang|66/100|[from] item: Leftovers\n|-heal|p1a: Calyrex|65/100|[from] Grassy Terrain\n|-heal|p2b: Victra|64/100|[from] Grassy Terrain\n|-damage|p1a: Calyrex|53/100|[from] Leech Seed|[of] p2a: Mustang\n|-heal|p2a: Mustang|78/100|[silent]\n|upkeep\n|\n|t:|1774273427\n|switch|p1b: Iron Hands|Iron Hands, L50|100/100\n|turn|3\n|\n|t:|1774273449\n|move|p2b: Victra|Protect|p2b: Victra\n|-singleturn|p2b: Victra|Protect\n|move|p1b: Iron Hands|Fake Out|p2a: Mustang\n|-damage|p2a: Mustang|68/100\n|cant|p2a: Mustang|flinch\n|move|p1a: Calyrex|High Horsepower|p2a: Mustang\n|-damage|p2a: Mustang|43/100\n|\n|-weather|RainDance|[upkeep]\n|-heal|p2a: Mustang|49/100|[from] Grassy Terrain\n|-heal|p2a: Mustang|55/100|[from] item: Leftovers\n|-heal|p1a: Calyrex|58/100|[from] Grassy Terrain\n|-heal|p2b: Victra|70/100|[from] Grassy Terrain\n|-damage|p1a: Calyrex|46/100|[from] Leech Seed|[of] p2a: Mustang\n|-heal|p2a: Mustang|67/100|[silent]\n|upkeep\n|turn|4\n|inactive|Voth has 30 seconds left.\n|\n|t:|1774273479\n|switch|p1a: Miraidon|Miraidon, L50|100/100\n|-fieldstart|move: Electric Terrain|[from] ability: Hadron Engine|[of] p1a: Miraidon\n|-activate|p1b: Iron Hands|ability: Quark Drive\n|-start|p1b: Iron Hands|quarkdriveatk\n|switch|p2b: Roque|Landorus, L50, M|100/100\n|move|p2a: Mustang|Leech Seed|p1b: Iron Hands\n|-start|p1b: Iron Hands|move: Leech Seed\n|move|p1b: Iron Hands|Wild Charge|p2b: Roque\n|-immune|p2b: Roque\n|\n|-weather|RainDance|[upkeep]\n|-heal|p2a: Mustang|73/100|[from] item: Leftovers\n|-damage|p1b: Iron Hands|88/100|[from] Leech Seed|[of] p2a: Mustang\n|-heal|p2a: Mustang|88/100|[silent]\n|upkeep\n|turn|5\n|inactive|TheCatDad_24 has 30 seconds left.\n|\n|t:|1774273506\n|switch|p2b: Darrow|Rillaboom, L50, F|100/100\n|-fieldstart|move: Grassy Terrain|[from] ability: Grassy Surge|[of] p2b: Darrow\n|-end|p1b: Iron Hands|Quark Drive\n|move|p2a: Mustang|Glacial Lance|p1b: Iron Hands|[spread] p1a,p1b\n|-supereffective|p1a: Miraidon\n|-damage|p1a: Miraidon|0 fnt\n|-damage|p1b: Iron Hands|53/100\n|faint|p1a: Miraidon\n|-ability|p2a: Mustang|Chilling Neigh|boost\n|-boost|p2a: Mustang|atk|1\n|move|p1b: Iron Hands|Drain Punch|p2b: Darrow\n|-damage|p2b: Darrow|63/100\n|-heal|p1b: Iron Hands|68/100|[from] drain|[of] p2b: Darrow\n|\n|-weather|none\n|-heal|p2a: Mustang|94/100|[from] Grassy Terrain\n|-heal|p2a: Mustang|99/100|[from] item: Leftovers\n|-heal|p1b: Iron Hands|74/100|[from] Grassy Terrain\n|-heal|p2b: Darrow|69/100|[from] Grassy Terrain\n|-damage|p1b: Iron Hands|61/100|[from] Leech Seed|[of] p2a: Mustang\n|-heal|p2a: Mustang|100/100|[silent]\n|-fieldend|move: Trick Room\n|upkeep\n|-message|TheCatDad_24 forfeited.\n|\n|win|Voth\n|raw|TheCatDad_24's rating: 1241 &rarr; <strong>1223</strong><br />(-18 for losing)\n|raw|Voth's rating: 1336 &rarr; <strong>1351</strong><br />(+15 for winning)\n","uploadtime":1774273526,"views":14,"formatid":"gen9vgc2026regi","rating":1223,"private":0,"password":null}