{"id":"gen9vgc2026regi-2561869204","format":"[Gen 9] VGC 2026 Reg I","players":["kfjtdhynd","GAPDHD"],"log":"|j|\u2606kfjtdhynd\n|j|\u2606GAPDHD\n|t:|1773850582\n|gametype|doubles\n|player|p1|kfjtdhynd|102|1505\n|player|p2|GAPDHD|ruinmaniac|1435\n|gen|9\n|tier|[Gen 9] VGC 2026 Reg I\n|rated|\n|rule|Species Clause: Limit one of each Pok\u00e9mon\n|rule|Item Clause: Limit 1 of each item\n|clearpoke\n|poke|p1|Lunala, L50|\n|poke|p1|Zacian-*, L50|\n|poke|p1|Urshifu-*, L50, F|\n|poke|p1|Rillaboom, L50, M|\n|poke|p1|Pelipper, L50, M|\n|poke|p1|Raging Bolt, L50|\n|poke|p2|Lunala, L50|\n|poke|p2|Groudon, L50|\n|poke|p2|Indeedee-F, L50, F|\n|poke|p2|Walking Wake, L50|\n|poke|p2|Incineroar, L50, M|\n|poke|p2|Brute Bonnet, L50|\n|teampreview|4\nkfjtdhynd rejected open team sheets.\n|inactive|Battle timer is ON: inactive players will automatically lose when time's up. (requested by kfjtdhynd)\n|inactive|kfjtdhynd has 60 seconds left.\n|inactive|GAPDHD has 60 seconds left.\n|inactive|GAPDHD has 30 seconds left.\n|\n|t:|1773850651\n|teamsize|p1|4\n|teamsize|p2|4\n|start\n|switch|p1a: Lunala|Lunala, L50|100/100\n|switch|p1b: Urshifu|Urshifu-Rapid-Strike, L50, F|100/100\n|switch|p2a: Groudon|Groudon, L50|100/100\n|switch|p2b: Incineroar|Incineroar, L50, M|100/100\n|-weather|SunnyDay|[from] ability: Drought|[of] p2a: Groudon\n|-ability|p2b: Incineroar|Intimidate|boost\n|-unboost|p1a: Lunala|atk|1\n|-unboost|p1b: Urshifu|atk|1\n|turn|1\n|\n|t:|1773850660\n|switch|p1a: Pelipper|Pelipper, L50, M|100/100\n|-weather|RainDance|[from] ability: Drizzle|[of] p1a: Pelipper\n|-terastallize|p1b: Urshifu|Ghost\n|move|p2b: Incineroar|Fake Out|p1b: Urshifu\n|-immune|p1b: Urshifu\n|move|p1b: Urshifu|Surging Strikes|p2a: Groudon\n|-supereffective|p2a: Groudon\n|-crit|p2a: Groudon\n|-damage|p2a: Groudon|57/100\n|-supereffective|p2a: Groudon\n|-crit|p2a: Groudon\n|-damage|p2a: Groudon|10/100\n|-supereffective|p2a: Groudon\n|-crit|p2a: Groudon\n|-damage|p2a: Groudon|0 fnt\n|faint|p2a: Groudon\n|-hitcount|p2: Groudon|3\n|\n|-weather|RainDance|[upkeep]\n|upkeep\n|\n|t:|1773850670\n|switch|p2a: Walking Wake|Walking Wake, L50|100/100\n|turn|2\n|\n|t:|1773850679\n|-terastallize|p2b: Incineroar|Water\n|move|p1b: Urshifu|Surging Strikes|p2b: Incineroar\n|-resisted|p2b: Incineroar\n|-crit|p2b: Incineroar\n|-damage|p2b: Incineroar|86/100\n|-resisted|p2b: Incineroar\n|-crit|p2b: Incineroar\n|-damage|p2b: Incineroar|72/100\n|-resisted|p2b: Incineroar\n|-crit|p2b: Incineroar\n|-damage|p2b: Incineroar|57/100\n|-hitcount|p2b: Incineroar|3\n|move|p2a: Walking Wake|Hydro Steam|p1b: Urshifu\n|-damage|p1b: Urshifu|0 fnt\n|faint|p1b: Urshifu\n|-damage|p2a: Walking Wake|91/100|[from] item: Life Orb\n|move|p1a: Pelipper|Tailwind|p1a: Pelipper\n|-sidestart|p1: kfjtdhynd|move: Tailwind\n|move|p2b: Incineroar|Knock Off|p1a: Pelipper\n|-damage|p1a: Pelipper|35/100\n|-enditem|p1a: Pelipper|Focus Sash|[from] move: Knock Off|[of] p2b: Incineroar\n|\n|-weather|RainDance|[upkeep]\n|upkeep\n|\n|t:|1773850689\n|switch|p1b: Zacian|Zacian-Crowned, L50|100/100\n|-ability|p1b: Zacian|Intrepid Sword|boost\n|-boost|p1b: Zacian|atk|1\n|turn|3\n|inactive|GAPDHD has 30 seconds left.\n|\n|t:|1773850723\n|switch|p2b: Lunala|Lunala, L50|100/100\n|move|p1b: Zacian|Play Rough|p2a: Walking Wake\n|-supereffective|p2a: Walking Wake\n|-damage|p2a: Walking Wake|0 fnt\n|faint|p2a: Walking Wake\n|-end|p2a: Walking Wake|Protosynthesis|[silent]\n|move|p1a: Pelipper|Hurricane|p2b: Lunala\n|-damage|p2b: Lunala|85/100\n|\n|-weather|RainDance|[upkeep]\n|upkeep\n|\n|t:|1773850728\n|switch|p2a: Incineroar|Incineroar, L50, M, tera:Water|57/100\n|-ability|p2a: Incineroar|Intimidate|boost\n|-unboost|p1a: Pelipper|atk|1\n|-unboost|p1b: Zacian|atk|1\n|turn|4\n|\n|t:|1773850737\n|move|p2a: Incineroar|Fake Out|p1a: Pelipper\n|-damage|p1a: Pelipper|20/100\n|move|p1b: Zacian|Behemoth Blade|p2b: Lunala\n|-damage|p2b: Lunala|41/100\n|cant|p1a: Pelipper|flinch\n|move|p2b: Lunala|Trick Room|p2b: Lunala\n|-fieldstart|move: Trick Room|[of] p2b: Lunala\n|\n|-weather|RainDance|[upkeep]\n|upkeep\n|turn|5\n|\n|t:|1773850752\n|move|p2a: Incineroar|Flare Blitz|p1b: Zacian\n|-supereffective|p1b: Zacian\n|-damage|p1b: Zacian|49/100\n|-damage|p2a: Incineroar|42/100|[from] Recoil\n|move|p2b: Lunala|Moongeist Beam|p1b: Zacian\n|-damage|p1b: Zacian|0 fnt\n|faint|p1b: Zacian\n|move|p1a: Pelipper|Weather Ball|p2b: Lunala\n|-damage|p2b: Lunala|0 fnt\n|faint|p2b: Lunala\n|\n|-weather|none\n|-sideend|p1: kfjtdhynd|move: Tailwind\n|upkeep\n|\n|t:|1773850756\n|switch|p1b: Lunala|Lunala, L50|100/100\n|turn|6\n|\n|t:|1773850760\n|move|p2a: Incineroar|Knock Off|p1b: Lunala\n|-supereffective|p1b: Lunala\n|-damage|p1b: Lunala|33/100\n|-enditem|p1b: Lunala|Leftovers|[from] move: Knock Off|[of] p2a: Incineroar\n|move|p1b: Lunala|Moongeist Beam|p2a: Incineroar\n|-damage|p2a: Incineroar|0 fnt\n|faint|p2a: Incineroar\n|\n|win|kfjtdhynd\n|raw|kfjtdhynd's rating: 1505 &rarr; <strong>1521</strong><br />(+16 for winning)\n|raw|GAPDHD's rating: 1435 &rarr; <strong>1419</strong><br />(-16 for losing)\n|l|\u2606GAPDHD\n|player|p2|\n|l|\u2606kfjtdhynd\n|player|p1|\n","uploadtime":1773851004,"views":11,"formatid":"gen9vgc2026regi","rating":1419,"private":0,"password":null}