{"id":"gen9vgc2026regi-2563212732","format":"[Gen 9] VGC 2026 Reg I","players":["Sig.ra Sciagura","Jonen"],"log":"|j|\u2606Sig.ra Sciagura\n|j|\u2606Jonen\n|t:|1774004021\n|gametype|doubles\n|player|p1|Sig.ra Sciagura|madame|1237\n|player|p2|Jonen|medium|1329\n|gen|9\n|tier|[Gen 9] VGC 2026 Reg I\n|rated|\n|rule|Species Clause: Limit one of each Pok\u00e9mon\n|rule|Item Clause: Limit 1 of each item\n|clearpoke\n|poke|p1|Koraidon, L50|\n|poke|p1|Flutter Mane, L50|\n|poke|p1|Ursaluna, L50, M|\n|poke|p1|Chi-Yu, L50|\n|poke|p1|Brute Bonnet, L50|\n|poke|p1|Lunala, L50|\n|poke|p2|Groudon, L50|\n|poke|p2|Chi-Yu, L50|\n|poke|p2|Flutter Mane, L50|\n|poke|p2|Raging Bolt, L50|\n|poke|p2|Calyrex-Ice, L50|\n|poke|p2|Jumpluff, L50, M|\n|teampreview|4\n|\n|t:|1774004040\n|teamsize|p1|4\n|teamsize|p2|4\n|start\n|switch|p1a: Mascara|Chi-Yu, L50|100/100\n|switch|p1b: Piena|Lunala, L50|100/100\n|switch|p2a: Groudon|Groudon, L50|100/100\n|switch|p2b: Jumpluff|Jumpluff, L50, M|100/100\n|-ability|p1a: Mascara|Beads of Ruin\n|-weather|SunnyDay|[from] ability: Drought|[of] p2a: Groudon\n|turn|1\n|\n|t:|1774004059\n|-terastallize|p2a: Groudon|Fire\n|move|p2b: Jumpluff|Tailwind|p2b: Jumpluff\n|-sidestart|p2: Jonen|move: Tailwind\n|move|p2a: Groudon|Heat Crash|p1a: Mascara\n|-resisted|p1a: Mascara\n|-damage|p1a: Mascara|16/100\n|move|p1a: Mascara|Heat Wave|p2b: Jumpluff|[spread] p2a,p2b\n|-resisted|p2a: Groudon\n|-supereffective|p2b: Jumpluff\n|-damage|p2a: Groudon|73/100\n|-damage|p2b: Jumpluff|0 fnt\n|faint|p2b: Jumpluff\n|move|p1b: Piena|Meteor Beam||[still]\n|-prepare|p1b: Piena|Meteor Beam\n|-boost|p1b: Piena|spa|1\n|-enditem|p1b: Piena|Power Herb\n|-anim|p1b: Piena|Meteor Beam|p2a: Groudon\n|-supereffective|p2a: Groudon\n|-damage|p2a: Groudon|0 fnt\n|faint|p2a: Groudon\n|\n|-weather|SunnyDay|[upkeep]\n|upkeep\n|\n|t:|1774004066\n|switch|p2b: Calyrex|Calyrex-Ice, L50|100/100\n|switch|p2a: Raging Bolt|Raging Bolt, L50|100/100\n|-ability|p2b: Calyrex|As One\n|-ability|p2b: Calyrex|Unnerve\n|-activate|p2a: Raging Bolt|ability: Protosynthesis\n|-start|p2a: Raging Bolt|protosynthesisspa\n|turn|2\n|\n|t:|1774004085\n|switch|p1a: Addio|Ursaluna, L50, M|100/100\n|move|p1b: Piena|Wide Guard|p1b: Piena\n|-singleturn|p1b: Piena|Wide Guard\n|move|p2a: Raging Bolt|Thunderclap||[still]\n|-fail|p2a: Raging Bolt\n|move|p2b: Calyrex|Leech Seed|p1b: Piena\n|-start|p1b: Piena|move: Leech Seed\n|\n|-weather|SunnyDay|[upkeep]\n|-damage|p1b: Piena|88/100|[from] Leech Seed|[of] p2b: Calyrex\n|-status|p1a: Addio|brn|[from] item: Flame Orb\n|upkeep\n|turn|3\n|\n|t:|1774004106\n|-terastallize|p1b: Piena|Fairy\n|move|p1b: Piena|Wide Guard|p1b: Piena\n|-singleturn|p1b: Piena|Wide Guard\n|move|p2a: Raging Bolt|Thunderbolt|p1b: Piena\n|-damage|p1b: Piena|24/100\n|-damage|p2a: Raging Bolt|91/100|[from] item: Life Orb\n|move|p2b: Calyrex|Glacial Lance|p1b: Piena|[spread] \n|-activate|p1a: Addio|move: Wide Guard\n|-activate|p1b: Piena|move: Wide Guard\n|move|p1a: Addio|Headlong Rush|p2a: Raging Bolt\n|-supereffective|p2a: Raging Bolt\n|-damage|p2a: Raging Bolt|0 fnt\n|-unboost|p1a: Addio|def|1\n|-unboost|p1a: Addio|spd|1\n|faint|p2a: Raging Bolt\n|-end|p2a: Raging Bolt|Protosynthesis|[silent]\n|\n|-weather|SunnyDay|[upkeep]\n|-damage|p1b: Piena|12/100|[from] Leech Seed|[of] p2b: Calyrex\n|-damage|p1a: Addio|95/100 brn|[from] brn\n|upkeep\n|turn|4\n|\n|t:|1774004134\n|move|p1b: Piena|Wide Guard|p1b: Piena\n|-singleturn|p1b: Piena|Wide Guard\n|move|p2b: Calyrex|Glacial Lance|p1a: Addio|[spread] \n|-activate|p1a: Addio|move: Wide Guard\n|-activate|p1b: Piena|move: Wide Guard\n|move|p1a: Addio|Facade|p2b: Calyrex\n|-damage|p2b: Calyrex|36/100\n|-enditem|p2b: Calyrex|Sitrus Berry|[eat]\n|-heal|p2b: Calyrex|61/100|[from] item: Sitrus Berry\n|\n|-weather|SunnyDay|[upkeep]\n|-damage|p1b: Piena|0 fnt|[from] Leech Seed|[of] p2b: Calyrex\n|-heal|p2b: Calyrex|75/100|[silent]\n|faint|p1b: Piena\n|-damage|p1a: Addio|89/100 brn|[from] brn\n|-sideend|p2: Jonen|move: Tailwind\n|upkeep\n|\n|t:|1774004149\n|switch|p1b: Mascara|Chi-Yu, L50|16/100\n|-ability|p1b: Mascara|Beads of Ruin\n|turn|5\n|\n|t:|1774004162\n|move|p1a: Addio|Protect|p1a: Addio\n|-singleturn|p1a: Addio|Protect\n|move|p1b: Mascara|Overheat|p2b: Calyrex\n|-supereffective|p2b: Calyrex\n|-damage|p2b: Calyrex|0 fnt\n|-unboost|p1b: Mascara|spa|2\n|faint|p2b: Calyrex\n|\n|win|Sig.ra Sciagura\n|raw|Sig.ra Sciagura's rating: 1237 &rarr; <strong>1268</strong><br />(+31 for winning)\n|raw|Jonen's rating: 1329 &rarr; <strong>1304</strong><br />(-25 for losing)\n","uploadtime":1774004162,"views":10,"formatid":"gen9vgc2026regi","rating":1268,"private":0,"password":null}