{"id":"gen9vgc2026regi-2577427445","format":"[Gen 9] VGC 2026 Reg I","players":["hassuheimer","blackred123"],"log":"|j|\u2606hassuheimer\n|j|\u2606blackred123\n|t:|1775576166\n|gametype|doubles\n|player|p1|hassuheimer|101|1489\n|player|p2|blackred123|iono-masters|1628\n|gen|9\n|tier|[Gen 9] VGC 2026 Reg I\n|rated|\n|rule|Species Clause: Limit one of each Pok\u00e9mon\n|rule|Item Clause: Limit 1 of each item\n|clearpoke\n|poke|p1|Miraidon, L50|\n|poke|p1|Whimsicott, L50, M|\n|poke|p1|Incineroar, L50, M|\n|poke|p1|Lunala, L50|\n|poke|p1|Urshifu-*, L50, M|\n|poke|p1|Ursaluna, L50, F|\n|poke|p2|Calyrex-Shadow, L50|\n|poke|p2|Zamazenta-*, L50|\n|poke|p2|Tornadus, L50, M|\n|poke|p2|Rillaboom, L50, F|\n|poke|p2|Ogerpon-Hearthflame, L50, F|\n|poke|p2|Raging Bolt, L50|\n|teampreview|4\n|j| alvarom33\n|inactive|Battle timer is ON: inactive players will automatically lose when time's up. (requested by blackred123)\n|l|\u2606hassuheimer\n|inactive|hassuheimer disconnected and has a minute to reconnect!\n|player|p1|\n|l| alvarom33\n|inactive|hassuheimer has 30 seconds to reconnect!\n|j|\u2606hassuheimer\n|inactive|hassuheimer reconnected and has 55 seconds left.\n|player|p1|hassuheimer|101|\n|inactive|hassuheimer has 30 seconds left.\n|inactive|hassuheimer has 20 seconds left.\n|\n|t:|1775576240\n|teamsize|p1|4\n|teamsize|p2|4\n|start\n|switch|p1a: Miraidon|Miraidon, L50, shiny|100/100\n|switch|p1b: Lunala|Lunala, L50, shiny|100/100\n|switch|p2a: Zamazenta|Zamazenta-Crowned, L50|100/100\n|switch|p2b: Rillaboom|Rillaboom, L50, F|100/100\n|-fieldstart|move: Electric Terrain|[from] ability: Hadron Engine|[of] p1a: Miraidon\n|-enditem|p1b: Lunala|Electric Seed\n|-boost|p1b: Lunala|def|1|[from] item: Electric Seed\n|-ability|p2a: Zamazenta|Dauntless Shield|boost\n|-boost|p2a: Zamazenta|def|1\n|-fieldstart|move: Grassy Terrain|[from] ability: Grassy Surge|[of] p2b: Rillaboom\n|turn|1\n|\n|t:|1775576257\n|move|p1a: Miraidon|Volt Switch|p2a: Zamazenta\n|-damage|p2a: Zamazenta|62/100\n|-damage|p1a: Miraidon|91/100|[from] item: Life Orb\n|\n|t:|1775576262\n|switch|p1a: Incineroar|Incineroar, L50, M, shiny|100/100|[from] Volt Switch\n|-ability|p1a: Incineroar|Intimidate|boost\n|-unboost|p2a: Zamazenta|atk|1\n|-unboost|p2b: Rillaboom|atk|1\n|move|p2a: Zamazenta|Body Press|p1a: Incineroar\n|-supereffective|p1a: Incineroar\n|-damage|p1a: Incineroar|0 fnt\n|faint|p1a: Incineroar\n|move|p2b: Rillaboom|U-turn|p1b: Lunala\n|-damage|p1b: Lunala|97/100\n|\n|t:|1775576273\n|switch|p2b: Ogerpon|Ogerpon-Hearthflame, L50, F|100/100|[from] U-turn\n|-ability|p2b: Ogerpon|Mold Breaker\n|move|p1b: Lunala|Trick Room|p1b: Lunala\n|-fieldstart|move: Trick Room|[of] p1b: Lunala\n|\n|-heal|p1b: Lunala|100/100|[from] Grassy Terrain\n|-heal|p2a: Zamazenta|68/100|[from] Grassy Terrain\n|upkeep\n|\n|t:|1775576286\n|switch|p1a: Ursaluna|Ursaluna, L50, F, shiny|100/100\n|turn|2\n|inactive|hassuheimer has 30 seconds left.\n|inactive|hassuheimer has 20 seconds left.\n|inactive|hassuheimer has 15 seconds left.\n|\n|t:|1775576330\n|move|p1a: Ursaluna|Protect|p1a: Ursaluna\n|-singleturn|p1a: Ursaluna|Protect\n|move|p1b: Lunala|Moongeist Beam|p2b: Ogerpon\n|-damage|p2b: Ogerpon|37/100\n|move|p2b: Ogerpon|Ivy Cudgel|p1b: Lunala|[anim] Ivy Cudgel Fire\n|-damage|p1b: Lunala|88/100\n|move|p2a: Zamazenta|Heavy Slam|p1b: Lunala\n|-damage|p1b: Lunala|69/100\n|\n|-heal|p1b: Lunala|75/100|[from] Grassy Terrain\n|-heal|p2b: Ogerpon|43/100|[from] Grassy Terrain\n|-heal|p2a: Zamazenta|74/100|[from] Grassy Terrain\n|-status|p1a: Ursaluna|brn|[from] item: Flame Orb\n|upkeep\n|turn|3\n|inactive|hassuheimer has 30 seconds left.\n|\n|t:|1775576358\n|-terastallize|p1a: Ursaluna|Ghost\n|move|p2b: Ogerpon|Spiky Shield|p2b: Ogerpon\n|-singleturn|p2b: Ogerpon|move: Protect\n|move|p2a: Zamazenta|Protect|p2a: Zamazenta\n|-singleturn|p2a: Zamazenta|Protect\n|move|p1a: Ursaluna|Headlong Rush|p2a: Zamazenta\n|-activate|p2a: Zamazenta|move: Protect\n|move|p1b: Lunala|Moongeist Beam|p2b: Ogerpon\n|-activate|p2b: Ogerpon|move: Protect\n|\n|-heal|p1b: Lunala|81/100|[from] Grassy Terrain\n|-heal|p2b: Ogerpon|49/100|[from] Grassy Terrain\n|-heal|p2a: Zamazenta|80/100|[from] Grassy Terrain\n|-damage|p1a: Ursaluna|95/100 brn|[from] brn\n|upkeep\n|turn|4\n|\n|t:|1775576383\n|-terastallize|p2a: Zamazenta|Water\n|move|p2b: Ogerpon|Grassy Glide|p1a: Ursaluna\n|-damage|p1a: Ursaluna|68/100 brn\n|move|p1a: Ursaluna|Facade|p2a: Zamazenta\n|-damage|p2a: Zamazenta|37/100\n|move|p1b: Lunala|Moonblast|p2a: Zamazenta\n|-damage|p2a: Zamazenta|10/100\n|move|p2a: Zamazenta|Heavy Slam|p1b: Lunala\n|-damage|p1b: Lunala|64/100\n|\n|-heal|p1a: Ursaluna|74/100 brn|[from] Grassy Terrain\n|-heal|p1b: Lunala|70/100|[from] Grassy Terrain\n|-heal|p2b: Ogerpon|55/100|[from] Grassy Terrain\n|-heal|p2a: Zamazenta|17/100|[from] Grassy Terrain\n|-damage|p1a: Ursaluna|68/100 brn|[from] brn\n|upkeep\n|turn|5\n|\n|t:|1775576405\n|switch|p1a: Miraidon|Miraidon, L50, shiny|91/100\n|-fieldstart|move: Electric Terrain|[from] ability: Hadron Engine|[of] p1a: Miraidon\n|move|p2b: Ogerpon|Spiky Shield|p2b: Ogerpon\n|-singleturn|p2b: Ogerpon|move: Protect\n|move|p2a: Zamazenta|Protect|p2a: Zamazenta\n|-singleturn|p2a: Zamazenta|Protect\n|move|p1b: Lunala|Moongeist Beam|p2a: Zamazenta\n|-activate|p2a: Zamazenta|move: Protect\n|\n|-fieldend|move: Trick Room\n|upkeep\n|turn|6\n|\n|t:|1775576427\n|switch|p2a: Rillaboom|Rillaboom, L50, F|100/100\n|-fieldstart|move: Grassy Terrain|[from] ability: Grassy Surge|[of] p2a: Rillaboom\n|move|p1a: Miraidon|Electro Drift|p2a: Rillaboom\n|-resisted|p2a: Rillaboom\n|-damage|p2a: Rillaboom|76/100\n|-damage|p1a: Miraidon|81/100|[from] item: Life Orb\n|move|p2b: Ogerpon|Ivy Cudgel|p1b: Lunala|[anim] Ivy Cudgel Fire\n|-damage|p1b: Lunala|40/100\n|move|p1b: Lunala|Trick Room|p1b: Lunala\n|-fieldstart|move: Trick Room|[of] p1b: Lunala\n|\n|-heal|p2a: Rillaboom|82/100|[from] Grassy Terrain\n|-heal|p1b: Lunala|46/100|[from] Grassy Terrain\n|-heal|p2b: Ogerpon|61/100|[from] Grassy Terrain\n|-heal|p1a: Miraidon|87/100|[from] Grassy Terrain\n|upkeep\n|turn|7\n|\n|t:|1775576445\n|move|p2a: Rillaboom|Grassy Glide|p1b: Lunala\n|-damage|p1b: Lunala|26/100\n|move|p2b: Ogerpon|Grassy Glide|p1b: Lunala\n|-damage|p1b: Lunala|6/100\n|move|p1b: Lunala|Moongeist Beam|p2a: Rillaboom\n|-damage|p2a: Rillaboom|42/100\n|move|p1a: Miraidon|Draco Meteor|p2a: Rillaboom\n|-damage|p2a: Rillaboom|0 fnt\n|-unboost|p1a: Miraidon|spa|2\n|faint|p2a: Rillaboom\n|-damage|p1a: Miraidon|77/100|[from] item: Life Orb\n|\n|-heal|p1b: Lunala|13/100|[from] Grassy Terrain\n|-heal|p2b: Ogerpon|67/100|[from] Grassy Terrain\n|-heal|p1a: Miraidon|83/100|[from] Grassy Terrain\n|upkeep\n|\n|t:|1775576463\n|switch|p2a: Zamazenta|Zamazenta-Crowned, L50, tera:Water|17/100\n|turn|8\n|\n|t:|1775576476\n|move|p2b: Ogerpon|Grassy Glide|p1b: Lunala\n|-damage|p1b: Lunala|0 fnt\n|faint|p1b: Lunala\n|move|p2a: Zamazenta|Body Press|p1a: Miraidon\n|-damage|p1a: Miraidon|36/100\n|move|p1a: Miraidon|Volt Switch|p2a: Zamazenta\n|-supereffective|p2a: Zamazenta\n|-damage|p2a: Zamazenta|0 fnt\n|faint|p2a: Zamazenta\n|-damage|p1a: Miraidon|26/100|[from] item: Life Orb\n|\n|t:|1775576492\n|switch|p1a: Ursaluna|Ursaluna, L50, F, shiny, tera:Ghost|68/100 brn|[from] Volt Switch\n|\n|-heal|p1a: Ursaluna|74/100 brn|[from] Grassy Terrain\n|-heal|p2b: Ogerpon|73/100|[from] Grassy Terrain\n|-damage|p1a: Ursaluna|68/100 brn|[from] brn\n|upkeep\n|\n|t:|1775576496\n|switch|p1b: Miraidon|Miraidon, L50, shiny|26/100\n|switch|p2a: Calyrex|Calyrex-Shadow, L50|100/100\n|-ability|p2a: Calyrex|As One\n|-ability|p2a: Calyrex|Unnerve\n|-fieldstart|move: Electric Terrain|[from] ability: Hadron Engine|[of] p1b: Miraidon\n|turn|9\n|\n|t:|1775576517\n|move|p2b: Ogerpon|Spiky Shield|p2b: Ogerpon\n|-singleturn|p2b: Ogerpon|move: Protect\n|move|p1b: Miraidon|Protect|p1b: Miraidon\n|-singleturn|p1b: Miraidon|Protect\n|move|p2a: Calyrex|Protect|p2a: Calyrex\n|-singleturn|p2a: Calyrex|Protect\n|move|p1a: Ursaluna|Earthquake|p2a: Calyrex|[spread] \n|-activate|p1b: Miraidon|move: Protect\n|-activate|p2a: Calyrex|move: Protect\n|-activate|p2b: Ogerpon|move: Protect\n|\n|-damage|p1a: Ursaluna|62/100 brn|[from] brn\n|upkeep\n|turn|10\n|\n|t:|1775576539\n|move|p2b: Ogerpon|Follow Me|p2b: Ogerpon\n|-singleturn|p2b: Ogerpon|move: Follow Me\n|move|p1a: Ursaluna|Headlong Rush|p2b: Ogerpon\n|-damage|p2b: Ogerpon|0 fnt\n|-unboost|p1a: Ursaluna|def|1\n|-unboost|p1a: Ursaluna|spd|1\n|faint|p2b: Ogerpon\n|move|p1b: Miraidon|Electro Drift|p2a: Calyrex\n|-enditem|p2a: Calyrex|Focus Sash\n|-damage|p2a: Calyrex|1/100\n|-damage|p1b: Miraidon|16/100|[from] item: Life Orb\n|move|p2a: Calyrex|Astral Barrage|p1b: Miraidon|[spread] p1a,p1b\n|-supereffective|p1a: Ursaluna\n|-damage|p1a: Ursaluna|0 fnt\n|-damage|p1b: Miraidon|0 fnt\n|faint|p1a: Ursaluna\n|faint|p1b: Miraidon\n|\n|win|blackred123\n|raw|hassuheimer's rating: 1489 &rarr; <strong>1477</strong><br />(-12 for losing)\n|raw|blackred123's rating: 1628 &rarr; <strong>1640</strong><br />(+12 for winning)\n|l|\u2606hassuheimer\n|player|p1|\n","uploadtime":1775576612,"views":20,"formatid":"gen9vgc2026regi","rating":1477,"private":0,"password":null}