{"id":"gen9vgc2026regi-2532984178","format":"[Gen 9] VGC 2026 Reg I","players":["afdragonite","lalo's pollos"],"log":"|j|\u2606afdragonite\n|j|\u2606lalo's pollos\n|t:|1770243060\n|gametype|doubles\n|player|p1|afdragonite|266|1417\n|player|p2|lalo's pollos|2|1534\n|gen|9\n|tier|[Gen 9] VGC 2026 Reg I\n|rated|\n|rule|Species Clause: Limit one of each Pok\u00e9mon\n|rule|Item Clause: Limit 1 of each item\n|clearpoke\n|poke|p1|Mimikyu, L50, F|\n|poke|p1|Calyrex-Ice, L50|\n|poke|p1|Torkoal, L50, F|\n|poke|p1|Kyogre, L50|\n|poke|p1|Annihilape, L50, M|\n|poke|p1|Dusclops, L50, M|\n|poke|p2|Zamazenta-*, L50|\n|poke|p2|Lunala, L50|\n|poke|p2|Rillaboom, L50, F|\n|poke|p2|Incineroar, L50, F|\n|poke|p2|Urshifu-*, L50, M|\n|poke|p2|Tornadus, L50, M|\n|teampreview|4\n|inactive|Battle timer is ON: inactive players will automatically lose when time's up. (requested by afdragonite)\n|inactive|lalo's pollos has 60 seconds left.\n|\n|t:|1770243094\n|teamsize|p1|4\n|teamsize|p2|4\n|start\n|switch|p1a: Dusclops|Dusclops, L50, M|100/100\n|switch|p1b: Annihilape|Annihilape, L50, M, shiny|100/100\n|switch|p2a: Tornadus|Tornadus, L50, M|100/100\n|switch|p2b: Zamazenta|Zamazenta-Crowned, L50|100/100\n|-ability|p2b: Zamazenta|Dauntless Shield|boost\n|-boost|p2b: Zamazenta|def|1\n|-item|p2a: Tornadus|Focus Sash|[from] ability: Frisk|[of] p1a: Dusclops\n|-item|p2b: Zamazenta|Rusted Shield|[from] ability: Frisk|[of] p1a: Dusclops\n|turn|1\n|\n|t:|1770243104\n|move|p2b: Zamazenta|Protect|p2b: Zamazenta\n|-singleturn|p2b: Zamazenta|Protect\n|move|p2a: Tornadus|Taunt|p1a: Dusclops\n|-start|p1a: Dusclops|move: Taunt\n|move|p1b: Annihilape|Final Gambit|p2a: Tornadus\n|-enditem|p2a: Tornadus|Focus Sash\n|-damage|p2a: Tornadus|1/100\n|faint|p1b: Annihilape\n|cant|p1a: Dusclops|move: Taunt|Trick Room\n|\n|upkeep\n|\n|t:|1770243118\n|switch|p1b: Calyrex|Calyrex-Ice, L50|100/100\n|-ability|p1b: Calyrex|As One\n|-ability|p1b: Calyrex|Unnerve\n|turn|2\n|\n|t:|1770243125\n|move|p1a: Dusclops|Shadow Sneak|p2a: Tornadus\n|-damage|p2a: Tornadus|0 fnt\n|faint|p2a: Tornadus\n|move|p2b: Zamazenta|Body Press|p1b: Calyrex\n|-damage|p1b: Calyrex|52/100\n|move|p1b: Calyrex|High Horsepower|p2b: Zamazenta\n|-supereffective|p2b: Zamazenta\n|-damage|p2b: Zamazenta|71/100\n|\n|upkeep\n|\n|t:|1770243135\n|switch|p2a: Urshifu|Urshifu-Rapid-Strike, L50, M|100/100\n|turn|3\n|\n|t:|1770243147\n|switch|p1b: Kyogre|Kyogre, L50|100/100\n|-weather|RainDance|[from] ability: Drizzle|[of] p1b: Kyogre\n|-terastallize|p2a: Urshifu|Water\n|move|p1a: Dusclops|Shadow Sneak|p2a: Urshifu\n|-damage|p2a: Urshifu|90/100\n|move|p2b: Zamazenta|Heavy Slam|p1a: Dusclops\n|-damage|p1a: Dusclops|71/100\n|move|p2a: Urshifu|Surging Strikes|p1b: Kyogre\n|-resisted|p1b: Kyogre\n|-crit|p1b: Kyogre\n|-damage|p1b: Kyogre|74/100\n|-resisted|p1b: Kyogre\n|-crit|p1b: Kyogre\n|-damage|p1b: Kyogre|49/100\n|-resisted|p1b: Kyogre\n|-crit|p1b: Kyogre\n|-damage|p1b: Kyogre|24/100\n|-hitcount|p1b: Kyogre|3\n|\n|-weather|RainDance|[upkeep]\n|-end|p1a: Dusclops|move: Taunt\n|upkeep\n|turn|4\n|inactive|afdragonite has 30 seconds left.\n|inactive|lalo's pollos has 30 seconds left.\n|\n|t:|1770243177\n|-terastallize|p1a: Dusclops|Grass\n|move|p2a: Urshifu|Aqua Jet|p1b: Kyogre\n|-resisted|p1b: Kyogre\n|-damage|p1b: Kyogre|0 fnt\n|faint|p1b: Kyogre\n|move|p2b: Zamazenta|Heavy Slam|p1a: Dusclops\n|-damage|p1a: Dusclops|41/100\n|move|p1a: Dusclops|Trick Room|p1a: Dusclops\n|-fieldstart|move: Trick Room|[of] p1a: Dusclops\n|\n|-weather|RainDance|[upkeep]\n|upkeep\n|\n|t:|1770243184\n|switch|p1b: Calyrex|Calyrex-Ice, L50|52/100\n|-ability|p1b: Calyrex|As One\n|-ability|p1b: Calyrex|Unnerve\n|turn|5\n|j| Helloguyslol\n|\n|t:|1770243202\n|move|p1a: Dusclops|Shadow Sneak|p1b: Calyrex\n|-supereffective|p1b: Calyrex\n|-damage|p1b: Calyrex|40/100\n|-enditem|p1b: Calyrex|Weakness Policy\n|-boost|p1b: Calyrex|atk|2|[from] item: Weakness Policy\n|-boost|p1b: Calyrex|spa|2|[from] item: Weakness Policy\n|move|p1b: Calyrex|High Horsepower|p2a: Urshifu\n|-damage|p2a: Urshifu|15/100\n|move|p2a: Urshifu|Surging Strikes|p1b: Calyrex\n|-crit|p1b: Calyrex\n|-damage|p1b: Calyrex|8/100\n|-crit|p1b: Calyrex\n|-damage|p1b: Calyrex|0 fnt\n|faint|p1b: Calyrex\n|-hitcount|p1: Calyrex|2\n|move|p2b: Zamazenta|Body Press|p1a: Dusclops\n|-damage|p1a: Dusclops|0 fnt\n|faint|p1a: Dusclops\n|\n|win|lalo's pollos\n|raw|afdragonite's rating: 1417 &rarr; <strong>1403</strong><br />(-14 for losing)\n|raw|lalo&apos;s pollos's rating: 1534 &rarr; <strong>1548</strong><br />(+14 for winning)\n|l|\u2606afdragonite\n|player|p1|\n|l| Helloguyslol\n","uploadtime":1770243444,"views":26,"formatid":"gen9vgc2026regi","rating":1403,"private":0,"password":null}