{"id":"gen9vgc2026regi-2587538392","format":"[Gen 9] VGC 2026 Reg I","players":["pumpkinflame","jpto5"],"log":"|j|\u2606pumpkinflame\n|j|\u2606jpto5\n|t:|1776540422\n|gametype|doubles\n|player|p1|pumpkinflame|adaman-masters|1355\n|player|p2|jpto5|265|1491\n|gen|9\n|tier|[Gen 9] VGC 2026 Reg I\n|rated|\n|rule|Species Clause: Limit one of each Pok\u00e9mon\n|rule|Item Clause: Limit 1 of each item\n|clearpoke\n|poke|p1|Kyogre, L50|\n|poke|p1|Archaludon, L50, F|\n|poke|p1|Rillaboom, L50, F|\n|poke|p1|Roaring Moon, L50|\n|poke|p1|Calyrex-Ice, L50|\n|poke|p1|Incineroar, L50, F|\n|poke|p2|Tornadus, L50, M|\n|poke|p2|Kyogre, L50|\n|poke|p2|Zacian-*, L50|\n|poke|p2|Basculegion, L50, M|\n|poke|p2|Incineroar, L50, F|\n|poke|p2|Archaludon, L50, F|\n|teampreview|4\n|inactive|Battle timer is ON: inactive players will automatically lose when time's up. (requested by jpto5)\n|\n|t:|1776540449\n|teamsize|p1|4\n|teamsize|p2|4\n|start\n|switch|p1a: Chilly and Willy|Calyrex-Ice, L50|100/100\n|switch|p1b: K.O|Kyogre, L50|100/100\n|switch|p2a: Incineroar|Incineroar, L50, F|100/100\n|switch|p2b: Tornadus|Tornadus, L50, M|100/100\n|-ability|p1a: Chilly and Willy|As One\n|-ability|p1a: Chilly and Willy|Unnerve\n|-weather|RainDance|[from] ability: Drizzle|[of] p1b: K.O\n|-ability|p2a: Incineroar|Intimidate|boost\n|-unboost|p1a: Chilly and Willy|atk|1\n|-unboost|p1b: K.O|atk|1\n|turn|1\n|\n|t:|1776540469\n|switch|p1b: Miraidon 2|Archaludon, L50, F|100/100\n|move|p2a: Incineroar|Fake Out|p1b: Miraidon 2\n|-resisted|p1b: Miraidon 2\n|-crit|p1b: Miraidon 2\n|-damage|p1b: Miraidon 2|95/100\n|-ability|p1b: Miraidon 2|Stamina|boost\n|-boost|p1b: Miraidon 2|def|1\n|move|p2b: Tornadus|Taunt|p1a: Chilly and Willy\n|-start|p1a: Chilly and Willy|move: Taunt\n|move|p1a: Chilly and Willy|Glacial Lance|p2b: Tornadus|[spread] p2a,p2b\n|-resisted|p2a: Incineroar\n|-supereffective|p2b: Tornadus\n|-damage|p2a: Incineroar|87/100\n|-damage|p2b: Tornadus|2/100\n|\n|-weather|RainDance|[upkeep]\n|upkeep\n|turn|2\n|inactive|jpto5 has 30 seconds left.\n|\n|t:|1776540501\n|move|p2b: Tornadus|Tailwind|p2b: Tornadus\n|-sidestart|p2: jpto5|move: Tailwind\n|move|p2a: Incineroar|Parting Shot|p1a: Chilly and Willy\n|-unboost|p1a: Chilly and Willy|atk|1\n|-unboost|p1a: Chilly and Willy|spa|1\n|\n|t:|1776540510\n|switch|p2a: Archaludon|Archaludon, L50, F|100/100|[from] Parting Shot\n|move|p1b: Miraidon 2|Electro Shot||[still]\n|-prepare|p1b: Miraidon 2|Electro Shot\n|-boost|p1b: Miraidon 2|spa|1\n|-anim|p1b: Miraidon 2|Electro Shot|p2a: Archaludon\n|-resisted|p2a: Archaludon\n|-damage|p2a: Archaludon|50/100\n|move|p1a: Chilly and Willy|Glacial Lance|p2b: Tornadus|[spread] p2a,p2b\n|-supereffective|p2b: Tornadus\n|-damage|p2a: Archaludon|28/100\n|-damage|p2b: Tornadus|0 fnt\n|faint|p2b: Tornadus\n|-ability|p1a: Chilly and Willy|Chilling Neigh|boost\n|-boost|p1a: Chilly and Willy|atk|1\n|\n|-weather|RainDance|[upkeep]\n|upkeep\n|\n|t:|1776540516\n|switch|p2b: Zacian|Zacian-Crowned, L50|100/100\n|-ability|p2b: Zacian|Intrepid Sword|boost\n|-boost|p2b: Zacian|atk|1\n|turn|3\n|inactive|jpto5 has 30 seconds left.\n|\n|t:|1776540550\n|-terastallize|p1a: Chilly and Willy|Normal\n|move|p2b: Zacian|Sacred Sword|p1b: Miraidon 2\n|-supereffective|p1b: Miraidon 2\n|-crit|p1b: Miraidon 2\n|-damage|p1b: Miraidon 2|0 fnt\n|faint|p1b: Miraidon 2\n|move|p2a: Archaludon|Flash Cannon|p1a: Chilly and Willy\n|-damage|p1a: Chilly and Willy|79/100\n|move|p1a: Chilly and Willy|Glacial Lance|p2a: Archaludon|[spread] p2a,p2b\n|-resisted|p2b: Zacian\n|-damage|p2a: Archaludon|0 fnt\n|-damage|p2b: Zacian|86/100\n|faint|p2a: Archaludon\n|-ability|p1a: Chilly and Willy|Chilling Neigh|boost\n|-boost|p1a: Chilly and Willy|atk|1\n|\n|-weather|RainDance|[upkeep]\n|-heal|p1a: Chilly and Willy|85/100|[from] item: Leftovers\n|-end|p1a: Chilly and Willy|move: Taunt\n|upkeep\n|\n|t:|1776540564\n|switch|p2a: Incineroar|Incineroar, L50, F|87/100\n|switch|p1b: Mrs. Dreads|Rillaboom, L50, F, shiny|100/100\n|-ability|p2a: Incineroar|Intimidate|boost\n|-unboost|p1a: Chilly and Willy|atk|1\n|-unboost|p1b: Mrs. Dreads|atk|1\n|-fieldstart|move: Grassy Terrain|[from] ability: Grassy Surge|[of] p1b: Mrs. Dreads\n|turn|4\n|inactive|jpto5 has 30 seconds left.\n|\n|t:|1776540600\n|move|p1a: Chilly and Willy|Protect|p1a: Chilly and Willy\n|-singleturn|p1a: Chilly and Willy|Protect\n|move|p2b: Zacian|Behemoth Blade|p1a: Chilly and Willy\n|-activate|p1a: Chilly and Willy|move: Protect\n|move|p2a: Incineroar|Knock Off|p1a: Chilly and Willy\n|-activate|p1a: Chilly and Willy|move: Protect\n|move|p1b: Mrs. Dreads|High Horsepower|p2b: Zacian|[miss]\n|-miss|p1b: Mrs. Dreads|p2b: Zacian\n|\n|-weather|RainDance|[upkeep]\n|-heal|p2b: Zacian|92/100|[from] Grassy Terrain\n|-heal|p2a: Incineroar|93/100|[from] Grassy Terrain\n|-heal|p1a: Chilly and Willy|90/100|[from] Grassy Terrain\n|-heal|p1a: Chilly and Willy|96/100|[from] item: Leftovers\n|upkeep\n|turn|5\n|\n|t:|1776540622\n|move|p2b: Zacian|Sacred Sword|p1a: Chilly and Willy\n|-supereffective|p1a: Chilly and Willy\n|-damage|p1a: Chilly and Willy|30/100\n|move|p2a: Incineroar|Knock Off|p1a: Chilly and Willy\n|-damage|p1a: Chilly and Willy|6/100\n|-enditem|p1a: Chilly and Willy|Leftovers|[from] move: Knock Off|[of] p2a: Incineroar\n|move|p1b: Mrs. Dreads|High Horsepower|p2b: Zacian\n|-supereffective|p2b: Zacian\n|-damage|p2b: Zacian|51/100\n|move|p1a: Chilly and Willy|Trick Room|p1a: Chilly and Willy\n|-fieldstart|move: Trick Room|[of] p1a: Chilly and Willy\n|\n|-weather|none\n|-heal|p1a: Chilly and Willy|12/100|[from] Grassy Terrain\n|-heal|p2a: Incineroar|99/100|[from] Grassy Terrain\n|-heal|p2b: Zacian|57/100|[from] Grassy Terrain\n|-sideend|p2: jpto5|move: Tailwind\n|upkeep\n|turn|6\n|inactive|jpto5 has 30 seconds left.\n|\n|t:|1776540648\n|switch|p1b: K.O|Kyogre, L50|100/100\n|-weather|RainDance|[from] ability: Drizzle|[of] p1b: K.O\n|move|p1a: Chilly and Willy|Protect|p1a: Chilly and Willy\n|-singleturn|p1a: Chilly and Willy|Protect\n|move|p2a: Incineroar|Flare Blitz|p1b: K.O\n|-resisted|p1b: K.O\n|-damage|p1b: K.O|91/100\n|-damage|p2a: Incineroar|95/100|[from] Recoil\n|move|p2b: Zacian|Behemoth Blade|p1a: Chilly and Willy\n|-activate|p1a: Chilly and Willy|move: Protect\n|\n|-weather|RainDance|[upkeep]\n|-heal|p1a: Chilly and Willy|17/100|[from] Grassy Terrain\n|-heal|p2a: Incineroar|100/100|[from] Grassy Terrain\n|-heal|p1b: K.O|97/100|[from] Grassy Terrain\n|-heal|p2b: Zacian|63/100|[from] Grassy Terrain\n|upkeep\n|turn|7\n|\n|t:|1776540672\n|-terastallize|p2a: Incineroar|Ghost\n|move|p2a: Incineroar|Knock Off|p1b: K.O\n|-damage|p1b: K.O|65/100\n|-enditem|p1b: K.O|Splash Plate|[from] move: Knock Off|[of] p2a: Incineroar\n|move|p1a: Chilly and Willy|Leech Seed|p2b: Zacian\n|-start|p2b: Zacian|move: Leech Seed\n|move|p1b: K.O|Water Spout|p2b: Zacian|[spread] p2a,p2b\n|-damage|p2a: Incineroar|48/100\n|-damage|p2b: Zacian|1/100\n|move|p2b: Zacian|Play Rough|p1b: K.O\n|-crit|p1b: K.O\n|-damage|p1b: K.O|0 fnt\n|faint|p1b: K.O\n|\n|-weather|RainDance|[upkeep]\n|-heal|p2a: Incineroar|54/100|[from] Grassy Terrain\n|-heal|p1a: Chilly and Willy|23/100|[from] Grassy Terrain\n|-heal|p2b: Zacian|7/100|[from] Grassy Terrain\n|-damage|p2b: Zacian|0 fnt|[from] Leech Seed|[of] p1a: Chilly and Willy\n|-heal|p1a: Chilly and Willy|29/100|[silent]\n|faint|p2b: Zacian\n|upkeep\n|\n|t:|1776540687\n|switch|p1b: Mrs. Dreads|Rillaboom, L50, F, shiny|100/100\n|turn|8\n|\n|t:|1776540699\n|move|p2a: Incineroar|Knock Off|p1b: Mrs. Dreads\n|-damage|p1b: Mrs. Dreads|65/100\n|-enditem|p1b: Mrs. Dreads|Miracle Seed|[from] move: Knock Off|[of] p2a: Incineroar\n|move|p1a: Chilly and Willy|Leech Seed|p2a: Incineroar\n|-start|p2a: Incineroar|move: Leech Seed\n|move|p1b: Mrs. Dreads|Wood Hammer|p2a: Incineroar\n|-crit|p2a: Incineroar\n|-damage|p2a: Incineroar|0 fnt\n|faint|p2a: Incineroar\n|-damage|p1b: Mrs. Dreads|48/100|[from] Recoil\n|\n|win|pumpkinflame\n|raw|pumpkinflame's rating: 1355 &rarr; <strong>1382</strong><br />(+27 for winning)\n|raw|jpto5's rating: 1491 &rarr; <strong>1464</strong><br />(-27 for losing)\n|l|\u2606jpto5\n|player|p2|\n|l|\u2606pumpkinflame\n|player|p1|\n","uploadtime":1776540945,"views":10,"formatid":"gen9vgc2026regi","rating":1382,"private":0,"password":null}