{"id":"gen9vgc2026regi-2547878245","format":"[Gen 9] VGC 2026 Reg I","players":["Zorse Mentality","cdogp3"],"log":"|j|\u2606Zorse Mentality\n|j|\u2606cdogp3\n|t:|1772140659\n|gametype|doubles\n|player|p1|Zorse Mentality|265|1425\n|player|p2|cdogp3|hoopster|1673\n|gen|9\n|tier|[Gen 9] VGC 2026 Reg I\n|rated|\n|rule|Species Clause: Limit one of each Pok\u00e9mon\n|rule|Item Clause: Limit 1 of each item\n|clearpoke\n|poke|p1|Calyrex-Shadow, L50|\n|poke|p1|Miraidon, L50|\n|poke|p1|Dondozo, L50, M|\n|poke|p1|Tatsugiri, L50, M|\n|poke|p1|Weezing-Galar, L50, F|\n|poke|p1|Raichu-Alola, L50, M|\n|poke|p2|Sneasler, L50, F|\n|poke|p2|Ditto, L50|\n|poke|p2|Calyrex-Ice, L50|\n|poke|p2|Miraidon, L50|\n|poke|p2|Urshifu-*, L50, F|\n|poke|p2|Incineroar, L50, F|\n|teampreview|4\n|inactive|Battle timer is ON: inactive players will automatically lose when time's up. (requested by cdogp3)\n|\n|t:|1772140686\n|teamsize|p1|4\n|teamsize|p2|4\n|start\n|switch|p1a: Calyrex|Calyrex-Shadow, L50|100/100\n|switch|p1b: Weezing|Weezing-Galar, L50, F|100/100\n|switch|p2a: Calyrex|Calyrex-Ice, L50|100/100\n|switch|p2b: Miraidon|Miraidon, L50|100/100\n|-ability|p1b: Weezing|Neutralizing Gas\n|-ability|p1a: Calyrex|As One\n|-ability|p1a: Calyrex|Unnerve\n|-ability|p2a: Calyrex|As One\n|-ability|p2a: Calyrex|Unnerve\n|turn|1\n|inactive|Zorse Mentality has 30 seconds left.\n|inactive|Zorse Mentality has 20 seconds left.\n|inactive|Zorse Mentality has 15 seconds left.\n|inactive|Zorse Mentality has 10 seconds left.\n|\n|t:|1772140735\n|-terastallize|p2a: Calyrex|Water\n|move|p1a: Calyrex|Astral Barrage|p2b: Miraidon|[spread] p2a,p2b\n|-damage|p2a: Calyrex|65/100\n|-damage|p2b: Miraidon|50/100\n|move|p2b: Miraidon|Volt Switch|p1b: Weezing\n|-damage|p1b: Weezing|41/100\n|-damage|p2b: Miraidon|40/100|[from] item: Life Orb\n|\n|t:|1772140744\n|switch|p2b: Urshifu|Urshifu-Rapid-Strike, L50, F|100/100|[from] Volt Switch\n|move|p1b: Weezing|Poison Gas|p2b: Urshifu|[spread] p2a,p2b\n|-status|p2a: Calyrex|psn\n|-status|p2b: Urshifu|psn\n|move|p2a: Calyrex|Glacial Lance|p1a: Calyrex|[spread] p1a,p1b\n|-damage|p1a: Calyrex|27/100\n|-damage|p1b: Weezing|0 fnt\n|faint|p1b: Weezing\n|-end|p1b: Weezing|ability: Neutralizing Gas\n|-ability|p2a: Calyrex|Chilling Neigh|boost\n|-boost|p2a: Calyrex|atk|1\n|\n|-damage|p2b: Urshifu|88/100 psn|[from] psn\n|-damage|p2a: Calyrex|53/100 psn|[from] psn\n|upkeep\n|\n|t:|1772140761\n|switch|p1b: Dondozo|Dondozo, L50, M|100/100\n|turn|2\n|inactive|Zorse Mentality has 30 seconds left.\n|\n|t:|1772140790\n|switch|p1a: Tatsugiri|Tatsugiri, L50, M|100/100\n|-activate|p1a: Tatsugiri|ability: Commander|[of] p1b: Dondozo\n|-boost|p1b: Dondozo|atk|2\n|-boost|p1b: Dondozo|spa|2\n|-boost|p1b: Dondozo|spe|2\n|-boost|p1b: Dondozo|def|2\n|-boost|p1b: Dondozo|spd|2\n|switch|p2a: Incineroar|Incineroar, L50, F|100/100\n|-ability|p2a: Incineroar|Intimidate|boost\n|-unboost|p1a: Tatsugiri|atk|1\n|-unboost|p1b: Dondozo|atk|1\n|move|p2b: Urshifu|Aqua Jet|p1a: Tatsugiri|[miss]\n|-miss|p2b: Urshifu|p1a: Tatsugiri\n|move|p1b: Dondozo|Earthquake|p2b: Urshifu|[spread] p2a,p2b\n|-miss|p1b: Dondozo|p1a: Tatsugiri\n|-supereffective|p2a: Incineroar\n|-damage|p2a: Incineroar|53/100\n|-damage|p2b: Urshifu|61/100 psn\n|\n|-damage|p2b: Urshifu|49/100 psn|[from] psn\n|upkeep\n|turn|3\n|inactive|Zorse Mentality has 30 seconds left.\n|\n|t:|1772140818\n|move|p2b: Urshifu|Surging Strikes|p1b: Dondozo\n|-resisted|p1b: Dondozo\n|-crit|p1b: Dondozo\n|-damage|p1b: Dondozo|93/100\n|-damage|p2b: Urshifu|32/100 psn|[from] item: Rocky Helmet|[of] p1b: Dondozo\n|-resisted|p1b: Dondozo\n|-crit|p1b: Dondozo\n|-damage|p1b: Dondozo|87/100\n|-damage|p2b: Urshifu|16/100 psn|[from] item: Rocky Helmet|[of] p1b: Dondozo\n|-resisted|p1b: Dondozo\n|-crit|p1b: Dondozo\n|-damage|p1b: Dondozo|81/100\n|-damage|p2b: Urshifu|0 fnt|[from] item: Rocky Helmet|[of] p1b: Dondozo\n|faint|p2b: Urshifu\n|-hitcount|p1b: Dondozo|3\n|move|p1b: Dondozo|Order Up|p2a: Incineroar\n|-damage|p2a: Incineroar|27/100\n|-boost|p1b: Dondozo|atk|1\n|move|p2a: Incineroar|U-turn|p1b: Dondozo\n|-crit|p1b: Dondozo\n|-damage|p1b: Dondozo|64/100\n|-damage|p2a: Incineroar|11/100|[from] item: Rocky Helmet|[of] p1b: Dondozo\n|\n|t:|1772140824\n|switch|p2a: Miraidon|Miraidon, L50|40/100|[from] U-turn\n|-fieldstart|move: Electric Terrain|[from] ability: Hadron Engine|[of] p2a: Miraidon\n|\n|upkeep\n|\n|t:|1772140826\n|switch|p2b: Calyrex|Calyrex-Ice, L50, tera:Water|53/100 psn\n|-ability|p2b: Calyrex|As One\n|-ability|p2b: Calyrex|Unnerve\n|turn|4\n|\n|t:|1772140849\n|-terastallize|p1b: Dondozo|Grass\n|move|p2a: Miraidon|Protect|p2a: Miraidon\n|-singleturn|p2a: Miraidon|Protect\n|move|p2b: Calyrex|Protect|p2b: Calyrex\n|-singleturn|p2b: Calyrex|Protect\n|move|p1b: Dondozo|Earthquake|p2b: Calyrex|[spread] \n|-miss|p1b: Dondozo|p1a: Tatsugiri\n|-activate|p2a: Miraidon|move: Protect\n|-activate|p2b: Calyrex|move: Protect\n|\n|-damage|p2b: Calyrex|41/100 psn|[from] psn\n|upkeep\n|turn|5\n|\n|t:|1772140869\n|move|p2a: Miraidon|Draco Meteor|p1b: Dondozo\n|-damage|p1b: Dondozo|18/100\n|-unboost|p2a: Miraidon|spa|2\n|-damage|p2a: Miraidon|31/100|[from] item: Life Orb\n|move|p1b: Dondozo|Earthquake|p2b: Calyrex|[spread] p2a,p2b\n|-miss|p1b: Dondozo|p1a: Tatsugiri\n|-supereffective|p2a: Miraidon\n|-damage|p2a: Miraidon|0 fnt\n|-damage|p2b: Calyrex|19/100 psn\n|faint|p2a: Miraidon\n|move|p2b: Calyrex|Trick Room|p2b: Calyrex\n|-fieldstart|move: Trick Room|[of] p2b: Calyrex\n|\n|-damage|p2b: Calyrex|6/100 psn|[from] psn\n|upkeep\n|\n|t:|1772140873\n|switch|p2a: Incineroar|Incineroar, L50, F|11/100\n|-ability|p2a: Incineroar|Intimidate|boost\n|-unboost|p1a: Tatsugiri|atk|1\n|-unboost|p1b: Dondozo|atk|1\n|turn|6\n|\n|t:|1772140888\n|move|p2b: Calyrex|High Horsepower|p2a: Incineroar\n|-supereffective|p2a: Incineroar\n|-damage|p2a: Incineroar|0 fnt\n|faint|p2a: Incineroar\n|-ability|p2b: Calyrex|Chilling Neigh|boost\n|-boost|p2b: Calyrex|atk|1\n|move|p1b: Dondozo|Earthquake|p2b: Calyrex|[spread] p2b\n|-miss|p1b: Dondozo|p1a: Tatsugiri\n|-damage|p2b: Calyrex|0 fnt\n|faint|p2b: Calyrex\n|\n|win|Zorse Mentality\n|raw|Zorse Mentality's rating: 1425 &rarr; <strong>1457</strong><br />(+32 for winning)\n|raw|cdogp3's rating: 1673 &rarr; <strong>1641</strong><br />(-32 for losing)\n|l|\u2606Zorse Mentality\n|player|p1|\n|l|\u2606cdogp3\n|player|p2|\n","uploadtime":1772141168,"views":15,"formatid":"gen9vgc2026regi","rating":1457,"private":0,"password":null}