{"id":"gen9vgc2026regi-2564666547","format":"[Gen 9] VGC 2026 Reg I","players":["BlackBookVGC","Edvinpasta07"],"log":"|j|\u2606BlackBookVGC\n|j|\u2606Edvinpasta07\n|t:|1774183500\n|gametype|doubles\n|player|p1|BlackBookVGC|lyra|1438\n|player|p2|Edvinpasta07|miku-fire|1437\n|gen|9\n|tier|[Gen 9] VGC 2026 Reg I\n|rated|\n|rule|Species Clause: Limit one of each Pok\u00e9mon\n|rule|Item Clause: Limit 1 of each item\n|clearpoke\n|poke|p1|Lunala, L50|\n|poke|p1|Incineroar, L50, M|\n|poke|p1|Whimsicott, L50, F|\n|poke|p1|Urshifu-*, L50, F|\n|poke|p1|Miraidon, L50|\n|poke|p1|Ursaluna, L50, F|\n|poke|p2|Rayquaza, L50|\n|poke|p2|Chien-Pao, L50|\n|poke|p2|Annihilape, L50, M|\n|poke|p2|Rillaboom, L50, F|\n|poke|p2|Zamazenta-*, L50|\n|poke|p2|Ogerpon-Hearthflame, L50, F|\n|teampreview|4\n|inactive|Battle timer is ON: inactive players will automatically lose when time's up. (requested by Edvinpasta07)\n|\n|t:|1774183528\n|teamsize|p1|4\n|teamsize|p2|4\n|start\n|switch|p1a: Whimsicott|Whimsicott, L50, F, shiny|100/100\n|switch|p1b: Urshifu|Urshifu-Rapid-Strike, L50, F|100/100\n|switch|p2a: Annihilape|Annihilape, L50, M|100/100\n|switch|p2b: Rayquaza|Rayquaza, L50|100/100\n|-ability|p2b: Rayquaza|Air Lock\n|turn|1\n|inactive|BlackBookVGC has 30 seconds left.\n|inactive|Edvinpasta07 has 30 seconds left.\n|\n|t:|1774183561\n|-terastallize|p1b: Urshifu|Ghost\n|move|p1a: Whimsicott|Tailwind|p1a: Whimsicott\n|-sidestart|p1: BlackBookVGC|move: Tailwind\n|move|p1b: Urshifu|Surging Strikes|p2a: Annihilape\n|-crit|p2a: Annihilape\n|-damage|p2a: Annihilape|68/100\n|-crit|p2a: Annihilape\n|-damage|p2a: Annihilape|39/100\n|-crit|p2a: Annihilape\n|-damage|p2a: Annihilape|7/100\n|-hitcount|p2a: Annihilape|3\n|move|p2a: Annihilape|Coaching|p2b: Rayquaza\n|-boost|p2b: Rayquaza|atk|1\n|-boost|p2b: Rayquaza|def|1\n|move|p2b: Rayquaza|Dragon Ascent|p1a: Whimsicott\n|-supereffective|p1a: Whimsicott\n|-damage|p1a: Whimsicott|0 fnt\n|-unboost|p2b: Rayquaza|def|1\n|-unboost|p2b: Rayquaza|spd|1\n|faint|p1a: Whimsicott\n|\n|upkeep\n|inactive|BlackBookVGC has 30 seconds left.\n|\n|t:|1774183593\n|switch|p1a: Miraidon|Miraidon, L50, shiny|100/100\n|-fieldstart|move: Electric Terrain|[from] ability: Hadron Engine|[of] p1a: Miraidon\n|turn|2\n|\n|t:|1774183601\n|move|p2b: Rayquaza|Protect|p2b: Rayquaza\n|-singleturn|p2b: Rayquaza|Protect\n|move|p1a: Miraidon|Dazzling Gleam|p2a: Annihilape|[spread] p2a\n|-activate|p2b: Rayquaza|move: Protect\n|-supereffective|p2a: Annihilape\n|-damage|p2a: Annihilape|0 fnt\n|faint|p2a: Annihilape\n|move|p1b: Urshifu|Surging Strikes|p2b: Rayquaza\n|-resisted|p2b: Rayquaza\n|-crit|p2b: Rayquaza\n|-damage|p2b: Rayquaza|86/100\n|-resisted|p2b: Rayquaza\n|-crit|p2b: Rayquaza\n|-damage|p2b: Rayquaza|71/100\n|-resisted|p2b: Rayquaza\n|-crit|p2b: Rayquaza\n|-damage|p2b: Rayquaza|57/100\n|-hitcount|p2b: Rayquaza|3\n|\n|upkeep\n|j| freysh\n|\n|t:|1774183620\n|switch|p2a: Chien-Pao|Chien-Pao, L50|100/100\n|-ability|p2a: Chien-Pao|Sword of Ruin\n|turn|3\n|\n|t:|1774183628\n|switch|p2b: Rillaboom|Rillaboom, L50, F|100/100\n|-fieldstart|move: Grassy Terrain|[from] ability: Grassy Surge|[of] p2b: Rillaboom\n|move|p2a: Chien-Pao|Sucker Punch|p1b: Urshifu\n|-supereffective|p1b: Urshifu\n|-damage|p1b: Urshifu|12/100\n|move|p1a: Miraidon|Dazzling Gleam|p2b: Rillaboom|[spread] p2a,p2b\n|-supereffective|p2a: Chien-Pao\n|-damage|p2a: Chien-Pao|2/100\n|-damage|p2b: Rillaboom|78/100\n|move|p1b: Urshifu|Surging Strikes|p2a: Chien-Pao\n|-crit|p2a: Chien-Pao\n|-damage|p2a: Chien-Pao|0 fnt\n|faint|p2a: Chien-Pao\n|-hitcount|p2: Chien-Pao|1\n|\n|-heal|p1b: Urshifu|17/100|[from] Grassy Terrain\n|-heal|p2b: Rillaboom|84/100|[from] Grassy Terrain\n|upkeep\n|\n|t:|1774183638\n|switch|p2a: Rayquaza|Rayquaza, L50|57/100\n|-ability|p2a: Rayquaza|Air Lock\n|turn|4\n|\n|t:|1774183651\n|switch|p1a: Lunala|Lunala, L50, shiny|100/100\n|-terastallize|p2a: Rayquaza|Normal\n|move|p2b: Rillaboom|Grassy Glide|p1b: Urshifu\n|-damage|p1b: Urshifu|0 fnt\n|faint|p1b: Urshifu\n|move|p2a: Rayquaza|Swords Dance|p2a: Rayquaza\n|-boost|p2a: Rayquaza|atk|2\n|\n|-heal|p2b: Rillaboom|89/100|[from] Grassy Terrain\n|-heal|p2a: Rayquaza|63/100|[from] Grassy Terrain\n|-sideend|p1: BlackBookVGC|move: Tailwind\n|upkeep\n|\n|t:|1774183665\n|switch|p1b: Miraidon|Miraidon, L50, shiny|100/100\n|-fieldstart|move: Electric Terrain|[from] ability: Hadron Engine|[of] p1b: Miraidon\n|-enditem|p1a: Lunala|Electric Seed\n|-boost|p1a: Lunala|def|1|[from] item: Electric Seed\n|turn|5\n|\n|t:|1774183682\n|move|p2a: Rayquaza|Extreme Speed|p1b: Miraidon\n|-damage|p1b: Miraidon|7/100\n|move|p1b: Miraidon|Draco Meteor|p2b: Rillaboom\n|-damage|p2b: Rillaboom|0 fnt\n|-unboost|p1b: Miraidon|spa|2\n|faint|p2b: Rillaboom\n|move|p1a: Lunala|Moonblast|p2a: Rayquaza\n|-damage|p2a: Rayquaza|32/100\n|\n|upkeep\n|turn|6\n|\n|t:|1774183694\n|move|p2a: Rayquaza|Extreme Speed|p1b: Miraidon\n|-damage|p1b: Miraidon|0 fnt\n|faint|p1b: Miraidon\n|move|p1a: Lunala|Moonblast|p2a: Rayquaza\n|-damage|p2a: Rayquaza|1/100\n|\n|upkeep\n|turn|7\n|\n|t:|1774183701\n|move|p1a: Lunala|Moonblast|p2a: Rayquaza\n|-damage|p2a: Rayquaza|0 fnt\n|faint|p2a: Rayquaza\n|\n|win|BlackBookVGC\n|raw|BlackBookVGC's rating: 1438 &rarr; <strong>1458</strong><br />(+20 for winning)\n|raw|Edvinpasta07's rating: 1437 &rarr; <strong>1417</strong><br />(-20 for losing)\n|l|\u2606Edvinpasta07\n|player|p2|\n|l|\u2606BlackBookVGC\n|player|p1|\n|l| freysh\n","uploadtime":1774183966,"views":8,"formatid":"gen9vgc2026regi","rating":1417,"private":0,"password":null}