{"id":"gen9vgc2026regi-2528007410","format":"[Gen 9] VGC 2026 Reg I","players":["CHR1SPHX","JOOLA"],"log":"|j|\u2606CHR1SPHX\n|j|\u2606JOOLA\n|t:|1769611308\n|gametype|doubles\n|player|p1|CHR1SPHX|hilbert-wonderlauncher|1223\n|player|p2|JOOLA|cress|1448\n|gen|9\n|tier|[Gen 9] VGC 2026 Reg I\n|rated|\n|rule|Species Clause: Limit one of each Pok\u00e9mon\n|rule|Item Clause: Limit 1 of each item\n|clearpoke\n|poke|p1|Incineroar, L50, M|\n|poke|p1|Koraidon, L50|\n|poke|p1|Flutter Mane, L50|\n|poke|p1|Brute Bonnet, L50|\n|poke|p1|Indeedee-F, L50, F|\n|poke|p1|Groudon, L50|\n|poke|p2|Giratina-Origin, L50|\n|poke|p2|Zamazenta-*, L50|\n|poke|p2|Chien-Pao, L50|\n|poke|p2|Entei, L50|\n|poke|p2|Urshifu-*, L50, F|\n|poke|p2|Rillaboom, L50, F|\n|teampreview|4\n|inactive|Battle timer is ON: inactive players will automatically lose when time's up. (requested by CHR1SPHX)\n|inactive|JOOLA also wants the timer to be on.\n|inactive|CHR1SPHX has 60 seconds left.\n|inactive|JOOLA has 60 seconds left.\n|\n|t:|1769611352\n|teamsize|p1|4\n|teamsize|p2|4\n|start\n|switch|p1a: Brute Bonnet|Brute Bonnet, L50, shiny|100/100\n|switch|p1b: Incineroar|Incineroar, L50, M|100/100\n|switch|p2a: Entei|Entei, L50|100/100\n|switch|p2b: Chien-Pao|Chien-Pao, L50|100/100\n|-ability|p2b: Chien-Pao|Sword of Ruin\n|-ability|p1b: Incineroar|Intimidate|boost\n|-fail|p2a: Entei|unboost|Attack|[from] ability: Inner Focus|[of] p2a: Entei\n|-unboost|p2b: Chien-Pao|atk|1\n|turn|1\n|\n|t:|1769611376\n|move|p2b: Chien-Pao|Protect|p2b: Chien-Pao\n|-singleturn|p2b: Chien-Pao|Protect\n|move|p2a: Entei|Protect|p2a: Entei\n|-singleturn|p2a: Entei|Protect\n|move|p1b: Incineroar|Fake Out|p2b: Chien-Pao\n|-activate|p2b: Chien-Pao|move: Protect\n|move|p1a: Brute Bonnet|Spore|p2a: Entei\n|-activate|p2a: Entei|move: Protect\n|\n|upkeep\n|turn|2\n|inactive|JOOLA has 30 seconds left.\n|inactive|JOOLA has 20 seconds left.\n|\n|t:|1769611416\n|move|p2b: Chien-Pao|Ruination|p1a: Brute Bonnet\n|-damage|p1a: Brute Bonnet|50/100\n|-enditem|p1a: Brute Bonnet|Sitrus Berry|[eat]\n|-heal|p1a: Brute Bonnet|75/100|[from] item: Sitrus Berry\n|move|p2a: Entei|Sacred Fire|p1a: Brute Bonnet\n|-supereffective|p1a: Brute Bonnet\n|-damage|p1a: Brute Bonnet|0 fnt\n|faint|p1a: Brute Bonnet\n|-end|p1a: Brute Bonnet|Protosynthesis|[silent]\n|-damage|p2a: Entei|91/100|[from] item: Life Orb\n|move|p1b: Incineroar|Parting Shot|p2a: Entei\n|-unboost|p2a: Entei|atk|1\n|-unboost|p2a: Entei|spa|1\n|\n|t:|1769611435\n|switch|p1b: Koraidon|Koraidon, L50|100/100|[from] Parting Shot\n|-weather|SunnyDay|[from] ability: Orichalcum Pulse|[of] p1b: Koraidon\n|-activate|p1b: Koraidon|Orichalcum Pulse|[source]\n|\n|-weather|SunnyDay|[upkeep]\n|upkeep\n|\n|t:|1769611438\n|switch|p1a: Flutter Mane|Flutter Mane, L50|100/100\n|-activate|p1a: Flutter Mane|ability: Protosynthesis\n|-start|p1a: Flutter Mane|protosynthesisspe\n|turn|3\n|inactive|JOOLA has 30 seconds left.\n|inactive|JOOLA has 20 seconds left.\n|inactive|JOOLA has 15 seconds left.\n|inactive|JOOLA has 10 seconds left.\n|\n|t:|1769611486\n|move|p2a: Entei|Extreme Speed|p1b: Koraidon\n|-damage|p1b: Koraidon|72/100\n|-damage|p2a: Entei|81/100|[from] item: Life Orb\n|move|p2b: Chien-Pao|Sucker Punch|p1a: Flutter Mane\n|-damage|p1a: Flutter Mane|33/100\n|move|p1a: Flutter Mane|Shadow Ball|p2a: Entei\n|-crit|p2a: Entei\n|-damage|p2a: Entei|10/100\n|move|p1b: Koraidon|Flame Charge|p2b: Chien-Pao\n|-supereffective|p2b: Chien-Pao\n|-damage|p2b: Chien-Pao|17/100\n|-boost|p1b: Koraidon|spe|1\n|\n|-weather|SunnyDay|[upkeep]\n|upkeep\n|turn|4\n|inactive|JOOLA has 30 seconds left.\n|\n|t:|1769611513\n|switch|p2a: Giratina|Giratina-Origin, L50|100/100\n|move|p1a: Flutter Mane|Protect|p1a: Flutter Mane\n|-singleturn|p1a: Flutter Mane|Protect\n|move|p2b: Chien-Pao|Protect|p2b: Chien-Pao\n|-singleturn|p2b: Chien-Pao|Protect\n|move|p1b: Koraidon|Breaking Swipe|p2a: Giratina|[spread] p2a\n|-activate|p2b: Chien-Pao|move: Protect\n|-supereffective|p2a: Giratina\n|-damage|p2a: Giratina|43/100\n|-unboost|p2a: Giratina|atk|1\n|\n|-weather|SunnyDay|[upkeep]\n|upkeep\n|turn|5\n|inactive|JOOLA has 30 seconds left.\n|inactive|JOOLA has 20 seconds left.\n|inactive|JOOLA has 15 seconds left.\n|\n|t:|1769611555\n|-end|p1a: Flutter Mane|Protosynthesis|[silent]\n|switch|p1a: Incineroar|Incineroar, L50, M|100/100\n|-ability|p1a: Incineroar|Intimidate|boost\n|-unboost|p2a: Giratina|atk|1\n|-unboost|p2b: Chien-Pao|atk|1\n|move|p2a: Giratina|Shadow Sneak|p1a: Incineroar\n|-resisted|p1a: Incineroar\n|-damage|p1a: Incineroar|92/100\n|move|p1b: Koraidon|Breaking Swipe|p2b: Chien-Pao|[spread] p2a,p2b\n|-supereffective|p2a: Giratina\n|-damage|p2a: Giratina|0 fnt\n|-damage|p2b: Chien-Pao|0 fnt\n|faint|p2a: Giratina\n|faint|p2b: Chien-Pao\n|\n|-weather|SunnyDay|[upkeep]\n|upkeep\n|\n|t:|1769611575\n|switch|p2b: Entei|Entei, L50|10/100\n|switch|p2a: Zamazenta|Zamazenta-Crowned, L50|100/100\n|-ability|p2a: Zamazenta|Dauntless Shield|boost\n|-boost|p2a: Zamazenta|def|1\n|turn|6\n|\n|t:|1769611586\n|-terastallize|p1b: Koraidon|Fire\n|-terastallize|p2a: Zamazenta|Ghost\n|move|p2b: Entei|Protect|p2b: Entei\n|-singleturn|p2b: Entei|Protect\n|move|p1a: Incineroar|Fake Out|p2b: Entei\n|-activate|p2b: Entei|move: Protect\n|move|p1b: Koraidon|Flare Blitz|p2a: Zamazenta\n|-damage|p2a: Zamazenta|51/100\n|-damage|p1b: Koraidon|58/100|[from] Recoil\n|move|p2a: Zamazenta|Body Press|p1b: Koraidon\n|-damage|p1b: Koraidon|4/100\n|\n|-weather|none\n|upkeep\n|turn|7\n|inactive|CHR1SPHX has 30 seconds left.\n|\n|t:|1769611615\n|switch|p1b: Flutter Mane|Flutter Mane, L50|33/100\n|move|p2b: Entei|Extreme Speed|p1b: Flutter Mane\n|-immune|p1b: Flutter Mane\n|move|p2a: Zamazenta|Body Press|p1a: Incineroar\n|-supereffective|p1a: Incineroar\n|-damage|p1a: Incineroar|0 fnt\n|faint|p1a: Incineroar\n|\n|upkeep\n|\n|t:|1769611622\n|switch|p1a: Koraidon|Koraidon, L50, tera:Fire|4/100\n|-weather|SunnyDay|[from] ability: Orichalcum Pulse|[of] p1a: Koraidon\n|-activate|p1b: Flutter Mane|ability: Protosynthesis\n|-start|p1b: Flutter Mane|protosynthesisspe\n|-activate|p1a: Koraidon|Orichalcum Pulse|[source]\n|turn|8\n|inactive|JOOLA has 30 seconds left.\n|\n|t:|1769611649\n|move|p2a: Zamazenta|Protect|p2a: Zamazenta\n|-singleturn|p2a: Zamazenta|Protect\n|move|p2b: Entei|Extreme Speed|p1a: Koraidon\n|-damage|p1a: Koraidon|0 fnt\n|faint|p1a: Koraidon\n|-damage|p2b: Entei|0 fnt|[from] item: Life Orb\n|faint|p2b: Entei\n|move|p1b: Flutter Mane|Shadow Ball|p2a: Zamazenta\n|-activate|p2a: Zamazenta|move: Protect\n|\n|-weather|SunnyDay|[upkeep]\n|upkeep\n|turn|9\n|\n|t:|1769611663\n|move|p1b: Flutter Mane|Shadow Ball|p2a: Zamazenta\n|-supereffective|p2a: Zamazenta\n|-damage|p2a: Zamazenta|0 fnt\n|faint|p2a: Zamazenta\n|\n|win|CHR1SPHX\n|raw|CHR1SPHX's rating: 1223 &rarr; <strong>1262</strong><br />(+39 for winning)\n|raw|JOOLA's rating: 1448 &rarr; <strong>1417</strong><br />(-31 for losing)\n|c|\u2606CHR1SPHX|hoy shit\n|c|\u2606CHR1SPHX|that life orb saved me\n|c|\u2606CHR1SPHX|gg\n|l|\u2606JOOLA\n|player|p2|\n","uploadtime":1769611737,"views":16,"formatid":"gen9vgc2026regi","rating":1262,"private":0,"password":null}