{"id":"gen9vgc2026regi-2555717584","format":"[Gen 9] VGC 2026 Reg I","players":["ConnerTEP","i\u2764\u5a1c\u7984forever"],"log":"|j|\u2606ConnerTEP\n|j|\u2606i\u2764\u5a1c\u7984forever\n|t:|1773124256\n|gametype|doubles\n|player|p1|ConnerTEP|acerola-masters2|1461\n|player|p2|i\u2764\u5a1c\u7984forever|youngcouple-gen4dp|1380\n|gen|9\n|tier|[Gen 9] VGC 2026 Reg I\n|rated|\n|rule|Species Clause: Limit one of each Pok\u00e9mon\n|rule|Item Clause: Limit 1 of each item\n|clearpoke\n|poke|p1|Groudon, L50|\n|poke|p1|Calyrex-Shadow, L50|\n|poke|p1|Chi-Yu, L50|\n|poke|p1|Jumpluff, L50, M|\n|poke|p1|Rillaboom, L50, M|\n|poke|p1|Raging Bolt, L50|\n|poke|p2|Groudon, L50|\n|poke|p2|Kyurem-White, L50|\n|poke|p2|Heatran, L50, F|\n|poke|p2|Whimsicott, L50, M|\n|poke|p2|Roaring Moon, L50|\n|poke|p2|Ditto, L50|\n|teampreview|4\n|inactive|Battle timer is ON: inactive players will automatically lose when time's up. (requested by ConnerTEP)\n|c|\u2606ConnerTEP|W team\n|\n|t:|1773124272\n|teamsize|p1|4\n|teamsize|p2|4\n|start\n|switch|p1a: Groudon|Groudon, L50|100/100\n|switch|p1b: Jumpluff|Jumpluff, L50, M|100/100\n|switch|p2a: Whimsicott|Whimsicott, L50, M|100/100\n|switch|p2b: Kyurem|Kyurem-White, L50|100/100\n|-weather|SunnyDay|[from] ability: Drought|[of] p1a: Groudon\n|-ability|p2b: Kyurem|Turboblaze\n|turn|1\n|\n|t:|1773124284\n|-terastallize|p1a: Groudon|Fire\n|move|p1b: Jumpluff|Sleep Powder|p2b: Kyurem\n|-status|p2b: Kyurem|slp|[from] move: Sleep Powder\n|move|p1a: Groudon|Heat Crash|p2a: Whimsicott\n|-supereffective|p2a: Whimsicott\n|-enditem|p2a: Whimsicott|Focus Sash\n|-damage|p2a: Whimsicott|1/100\n|cant|p2b: Kyurem|slp\n|move|p2a: Whimsicott|Trick Room|p2a: Whimsicott\n|-fieldstart|move: Trick Room|[of] p2a: Whimsicott\n|\n|-weather|SunnyDay|[upkeep]\n|upkeep\n|turn|2\n|inactive|i\u2764\u5a1c\u7984forever has 30 seconds left.\n|inactive|i\u2764\u5a1c\u7984forever has 20 seconds left.\n|inactive|i\u2764\u5a1c\u7984forever has 15 seconds left.\n|inactive|i\u2764\u5a1c\u7984forever has 10 seconds left.\n|\n|t:|1773124332\n|move|p1b: Jumpluff|Rage Powder|p1b: Jumpluff\n|-singleturn|p1b: Jumpluff|move: Rage Powder\n|cant|p2b: Kyurem|slp\n|move|p1a: Groudon|Precipice Blades|p2a: Whimsicott|[spread] p2a,p2b\n|-resisted|p2a: Whimsicott\n|-damage|p2a: Whimsicott|0 fnt\n|-damage|p2b: Kyurem|56/100 slp\n|faint|p2a: Whimsicott\n|\n|-weather|SunnyDay|[upkeep]\n|upkeep\n|\n|t:|1773124339\n|switch|p2a: Groudon|Groudon, L50|100/100\n|turn|3\n|\n|t:|1773124348\n|move|p1a: Groudon|Protect|p1a: Groudon\n|-singleturn|p1a: Groudon|Protect\n|move|p2a: Groudon|Heat Crash|p1b: Jumpluff\n|-supereffective|p1b: Jumpluff\n|-damage|p1b: Jumpluff|0 fnt\n|faint|p1b: Jumpluff\n|-curestatus|p2b: Kyurem|slp|[msg]\n|move|p2b: Kyurem|Blizzard|p1a: Groudon\n|-activate|p1a: Groudon|move: Protect\n|\n|-weather|SunnyDay|[upkeep]\n|upkeep\n|\n|t:|1773124367\n|switch|p1b: Calyrex|Calyrex-Shadow, L50|100/100\n|-ability|p1b: Calyrex|As One\n|-ability|p1b: Calyrex|Unnerve\n|turn|4\n|\n|t:|1773124380\n|switch|p1a: Chi-Yu|Chi-Yu, L50|100/100\n|-ability|p1a: Chi-Yu|Beads of Ruin\n|move|p2a: Groudon|Precipice Blades|p1a: Chi-Yu|[spread] p1a,p1b\n|-supereffective|p1a: Chi-Yu\n|-damage|p1a: Chi-Yu|0 fnt\n|-damage|p1b: Calyrex|31/100\n|faint|p1a: Chi-Yu\n|move|p2b: Kyurem|Blizzard|p1b: Calyrex\n|-damage|p1b: Calyrex|0 fnt\n|faint|p1b: Calyrex\n|\n|-weather|SunnyDay|[upkeep]\n|upkeep\n|\n|t:|1773124382\n|switch|p1b: Groudon|Groudon, L50, tera:Fire|100/100\n|turn|5\n|\n|t:|1773124395\n|move|p1b: Groudon|Protect|p1b: Groudon\n|-singleturn|p1b: Groudon|Protect\n|move|p2a: Groudon|Precipice Blades|p1b: Groudon\n|-activate|p1b: Groudon|move: Protect\n|move|p2b: Kyurem|Shadow Ball|p1b: Groudon\n|-activate|p1b: Groudon|move: Protect\n|\n|-weather|none\n|-fieldend|move: Trick Room\n|upkeep\n|turn|6\n|\n|t:|1773124406\n|move|p1b: Groudon|Precipice Blades|p2a: Groudon|[spread] p2a,p2b\n|-damage|p2a: Groudon|66/100\n|-damage|p2b: Kyurem|13/100\n|move|p2b: Kyurem|Shadow Ball|p1b: Groudon\n|-damage|p1b: Groudon|67/100\n|move|p2a: Groudon|Precipice Blades|p1b: Groudon\n|-supereffective|p1b: Groudon\n|-damage|p1b: Groudon|0 fnt\n|faint|p1b: Groudon\n|\n|win|i\u2764\u5a1c\u7984forever\n|raw|ConnerTEP's rating: 1461 &rarr; <strong>1436</strong><br />(-25 for losing)\n|raw|i\u2764\u5a1c\u7984forever's rating: 1380 &rarr; <strong>1405</strong><br />(+25 for winning)\n|l|\u2606ConnerTEP\n|player|p1|\n|l|\u2606i\u2764\u5a1c\u7984forever\n|player|p2|\n","uploadtime":1773124540,"views":14,"formatid":"gen9vgc2026regi","rating":1405,"private":0,"password":null}