{"id":"gen9vgc2026regi-2559473497","format":"[Gen 9] VGC 2026 Reg I","players":["Adkae","KaiMVGC"],"log":"|j|\u2606Adkae\n|j|\u2606KaiMVGC\n|t:|1773573883\n|gametype|doubles\n|player|p1|Adkae|170|1339\n|player|p2|KaiMVGC|boarder|1367\n|gen|9\n|tier|[Gen 9] VGC 2026 Reg I\n|rated|\n|rule|Species Clause: Limit one of each Pok\u00e9mon\n|rule|Item Clause: Limit 1 of each item\n|clearpoke\n|poke|p1|Calyrex-Shadow, L50|\n|poke|p1|Ho-Oh, L50|\n|poke|p1|Incineroar, L50, M|\n|poke|p1|Rillaboom, L50, M|\n|poke|p1|Urshifu-*, L50, F|\n|poke|p1|Electabuzz, L50, F|\n|poke|p2|Calyrex-Shadow, L50|\n|poke|p2|Zamazenta-*, L50|\n|poke|p2|Incineroar, L50, M|\n|poke|p2|Rillaboom, L50, F|\n|poke|p2|Amoonguss, L50, F|\n|poke|p2|Urshifu-*, L50, M|\n|teampreview|4\n|\n|t:|1773573902\n|teamsize|p1|4\n|teamsize|p2|4\n|start\n|switch|p1a: Calyrex|Calyrex-Shadow, L50|100/100\n|switch|p1b: Ho-Oh|Ho-Oh, L50|100/100\n|switch|p2a: Incineroar|Incineroar, L50, M|100/100\n|switch|p2b: Amoonguss|Amoonguss, L50, F|100/100\n|-ability|p1a: Calyrex|As One\n|-ability|p1a: Calyrex|Unnerve\n|-ability|p2a: Incineroar|Intimidate|boost\n|-unboost|p1a: Calyrex|atk|1\n|-unboost|p1b: Ho-Oh|atk|1\n|turn|1\n|\n|t:|1773573917\n|switch|p1a: Electabuzz|Electabuzz, L50, F|100/100\n|move|p2b: Amoonguss|Protect|p2b: Amoonguss\n|-singleturn|p2b: Amoonguss|Protect\n|move|p1b: Ho-Oh|Sacred Fire|p2b: Amoonguss\n|-activate|p2b: Amoonguss|move: Protect\n|move|p2a: Incineroar|Knock Off|p1a: Electabuzz\n|-damage|p1a: Electabuzz|74/100\n|-enditem|p1a: Electabuzz|Eviolite|[from] move: Knock Off|[of] p2a: Incineroar\n|\n|upkeep\n|turn|2\n|\n|t:|1773573930\n|-terastallize|p2b: Amoonguss|Fire\n|move|p1a: Electabuzz|Taunt|p2b: Amoonguss\n|-start|p2b: Amoonguss|move: Taunt\n|-enditem|p2b: Amoonguss|Mental Herb\n|-end|p2b: Amoonguss|move: Taunt\n|move|p1b: Ho-Oh|Sacred Fire|p2b: Amoonguss\n|-resisted|p2b: Amoonguss\n|-damage|p2b: Amoonguss|83/100\n|move|p2a: Incineroar|Parting Shot|p1b: Ho-Oh\n|-unboost|p1b: Ho-Oh|atk|1\n|-unboost|p1b: Ho-Oh|spa|1\n|\n|t:|1773573947\n|switch|p2a: Calyrex|Calyrex-Shadow, L50|100/100|[from] Parting Shot\n|-ability|p2a: Calyrex|As One\n|-ability|p2a: Calyrex|Unnerve\n|move|p2b: Amoonguss|Spore|p1a: Electabuzz\n|-immune|p1a: Electabuzz|[from] ability: Vital Spirit\n|\n|upkeep\n|turn|3\n|\n|t:|1773573965\n|move|p2b: Amoonguss|Rage Powder|p2b: Amoonguss\n|-singleturn|p2b: Amoonguss|move: Rage Powder\n|move|p2a: Calyrex|Nasty Plot|p2a: Calyrex\n|-boost|p2a: Calyrex|spa|2\n|move|p1a: Electabuzz|Knock Off|p2b: Amoonguss\n|-damage|p2b: Amoonguss|72/100\n|move|p1b: Ho-Oh|Tailwind|p1b: Ho-Oh\n|-sidestart|p1: Adkae|move: Tailwind\n|\n|upkeep\n|turn|4\n|\n|t:|1773573999\n|move|p1b: Ho-Oh|Protect|p1b: Ho-Oh\n|-singleturn|p1b: Ho-Oh|Protect\n|move|p2b: Amoonguss|Rage Powder|p2b: Amoonguss\n|-singleturn|p2b: Amoonguss|move: Rage Powder\n|move|p1a: Electabuzz|Electroweb|p2a: Calyrex|[spread] p2a,p2b\n|-damage|p2a: Calyrex|86/100\n|-damage|p2b: Amoonguss|62/100\n|-unboost|p2a: Calyrex|spe|1\n|-unboost|p2b: Amoonguss|spe|1\n|move|p2a: Calyrex|Astral Barrage|p1b: Ho-Oh|[spread] p1a\n|-activate|p1b: Ho-Oh|move: Protect\n|-damage|p1a: Electabuzz|0 fnt\n|faint|p1a: Electabuzz\n|-ability|p2a: Calyrex|Grim Neigh|boost\n|-boost|p2a: Calyrex|spa|1\n|\n|upkeep\n|\n|t:|1773574004\n|switch|p1a: Calyrex|Calyrex-Shadow, L50|100/100\n|-ability|p1a: Calyrex|As One\n|-ability|p1a: Calyrex|Unnerve\n|turn|5\n|\n|t:|1773574025\n|switch|p1b: Urshifu|Urshifu-Rapid-Strike, L50, F|100/100\n|move|p1a: Calyrex|Protect|p1a: Calyrex\n|-singleturn|p1a: Calyrex|Protect\n|move|p2a: Calyrex|Protect|p2a: Calyrex\n|-singleturn|p2a: Calyrex|Protect\n|move|p2b: Amoonguss|Spore|p1a: Calyrex\n|-activate|p1a: Calyrex|move: Protect\n|\n|upkeep\n|turn|6\n|\n|t:|1773574041\n|switch|p2a: Incineroar|Incineroar, L50, M|100/100\n|-ability|p2a: Incineroar|Intimidate|boost\n|-unboost|p1a: Calyrex|atk|1\n|-unboost|p1b: Urshifu|atk|1\n|switch|p2b: Zamazenta|Zamazenta-Crowned, L50|100/100\n|-ability|p2b: Zamazenta|Dauntless Shield|boost\n|-boost|p2b: Zamazenta|def|1\n|move|p1a: Calyrex|Astral Barrage|p2a: Incineroar|[spread] p2a,p2b\n|-resisted|p2a: Incineroar\n|-damage|p2a: Incineroar|77/100\n|-damage|p2b: Zamazenta|62/100\n|move|p1b: Urshifu|Surging Strikes|p2b: Zamazenta\n|-crit|p2b: Zamazenta\n|-damage|p2b: Zamazenta|48/100\n|-crit|p2b: Zamazenta\n|-damage|p2b: Zamazenta|32/100\n|-crit|p2b: Zamazenta\n|-damage|p2b: Zamazenta|18/100\n|-hitcount|p2b: Zamazenta|3\n|\n|-sideend|p1: Adkae|move: Tailwind\n|upkeep\n|turn|7\n|\n|t:|1773574072\n|move|p1a: Calyrex|Protect|p1a: Calyrex\n|-singleturn|p1a: Calyrex|Protect\n|move|p1b: Urshifu|Detect|p1b: Urshifu\n|-singleturn|p1b: Urshifu|Protect\n|move|p2a: Incineroar|Fake Out|p1b: Urshifu\n|-activate|p1b: Urshifu|move: Protect\n|move|p2b: Zamazenta|Body Press|p1b: Urshifu\n|-activate|p1b: Urshifu|move: Protect\n|\n|upkeep\n|turn|8\n|\n|t:|1773574089\n|move|p1a: Calyrex|Draining Kiss|p2b: Zamazenta\n|-damage|p2b: Zamazenta|5/100\n|move|p2b: Zamazenta|Body Press|p1b: Urshifu\n|-damage|p1b: Urshifu|25/100\n|move|p1b: Urshifu|Surging Strikes|p2a: Incineroar\n|-supereffective|p2a: Incineroar\n|-crit|p2a: Incineroar\n|-damage|p2a: Incineroar|37/100\n|-supereffective|p2a: Incineroar\n|-crit|p2a: Incineroar\n|-damage|p2a: Incineroar|0 fnt\n|faint|p2a: Incineroar\n|-hitcount|p2: Incineroar|2\n|\n|upkeep\n|\n|t:|1773574099\n|switch|p2a: Calyrex|Calyrex-Shadow, L50|86/100\n|-ability|p2a: Calyrex|As One\n|-ability|p2a: Calyrex|Unnerve\n|turn|9\n|\n|t:|1773574119\n|move|p1b: Urshifu|Detect|p1b: Urshifu\n|-singleturn|p1b: Urshifu|Protect\n|move|p2b: Zamazenta|Wide Guard|p2b: Zamazenta\n|-singleturn|p2b: Zamazenta|Wide Guard\n|move|p1a: Calyrex|Astral Barrage|p2b: Zamazenta|[spread] \n|-activate|p2a: Calyrex|move: Wide Guard\n|-activate|p2b: Zamazenta|move: Wide Guard\n|move|p2a: Calyrex|Astral Barrage|p1b: Urshifu|[spread] p1a\n|-activate|p1b: Urshifu|move: Protect\n|-supereffective|p1a: Calyrex\n|-enditem|p1a: Calyrex|Focus Sash\n|-damage|p1a: Calyrex|1/100\n|\n|upkeep\n|turn|10\n|\n|t:|1773574138\n|move|p2b: Zamazenta|Wide Guard|p2b: Zamazenta\n|-singleturn|p2b: Zamazenta|Wide Guard\n|move|p1b: Urshifu|Aqua Jet|p2b: Zamazenta\n|-damage|p2b: Zamazenta|0 fnt\n|faint|p2b: Zamazenta\n|move|p1a: Calyrex|Draining Kiss|p2a: Calyrex\n|-damage|p2a: Calyrex|65/100\n|-heal|p1a: Calyrex|18/100|[from] drain|[of] p2a: Calyrex\n|move|p2a: Calyrex|Astral Barrage|p1b: Urshifu|[spread] p1a,p1b\n|-supereffective|p1a: Calyrex\n|-damage|p1a: Calyrex|0 fnt\n|-damage|p1b: Urshifu|0 fnt\n|faint|p1a: Calyrex\n|faint|p1b: Urshifu\n|-ability|p2a: Calyrex|Grim Neigh|boost\n|-boost|p2a: Calyrex|spa|2\n|\n|upkeep\n|\n|t:|1773574143\n|switch|p2b: Amoonguss|Amoonguss, L50, F, tera:Fire|95/100\n|switch|p1b: Ho-Oh|Ho-Oh, L50|100/100\n|turn|11\n|\n|t:|1773574151\n|-terastallize|p1b: Ho-Oh|Ground\n|move|p2a: Calyrex|Protect|p2a: Calyrex\n|-singleturn|p2a: Calyrex|Protect\n|move|p1b: Ho-Oh|Tera Blast|p2b: Amoonguss|[anim] Tera Blast Ground\n|-supereffective|p2b: Amoonguss\n|-damage|p2b: Amoonguss|23/100\n|move|p2b: Amoonguss|Spore|p1b: Ho-Oh\n|-status|p1b: Ho-Oh|slp|[from] move: Spore\n|\n|upkeep\n|turn|12\n|-message|Adkae forfeited.\n|\n|win|KaiMVGC\n|raw|Adkae's rating: 1339 &rarr; <strong>1321</strong><br />(-18 for losing)\n|raw|KaiMVGC's rating: 1367 &rarr; <strong>1385</strong><br />(+18 for winning)\n|l|\u2606Adkae\n|player|p1|\n|l|\u2606KaiMVGC\n|player|p2|\n","uploadtime":1773574351,"views":12,"formatid":"gen9vgc2026regi","rating":1321,"private":0,"password":null}