{"id":"gen9vgc2026regi-2573963582","format":"[Gen 9] VGC 2026 Reg I","players":["Luxerna","Sublamb"],"log":"|j|\u2606Luxerna\n|j|\u2606Sublamb\n|t:|1775183019\n|gametype|doubles\n|player|p1|Luxerna|dawn-gen4pt|1359\n|player|p2|Sublamb|266|1280\n|gen|9\n|tier|[Gen 9] VGC 2026 Reg I\n|rated|\n|rule|Species Clause: Limit one of each Pok\u00e9mon\n|rule|Item Clause: Limit 1 of each item\n|clearpoke\n|poke|p1|Zamazenta-*, L50|\n|poke|p1|Calyrex-Shadow, L50|\n|poke|p1|Chien-Pao, L50|\n|poke|p1|Dragonite, L50, M|\n|poke|p1|Ogerpon-Hearthflame, L50, F|\n|poke|p1|Rillaboom, L50, F|\n|poke|p2|Noctowl, L50, M|\n|poke|p2|Kyogre, L50|\n|poke|p2|Tsareena, L50, F|\n|poke|p2|Raichu, L50, F|\n|poke|p2|Miraidon, L50|\n|poke|p2|Urshifu-*, L50, M|\n|teampreview|4\n|inactive|Battle timer is ON: inactive players will automatically lose when time's up. (requested by Sublamb)\n|inactive|Luxerna has 60 seconds left.\n|\n|t:|1775183078\n|teamsize|p1|4\n|teamsize|p2|4\n|start\n|switch|p1a: Calyrex|Calyrex-Shadow, L50|100/100\n|switch|p1b: Zamazenta|Zamazenta-Crowned, L50|100/100\n|switch|p2a: Noctowl|Noctowl, L50, M|100/100\n|switch|p2b: Kyogre|Kyogre, L50|100/100\n|-ability|p1a: Calyrex|As One\n|-ability|p1a: Calyrex|Unnerve\n|-ability|p1b: Zamazenta|Dauntless Shield|boost\n|-boost|p1b: Zamazenta|def|1\n|-weather|RainDance|[from] ability: Drizzle|[of] p2b: Kyogre\n|turn|1\n|\n|t:|1775183093\n|move|p2b: Kyogre|Protect|p2b: Kyogre\n|-singleturn|p2b: Kyogre|Protect\n|move|p1a: Calyrex|Astral Barrage|p2b: Kyogre|[spread] \n|-activate|p2b: Kyogre|move: Protect\n|-immune|p2a: Noctowl\n|move|p1b: Zamazenta|Body Press|p2a: Noctowl\n|-damage|p2a: Noctowl|32/100\n|move|p2a: Noctowl|Tailwind|p2a: Noctowl\n|-sidestart|p2: Sublamb|move: Tailwind\n|\n|-weather|RainDance|[upkeep]\n|upkeep\n|turn|2\n|inactive|Luxerna has 30 seconds left.\n|inactive|Luxerna has 20 seconds left.\n|inactive|Luxerna has 15 seconds left.\n|\n|t:|1775183135\n|-terastallize|p2b: Kyogre|Water\n|-terastallize|p1b: Zamazenta|Dragon\n|move|p2a: Noctowl|Hypnosis|p1b: Zamazenta|[miss]\n|-miss|p2a: Noctowl|p1b: Zamazenta\n|move|p2b: Kyogre|Hydro Pump|p1a: Calyrex\n|-enditem|p1a: Calyrex|Focus Sash\n|-damage|p1a: Calyrex|1/100\n|move|p1a: Calyrex|Psychic|p2b: Kyogre\n|-damage|p2b: Kyogre|59/100\n|move|p1b: Zamazenta|Body Press|p2a: Noctowl\n|-damage|p2a: Noctowl|0 fnt\n|faint|p2a: Noctowl\n|\n|-weather|RainDance|[upkeep]\n|upkeep\n|\n|t:|1775183154\n|switch|p2a: Tsareena|Tsareena, L50, F|100/100\n|turn|3\n|\n|t:|1775183163\n|move|p1a: Calyrex|Protect|p1a: Calyrex\n|-singleturn|p1a: Calyrex|Protect\n|move|p1b: Zamazenta|Protect|p1b: Zamazenta\n|-singleturn|p1b: Zamazenta|Protect\n|move|p2a: Tsareena|Triple Axel|p1b: Zamazenta\n|-activate|p1b: Zamazenta|move: Protect\n|move|p2b: Kyogre|Origin Pulse|p1a: Calyrex|[spread] \n|-activate|p1a: Calyrex|move: Protect\n|-activate|p1b: Zamazenta|move: Protect\n|\n|-weather|RainDance|[upkeep]\n|upkeep\n|turn|4\n|\n|t:|1775183183\n|move|p1b: Zamazenta|Wide Guard|p1b: Zamazenta\n|-singleturn|p1b: Zamazenta|Wide Guard\n|move|p2a: Tsareena|Triple Axel|p1b: Zamazenta\n|-supereffective|p1b: Zamazenta\n|-damage|p1b: Zamazenta|94/100\n|-supereffective|p1b: Zamazenta\n|-damage|p1b: Zamazenta|81/100\n|-supereffective|p1b: Zamazenta\n|-damage|p1b: Zamazenta|61/100\n|-hitcount|p1b: Zamazenta|3\n|move|p2b: Kyogre|Origin Pulse|p1b: Zamazenta|[spread] \n|-activate|p1a: Calyrex|move: Wide Guard\n|-activate|p1b: Zamazenta|move: Wide Guard\n|move|p1a: Calyrex|Astral Barrage|p2a: Tsareena|[spread] p2a,p2b\n|-damage|p2a: Tsareena|37/100\n|-damage|p2b: Kyogre|19/100\n|\n|-weather|RainDance|[upkeep]\n|-sideend|p2: Sublamb|move: Tailwind\n|upkeep\n|turn|5\n|inactive|Sublamb has 30 seconds left.\n|\n|t:|1775183210\n|switch|p1b: Chien-Pao|Chien-Pao, L50|100/100\n|-ability|p1b: Chien-Pao|Sword of Ruin\n|move|p1a: Calyrex|Astral Barrage|p2a: Tsareena|[spread] p2a,p2b\n|-damage|p2a: Tsareena|0 fnt\n|-damage|p2b: Kyogre|0 fnt\n|faint|p2a: Tsareena\n|faint|p2b: Kyogre\n|-ability|p1a: Calyrex|Grim Neigh|boost\n|-boost|p1a: Calyrex|spa|2\n|\n|-weather|none\n|upkeep\n|\n|t:|1775183223\n|switch|p2a: Urshifu|Urshifu-Rapid-Strike, L50, M|100/100\n|turn|6\n|-message|Sublamb forfeited.\n|\n|win|Luxerna\n|raw|Luxerna's rating: 1359 &rarr; <strong>1375</strong><br />(+16 for winning)\n|raw|Sublamb's rating: 1280 &rarr; <strong>1261</strong><br />(-19 for losing)\n|l|\u2606Sublamb\n|player|p2|\n|l|\u2606Luxerna\n|player|p1|\n","uploadtime":1775183376,"views":12,"formatid":"gen9vgc2026regi","rating":1261,"private":0,"password":null}