{"id":"gen9vgc2026regi-2549427557","format":"[Gen 9] VGC 2026 Reg I","players":["kojimuranishi","GRIFFY98"],"log":"|j|\u2606kojimuranishi\n|j|\u2606GRIFFY98\n|t:|1772365429\n|gametype|doubles\n|player|p1|kojimuranishi|102|1363\n|player|p2|GRIFFY98|workerice|1448\n|gen|9\n|tier|[Gen 9] VGC 2026 Reg I\n|rated|\n|rule|Species Clause: Limit one of each Pok\u00e9mon\n|rule|Item Clause: Limit 1 of each item\n|clearpoke\n|poke|p1|Raging Bolt, L50|\n|poke|p1|Calyrex-Ice, L50|\n|poke|p1|Kyogre, L50|\n|poke|p1|Indeedee-F, L50, F|\n|poke|p1|Ursaluna, L50, M|\n|poke|p1|Torkoal, L50, M|\n|poke|p2|Kyogre, L50|\n|poke|p2|Smeargle, L50, M|\n|poke|p2|Landorus, L50, M|\n|poke|p2|Calyrex-Ice, L50|\n|poke|p2|Muk-Alola, L50, F|\n|poke|p2|Riolu, L50, F|\n|teampreview|4\n|inactive|Battle timer is ON: inactive players will automatically lose when time's up. (requested by kojimuranishi)\n|\n|t:|1772365462\n|teamsize|p1|4\n|teamsize|p2|4\n|start\n|switch|p1a: Calyrex|Calyrex-Ice, L50|100/100\n|switch|p1b: Kyogre|Kyogre, L50|100/100\n|switch|p2a: Smeargle|Smeargle, L50, M|100/100\n|switch|p2b: Calyrex|Calyrex-Ice, L50|100/100\n|-ability|p2b: Calyrex|As One\n|-ability|p2b: Calyrex|Unnerve\n|-ability|p1a: Calyrex|As One\n|-ability|p1a: Calyrex|Unnerve\n|-weather|RainDance|[from] ability: Drizzle|[of] p1b: Kyogre\n|turn|1\n|inactive|GRIFFY98 has 30 seconds left.\n|inactive|GRIFFY98 has 20 seconds left.\n|inactive|GRIFFY98 has 15 seconds left.\n|inactive|GRIFFY98 has 10 seconds left.\n|\n|t:|1772365507\n|move|p2b: Calyrex|Protect|p2b: Calyrex\n|-singleturn|p2b: Calyrex|Protect\n|move|p1b: Kyogre|Water Spout|p2a: Smeargle|[spread] p2a\n|-activate|p2b: Calyrex|move: Protect\n|-enditem|p2a: Smeargle|Focus Sash\n|-damage|p2a: Smeargle|1/100\n|move|p2a: Smeargle|Spore|p1b: Kyogre\n|-status|p1b: Kyogre|slp|[from] move: Spore\n|move|p1a: Calyrex|Trick Room|p1a: Calyrex\n|-fieldstart|move: Trick Room|[of] p1a: Calyrex\n|\n|-weather|RainDance|[upkeep]\n|-ability|p2a: Smeargle|Moody|boost\n|-boost|p2a: Smeargle|spe|2\n|-unboost|p2a: Smeargle|spd|1\n|upkeep\n|turn|2\n|\n|t:|1772365526\n|move|p2a: Smeargle|Wide Guard|p2a: Smeargle\n|-singleturn|p2a: Smeargle|Wide Guard\n|move|p1a: Calyrex|Glacial Lance|p2a: Smeargle|[spread] \n|-activate|p2a: Smeargle|move: Wide Guard\n|-activate|p2b: Calyrex|move: Wide Guard\n|cant|p1b: Kyogre|slp\n|move|p2b: Calyrex|Trick Room|p2b: Calyrex\n|-fieldend|move: Trick Room\n|\n|-weather|RainDance|[upkeep]\n|-ability|p2a: Smeargle|Moody|boost\n|-boost|p2a: Smeargle|atk|2\n|-unboost|p2a: Smeargle|def|1\n|upkeep\n|turn|3\n|\n|t:|1772365540\n|move|p2a: Smeargle|Spore|p1a: Calyrex\n|-status|p1a: Calyrex|slp|[from] move: Spore\n|cant|p1b: Kyogre|slp\n|move|p2b: Calyrex|Glacial Lance|p1a: Calyrex|[spread] p1a,p1b\n|-resisted|p1a: Calyrex\n|-resisted|p1b: Kyogre\n|-damage|p1a: Calyrex|82/100 slp\n|-damage|p1b: Kyogre|65/100 slp\n|cant|p1a: Calyrex|slp\n|\n|-weather|RainDance|[upkeep]\n|-heal|p1a: Calyrex|88/100 slp|[from] item: Leftovers\n|-ability|p2a: Smeargle|Moody|boost\n|-boost|p2a: Smeargle|def|2\n|-unboost|p2a: Smeargle|spd|1\n|upkeep\n|turn|4\n|\n|t:|1772365557\n|move|p2a: Smeargle|Wide Guard|p2a: Smeargle\n|-singleturn|p2a: Smeargle|Wide Guard\n|cant|p1b: Kyogre|slp\n|move|p2b: Calyrex|High Horsepower|p1b: Kyogre\n|-damage|p1b: Kyogre|18/100 slp\n|cant|p1a: Calyrex|slp\n|\n|-weather|RainDance|[upkeep]\n|-heal|p1a: Calyrex|94/100 slp|[from] item: Leftovers\n|-ability|p2a: Smeargle|Moody|boost\n|-boost|p2a: Smeargle|spe|2\n|-unboost|p2a: Smeargle|spd|1\n|upkeep\n|turn|5\n|\n|t:|1772365581\n|move|p2a: Smeargle|Wide Guard|p2a: Smeargle\n|-singleturn|p2a: Smeargle|Wide Guard\n|-curestatus|p1b: Kyogre|slp|[msg]\n|move|p1b: Kyogre|Water Spout|p2b: Calyrex|[spread] \n|-activate|p2a: Smeargle|move: Wide Guard\n|-activate|p2b: Calyrex|move: Wide Guard\n|move|p2b: Calyrex|Glacial Lance|p1a: Calyrex|[spread] p1a,p1b\n|-resisted|p1a: Calyrex\n|-resisted|p1b: Kyogre\n|-damage|p1a: Calyrex|77/100 slp\n|-damage|p1b: Kyogre|0 fnt\n|faint|p1b: Kyogre\n|-ability|p2b: Calyrex|Chilling Neigh|boost\n|-boost|p2b: Calyrex|atk|1\n|cant|p1a: Calyrex|slp\n|\n|-weather|none\n|-heal|p1a: Calyrex|83/100 slp|[from] item: Leftovers\n|-ability|p2a: Smeargle|Moody|boost\n|-boost|p2a: Smeargle|spe|2\n|-unboost|p2a: Smeargle|spd|1\n|upkeep\n|\n|t:|1772365603\n|switch|p1b: Raging Bolt|Raging Bolt, L50|100/100\n|turn|6\n|\n|t:|1772365611\n|move|p1b: Raging Bolt|Protect|p1b: Raging Bolt\n|-singleturn|p1b: Raging Bolt|Protect\n|move|p2a: Smeargle|Spore|p1b: Raging Bolt\n|-activate|p1b: Raging Bolt|move: Protect\n|move|p2b: Calyrex|Glacial Lance|p1a: Calyrex|[spread] p1a\n|-activate|p1b: Raging Bolt|move: Protect\n|-resisted|p1a: Calyrex\n|-damage|p1a: Calyrex|57/100 slp\n|-curestatus|p1a: Calyrex|slp|[msg]\n|move|p1a: Calyrex|Leech Seed|p2a: Smeargle\n|-start|p2a: Smeargle|move: Leech Seed\n|\n|-heal|p1a: Calyrex|62/100|[from] item: Leftovers\n|-damage|p2a: Smeargle|0 fnt|[from] Leech Seed|[of] p1a: Calyrex\n|-heal|p1a: Calyrex|63/100|[silent]\n|faint|p2a: Smeargle\n|upkeep\n|\n|t:|1772365615\n|switch|p2a: Landorus|Landorus, L50, M|100/100\n|turn|7\n|inactive|kojimuranishi has 30 seconds left.\n|\n|t:|1772365641\n|move|p1b: Raging Bolt|Thunderclap|p2b: Calyrex\n|-damage|p2b: Calyrex|64/100\n|-damage|p1b: Raging Bolt|91/100|[from] item: Life Orb\n|move|p2a: Landorus|Earth Power|p1a: Calyrex\n|-damage|p1a: Calyrex|23/100\n|move|p2b: Calyrex|Glacial Lance|p1a: Calyrex|[spread] p1a,p1b\n|-resisted|p1a: Calyrex\n|-supereffective|p1b: Raging Bolt\n|-damage|p1a: Calyrex|0 fnt\n|-damage|p1b: Raging Bolt|0 fnt\n|faint|p1a: Calyrex\n|faint|p1b: Raging Bolt\n|-end|p1b: Raging Bolt|Protosynthesis|[silent]\n|-ability|p2b: Calyrex|Chilling Neigh|boost\n|-boost|p2b: Calyrex|atk|2\n|\n|upkeep\n|-message|kojimuranishi forfeited.\n|\n|win|GRIFFY98\n|raw|kojimuranishi's rating: 1363 &rarr; <strong>1348</strong><br />(-15 for losing)\n|raw|GRIFFY98's rating: 1448 &rarr; <strong>1463</strong><br />(+15 for winning)\n|l|\u2606kojimuranishi\n|player|p1|\n|l|\u2606GRIFFY98\n|player|p2|\n","uploadtime":1772365888,"views":15,"formatid":"gen9vgc2026regi","rating":1348,"private":0,"password":null}