{"id":"gen9vgc2026regi-2536011500","format":"[Gen 9] VGC 2026 Reg I","players":["BOMAtheFireEnjoyer","Tritonfrostbane"],"log":"|j|\u2606BOMAtheFireEnjoyer\n|j|\u2606Tritonfrostbane\n|t:|1770645333\n|gametype|doubles\n|player|p1|BOMAtheFireEnjoyer|1|1398\n|player|p2|Tritonfrostbane|266|1397\n|gen|9\n|tier|[Gen 9] VGC 2026 Reg I\n|rated|\n|rule|Species Clause: Limit one of each Pok\u00e9mon\n|rule|Item Clause: Limit 1 of each item\n|clearpoke\n|poke|p1|Reshiram, L50|\n|poke|p1|Groudon, L50|\n|poke|p1|Walking Wake, L50|\n|poke|p1|Iron Hands, L50|\n|poke|p1|Farigiraf, L50, M|\n|poke|p1|Whimsicott, L50, M|\n|poke|p2|Calyrex-Ice, L50|\n|poke|p2|Indeedee-F, L50, F|\n|poke|p2|Lunala, L50|\n|poke|p2|Torkoal, L50, M|\n|poke|p2|Smeargle, L50, M|\n|poke|p2|Urshifu-*, L50, M|\n|teampreview|4\n|inactive|Battle timer is ON: inactive players will automatically lose when time's up. (requested by Tritonfrostbane)\n|\n|t:|1770645359\n|teamsize|p1|4\n|teamsize|p2|4\n|start\n|switch|p1a: Reshiram|Reshiram, L50|100/100\n|switch|p1b: Groudon|Groudon, L50|100/100\n|switch|p2a: Smeargle|Smeargle, L50, M|100/100\n|switch|p2b: Calyrex|Calyrex-Ice, L50|100/100\n|-ability|p2b: Calyrex|As One\n|-ability|p2b: Calyrex|Unnerve\n|-ability|p1a: Reshiram|Turboblaze\n|-weather|SunnyDay|[from] ability: Drought|[of] p1b: Groudon\n|turn|1\n|\n|t:|1770645378\n|switch|p1a: Whimsicott|Whimsicott, L50, M|100/100\n|-terastallize|p2b: Calyrex|Fire\n|move|p2a: Smeargle|Fake Out|p1b: Groudon\n|-damage|p1b: Groudon|95/100\n|cant|p1b: Groudon|flinch\n|move|p2b: Calyrex|Trick Room|p2b: Calyrex\n|-fieldstart|move: Trick Room|[of] p2b: Calyrex\n|\n|-weather|SunnyDay|[upkeep]\n|upkeep\n|turn|2\n|\n|t:|1770645392\n|-terastallize|p1b: Groudon|Fire\n|move|p2a: Smeargle|Follow Me|p2a: Smeargle\n|-singleturn|p2a: Smeargle|move: Follow Me\n|move|p1a: Whimsicott|Taunt|p2a: Smeargle\n|-start|p2a: Smeargle|move: Taunt\n|move|p2b: Calyrex|Glacial Lance|p1b: Groudon|[spread] p1a,p1b\n|-supereffective|p1a: Whimsicott\n|-crit|p1a: Whimsicott\n|-resisted|p1b: Groudon\n|-enditem|p1a: Whimsicott|Focus Sash\n|-damage|p1a: Whimsicott|1/100\n|-damage|p1b: Groudon|74/100\n|move|p1b: Groudon|Precipice Blades|p2a: Smeargle|[spread] p2b\n|-miss|p1b: Groudon|p2a: Smeargle\n|-supereffective|p2b: Calyrex\n|-damage|p2b: Calyrex|31/100\n|\n|-weather|SunnyDay|[upkeep]\n|upkeep\n|turn|3\n|j| lunala fairy ghost\n|inactive|Tritonfrostbane has 30 seconds left.\n|\n|t:|1770645420\n|switch|p1a: Iron Hands|Iron Hands, L50|100/100\n|move|p2b: Calyrex|Protect|p2b: Calyrex\n|-singleturn|p2b: Calyrex|Protect\n|move|p2a: Smeargle|Fake Out||[still]\n|-hint|Fake Out only works on your first turn out.\n|-fail|p2a: Smeargle\n|move|p1b: Groudon|Precipice Blades|p2b: Calyrex|[spread] p2a\n|-activate|p2b: Calyrex|move: Protect\n|-crit|p2a: Smeargle\n|-enditem|p2a: Smeargle|Focus Sash\n|-damage|p2a: Smeargle|1/100\n|\n|-weather|SunnyDay|[upkeep]\n|upkeep\n|turn|4\n|\n|t:|1770645441\n|move|p2b: Calyrex|Protect||[still]\n|-fail|p2b: Calyrex\n|move|p2a: Smeargle|Fake Out||[still]\n|-hint|Fake Out only works on your first turn out.\n|-fail|p2a: Smeargle\n|move|p1a: Iron Hands|Low Kick|p2b: Calyrex\n|-damage|p2b: Calyrex|0 fnt\n|faint|p2b: Calyrex\n|move|p1b: Groudon|Precipice Blades|p2a: Smeargle\n|-damage|p2a: Smeargle|0 fnt\n|faint|p2a: Smeargle\n|\n|-weather|SunnyDay|[upkeep]\n|upkeep\n|\n|t:|1770645455\n|switch|p2b: Urshifu|Urshifu, L50, M|100/100\n|switch|p2a: Torkoal|Torkoal, L50, M|100/100\n|turn|5\n|\n|t:|1770645465\n|-end|p1a: Iron Hands|Quark Drive|[silent]\n|switch|p1a: Reshiram|Reshiram, L50|100/100\n|-ability|p1a: Reshiram|Turboblaze\n|move|p1b: Groudon|Protect|p1b: Groudon\n|-singleturn|p1b: Groudon|Protect\n|move|p2a: Torkoal|Heat Wave|p1b: Groudon|[spread] p1a\n|-activate|p1b: Groudon|move: Protect\n|-resisted|p1a: Reshiram\n|-damage|p1a: Reshiram|86/100\n|move|p2b: Urshifu|Wicked Blow|p1b: Groudon\n|-crit|p1b: Groudon\n|-damage|p1b: Groudon|22/100\n|\n|-weather|none\n|-fieldend|move: Trick Room\n|upkeep\n|turn|6\n|\n|t:|1770645482\n|move|p1a: Reshiram|Blue Flare|p2b: Urshifu\n|-damage|p2b: Urshifu|0 fnt\n|faint|p2b: Urshifu\n|move|p1b: Groudon|Precipice Blades|p2a: Torkoal\n|-supereffective|p2a: Torkoal\n|-damage|p2a: Torkoal|0 fnt\n|faint|p2a: Torkoal\n|\n|win|BOMAtheFireEnjoyer\n|raw|BOMAtheFireEnjoyer's rating: 1398 &rarr; <strong>1418</strong><br />(+20 for winning)\n|raw|Tritonfrostbane's rating: 1397 &rarr; <strong>1377</strong><br />(-20 for losing)\n|l|\u2606Tritonfrostbane\n|player|p2|\n|l|\u2606BOMAtheFireEnjoyer\n|player|p1|\n|j|\u2606Tritonfrostbane\n|player|p2|Tritonfrostbane|266|\n|l|\u2606Tritonfrostbane\n|player|p2|\n|l| lunala fairy ghost\n","uploadtime":1770645710,"views":18,"formatid":"gen9vgc2026regi","rating":1377,"private":0,"password":null}