{"id":"gen9vgc2026regi-2561188987","format":"[Gen 9] VGC 2026 Reg I","players":["fernsthedruids","Jlamb"],"log":"|j|\u2606fernsthedruids\n|j|\u2606Jlamb\n|t:|1773772014\n|gametype|doubles\n|player|p1|fernsthedruids|101|1271\n|player|p2|Jlamb|265|1246\n|gen|9\n|tier|[Gen 9] VGC 2026 Reg I\n|rated|\n|rule|Species Clause: Limit one of each Pok\u00e9mon\n|rule|Item Clause: Limit 1 of each item\n|clearpoke\n|poke|p1|Kyogre, L50|\n|poke|p1|Calyrex-Ice, L50|\n|poke|p1|Raging Bolt, L50|\n|poke|p1|Tornadus, L50, M|\n|poke|p1|Incineroar, L50, F|\n|poke|p1|Hitmontop, L50, M|\n|poke|p2|Calyrex-Shadow, L50|\n|poke|p2|Grimmsnarl, L50, M|\n|poke|p2|Incineroar, L50, M|\n|poke|p2|Clodsire, L50, F|\n|poke|p2|Koraidon, L50|\n|poke|p2|Flutter Mane, L50|\n|teampreview|4\n|inactive|Battle timer is ON: inactive players will automatically lose when time's up. (requested by Jlamb)\n|inactive|fernsthedruids has 60 seconds left.\n|\n|t:|1773772053\n|teamsize|p1|4\n|teamsize|p2|4\n|start\n|switch|p1a: Calyrex|Calyrex-Ice, L50|100/100\n|switch|p1b: Incineroar|Incineroar, L50, F|100/100\n|switch|p2a: Calyrex|Calyrex-Shadow, L50|100/100\n|switch|p2b: Grimmsnarl|Grimmsnarl, L50, M|100/100\n|-ability|p2a: Calyrex|As One\n|-ability|p2a: Calyrex|Unnerve\n|-ability|p1a: Calyrex|As One\n|-ability|p1a: Calyrex|Unnerve\n|-ability|p1b: Incineroar|Intimidate|boost\n|-unboost|p2a: Calyrex|atk|1\n|-unboost|p2b: Grimmsnarl|atk|1\n|turn|1\n|inactive|fernsthedruids has 30 seconds left.\n|\n|t:|1773772081\n|move|p1a: Calyrex|Protect|p1a: Calyrex\n|-singleturn|p1a: Calyrex|Protect\n|move|p2b: Grimmsnarl|Reflect|p2b: Grimmsnarl\n|-sidestart|p2: Jlamb|Reflect\n|move|p2a: Calyrex|Nasty Plot|p2a: Calyrex\n|-boost|p2a: Calyrex|spa|2\n|move|p1b: Incineroar|Parting Shot|p2a: Calyrex\n|-unboost|p2a: Calyrex|atk|1\n|-unboost|p2a: Calyrex|spa|1\n|\n|t:|1773772086\n|switch|p1b: Hitmontop|Hitmontop, L50, M|100/100|[from] Parting Shot\n|-ability|p1b: Hitmontop|Intimidate|boost\n|-unboost|p2a: Calyrex|atk|1\n|-unboost|p2b: Grimmsnarl|atk|1\n|\n|upkeep\n|turn|2\n|\n|t:|1773772097\n|move|p1b: Hitmontop|Wide Guard|p1b: Hitmontop\n|-singleturn|p1b: Hitmontop|Wide Guard\n|move|p2a: Calyrex|Nasty Plot|p2a: Calyrex\n|-boost|p2a: Calyrex|spa|2\n|move|p2b: Grimmsnarl|Spirit Break|p1b: Hitmontop\n|-supereffective|p1b: Hitmontop\n|-damage|p1b: Hitmontop|69/100\n|-unboost|p1b: Hitmontop|spa|1\n|-enditem|p1b: Hitmontop|Eject Button\n|\n|t:|1773772116\n|switch|p1b: Raging Bolt|Raging Bolt, L50|100/100\n|move|p1a: Calyrex|Trick Room|p1a: Calyrex\n|-fieldstart|move: Trick Room|[of] p1a: Calyrex\n|\n|upkeep\n|turn|3\n|\n|t:|1773772127\n|-terastallize|p2a: Calyrex|Fairy\n|move|p1a: Calyrex|Glacial Lance|p2b: Grimmsnarl|[spread] p2a,p2b\n|-damage|p2a: Calyrex|62/100\n|-damage|p2b: Grimmsnarl|56/100\n|move|p2b: Grimmsnarl|Spirit Break|p1b: Raging Bolt\n|-supereffective|p1b: Raging Bolt\n|-damage|p1b: Raging Bolt|76/100\n|-unboost|p1b: Raging Bolt|spa|1\n|move|p1b: Raging Bolt|Thunderbolt|p2b: Grimmsnarl\n|-damage|p2b: Grimmsnarl|14/100\n|-damage|p1b: Raging Bolt|66/100|[from] item: Life Orb\n|move|p2a: Calyrex|Draining Kiss|p1b: Raging Bolt\n|-supereffective|p1b: Raging Bolt\n|-damage|p1b: Raging Bolt|0 fnt\n|-heal|p2a: Calyrex|100/100|[from] drain|[of] p1b: Raging Bolt\n|faint|p1b: Raging Bolt\n|-end|p1b: Raging Bolt|Protosynthesis|[silent]\n|-ability|p2a: Calyrex|Grim Neigh|boost\n|-boost|p2a: Calyrex|spa|1\n|\n|upkeep\n|\n|t:|1773772140\n|switch|p1b: Hitmontop|Hitmontop, L50, M|69/100\n|-ability|p1b: Hitmontop|Intimidate|boost\n|-unboost|p2a: Calyrex|atk|1\n|-unboost|p2b: Grimmsnarl|atk|1\n|turn|4\n|\n|t:|1773772149\n|move|p1b: Hitmontop|Feint|p2a: Calyrex\n|-damage|p2a: Calyrex|96/100\n|move|p2b: Grimmsnarl|Light Screen|p2b: Grimmsnarl\n|-sidestart|p2: Jlamb|move: Light Screen\n|move|p1a: Calyrex|Glacial Lance|p2b: Grimmsnarl|[spread] p2a,p2b\n|-damage|p2a: Calyrex|63/100\n|-damage|p2b: Grimmsnarl|0 fnt\n|faint|p2b: Grimmsnarl\n|-ability|p1a: Calyrex|Chilling Neigh|boost\n|-boost|p1a: Calyrex|atk|1\n|move|p2a: Calyrex|Draining Kiss|p1b: Hitmontop\n|-supereffective|p1b: Hitmontop\n|-damage|p1b: Hitmontop|0 fnt\n|-heal|p2a: Calyrex|100/100|[from] drain|[of] p1b: Hitmontop\n|faint|p1b: Hitmontop\n|-ability|p2a: Calyrex|Grim Neigh|boost\n|-boost|p2a: Calyrex|spa|1\n|\n|upkeep\n|\n|t:|1773772159\n|switch|p2b: Clodsire|Clodsire, L50, F|100/100\n|switch|p1b: Incineroar|Incineroar, L50, F|100/100\n|-ability|p1b: Incineroar|Intimidate|boost\n|-unboost|p2a: Calyrex|atk|1\n|-unboost|p2b: Clodsire|atk|1\n|turn|5\n|\n|t:|1773772170\n|move|p2a: Calyrex|Protect|p2a: Calyrex\n|-singleturn|p2a: Calyrex|Protect\n|move|p1b: Incineroar|Fake Out|p2a: Calyrex\n|-activate|p2a: Calyrex|move: Protect\n|move|p2b: Clodsire|Yawn|p1a: Calyrex\n|-start|p1a: Calyrex|move: Yawn|[of] p2b: Clodsire\n|move|p1a: Calyrex|Glacial Lance|p2a: Calyrex|[spread] p2b\n|-activate|p2a: Calyrex|move: Protect\n|-supereffective|p2b: Clodsire\n|-damage|p2b: Clodsire|0 fnt\n|faint|p2b: Clodsire\n|-ability|p1a: Calyrex|Chilling Neigh|boost\n|-boost|p1a: Calyrex|atk|1\n|\n|upkeep\n|\n|t:|1773772179\n|switch|p2b: Koraidon|Koraidon, L50|100/100\n|-weather|SunnyDay|[from] ability: Orichalcum Pulse|[of] p2b: Koraidon\n|-activate|p2b: Koraidon|Orichalcum Pulse|[source]\n|turn|6\n|\n|t:|1773772193\n|move|p2b: Koraidon|Protect|p2b: Koraidon\n|-singleturn|p2b: Koraidon|Protect\n|move|p1a: Calyrex|Glacial Lance|p2a: Calyrex|[spread] p2a\n|-activate|p2b: Koraidon|move: Protect\n|-damage|p2a: Calyrex|24/100\n|move|p1b: Incineroar|Knock Off|p2a: Calyrex\n|-resisted|p2a: Calyrex\n|-damage|p2a: Calyrex|12/100\n|-enditem|p2a: Calyrex|Leftovers|[from] move: Knock Off|[of] p1b: Incineroar\n|move|p2a: Calyrex|Astral Barrage|p1a: Calyrex|[spread] p1a,p1b\n|-supereffective|p1a: Calyrex\n|-resisted|p1b: Incineroar\n|-damage|p1a: Calyrex|0 fnt\n|-damage|p1b: Incineroar|26/100\n|faint|p1a: Calyrex\n|-ability|p2a: Calyrex|Grim Neigh|boost\n|-boost|p2a: Calyrex|spa|1\n|\n|-weather|SunnyDay|[upkeep]\n|-fieldend|move: Trick Room\n|upkeep\n|turn|7\n|-message|fernsthedruids forfeited.\n|\n|win|Jlamb\n|raw|fernsthedruids's rating: 1271 &rarr; <strong>1244</strong><br />(-27 for losing)\n|raw|Jlamb's rating: 1246 &rarr; <strong>1273</strong><br />(+27 for winning)\n|l|\u2606fernsthedruids\n|player|p1|\n|l|\u2606Jlamb\n|player|p2|\n","uploadtime":1773772468,"views":10,"formatid":"gen9vgc2026regi","rating":1244,"private":0,"password":null}