{"id":"gen9vgc2026regi-2560712964","format":"[Gen 9] VGC 2026 Reg I","players":["hovertical","testhan92"],"log":"|j|\u2606hovertical\n|j|\u2606testhan92\n|t:|1773715555\n|gametype|doubles\n|player|p1|hovertical|266|1267\n|player|p2|testhan92|265|1267\n|gen|9\n|tier|[Gen 9] VGC 2026 Reg I\n|rated|\n|rule|Species Clause: Limit one of each Pok\u00e9mon\n|rule|Item Clause: Limit 1 of each item\n|clearpoke\n|poke|p1|Landorus-Therian, L50, M|\n|poke|p1|Miraidon, L50|\n|poke|p1|Iron Hands, L50|\n|poke|p1|Ho-Oh, L50|\n|poke|p1|Farigiraf, L50, F|\n|poke|p1|Grimmsnarl, L50, M|\n|poke|p2|Calyrex-Shadow, L50|\n|poke|p2|Koraidon, L50|\n|poke|p2|Ogerpon-Hearthflame, L50, F|\n|poke|p2|Raging Bolt, L50|\n|poke|p2|Rillaboom, L50, M|\n|poke|p2|Incineroar, L50, M|\n|teampreview|4\n|inactive|Battle timer is ON: inactive players will automatically lose when time's up. (requested by hovertical)\n|\n|t:|1773715610\n|teamsize|p1|4\n|teamsize|p2|4\n|start\n|switch|p1a: Miraidon|Miraidon, L50|100/100\n|switch|p1b: Iron Hands|Iron Hands, L50|100/100\n|switch|p2a: Calyrex|Calyrex-Shadow, L50|100/100\n|switch|p2b: Incineroar|Incineroar, L50, M|100/100\n|-ability|p2a: Calyrex|As One\n|-ability|p2a: Calyrex|Unnerve\n|-fieldstart|move: Electric Terrain|[from] ability: Hadron Engine|[of] p1a: Miraidon\n|-activate|p1b: Iron Hands|ability: Quark Drive\n|-start|p1b: Iron Hands|quarkdriveatk\n|-ability|p2b: Incineroar|Intimidate|boost\n|-unboost|p1a: Miraidon|atk|1\n|-unboost|p1b: Iron Hands|atk|1\n|turn|1\n|inactive|hovertical has 30 seconds left.\n|\n|t:|1773715639\n|-end|p1b: Iron Hands|Quark Drive|[silent]\n|switch|p1b: Farigiraf|Farigiraf, L50, F|100/100\n|-enditem|p1b: Farigiraf|Electric Seed\n|-boost|p1b: Farigiraf|def|1|[from] item: Electric Seed\n|move|p2b: Incineroar|Fake Out||[still]\n|cant|p1b: Farigiraf|ability: Armor Tail|Fake Out|[of] p2b: Incineroar\n|move|p2a: Calyrex|Nasty Plot|p2a: Calyrex\n|-boost|p2a: Calyrex|spa|2\n|move|p1a: Miraidon|Electro Drift|p2a: Calyrex\n|-enditem|p2a: Calyrex|Focus Sash\n|-damage|p2a: Calyrex|1/100\n|\n|upkeep\n|turn|2\n|\n|t:|1773715659\n|switch|p2b: Rillaboom|Rillaboom, L50, M|100/100\n|-fieldstart|move: Grassy Terrain|[from] ability: Grassy Surge|[of] p2b: Rillaboom\n|-terastallize|p2a: Calyrex|Ghost\n|-terastallize|p1a: Miraidon|Fairy\n|move|p2a: Calyrex|Astral Barrage|p1a: Miraidon|[spread] p1a\n|-immune|p1b: Farigiraf\n|-damage|p1a: Miraidon|8/100\n|move|p1a: Miraidon|Electro Drift|p2b: Rillaboom\n|-resisted|p2b: Rillaboom\n|-damage|p2b: Rillaboom|75/100\n|move|p1b: Farigiraf|Foul Play|p2a: Calyrex\n|-supereffective|p2a: Calyrex\n|-damage|p2a: Calyrex|0 fnt\n|faint|p2a: Calyrex\n|\n|-heal|p1a: Miraidon|14/100|[from] Grassy Terrain\n|-heal|p2b: Rillaboom|81/100|[from] Grassy Terrain\n|upkeep\n|\n|t:|1773715677\n|switch|p2a: Raging Bolt|Raging Bolt, L50|100/100\n|turn|3\n|\n|t:|1773715698\n|switch|p1a: Iron Hands|Iron Hands, L50|100/100\n|move|p2b: Rillaboom|Wood Hammer|p1b: Farigiraf\n|-damage|p1b: Farigiraf|57/100\n|-damage|p2b: Rillaboom|66/100|[from] Recoil\n|move|p2a: Raging Bolt|Thunderbolt|p1b: Farigiraf\n|-damage|p1b: Farigiraf|0 fnt\n|faint|p1b: Farigiraf\n|-damage|p2a: Raging Bolt|91/100|[from] item: Life Orb\n|\n|-heal|p2b: Rillaboom|72/100|[from] Grassy Terrain\n|-heal|p2a: Raging Bolt|97/100|[from] Grassy Terrain\n|upkeep\n|\n|t:|1773715717\n|switch|p1b: Ho-Oh|Ho-Oh, L50|100/100\n|turn|4\n|\n|t:|1773715724\n|switch|p2b: Incineroar|Incineroar, L50, M|100/100\n|-ability|p2b: Incineroar|Intimidate|boost\n|-unboost|p1a: Iron Hands|atk|1\n|-unboost|p1b: Ho-Oh|atk|1\n|move|p1a: Iron Hands|Fake Out|p2a: Raging Bolt\n|-damage|p2a: Raging Bolt|87/100\n|move|p1b: Ho-Oh|Sacred Fire|p2b: Incineroar\n|-resisted|p2b: Incineroar\n|-damage|p2b: Incineroar|89/100\n|cant|p2a: Raging Bolt|flinch\n|\n|-heal|p2a: Raging Bolt|93/100|[from] Grassy Terrain\n|-heal|p2b: Incineroar|95/100|[from] Grassy Terrain\n|upkeep\n|turn|5\n|\n|t:|1773715743\n|move|p1b: Ho-Oh|Protect|p1b: Ho-Oh\n|-singleturn|p1b: Ho-Oh|Protect\n|move|p2a: Raging Bolt|Thunderbolt|p1b: Ho-Oh\n|-activate|p1b: Ho-Oh|move: Protect\n|move|p1a: Iron Hands|Drain Punch|p2b: Incineroar\n|-supereffective|p2b: Incineroar\n|-damage|p2b: Incineroar|59/100\n|-damage|p1a: Iron Hands|84/100|[from] item: Rocky Helmet|[of] p2b: Incineroar\n|move|p2b: Incineroar|Will-O-Wisp|p1a: Iron Hands|[miss]\n|-miss|p2b: Incineroar|p1a: Iron Hands\n|\n|-heal|p2a: Raging Bolt|99/100|[from] Grassy Terrain\n|-heal|p1a: Iron Hands|90/100|[from] Grassy Terrain\n|-heal|p2b: Incineroar|65/100|[from] Grassy Terrain\n|upkeep\n|turn|6\n|\n|t:|1773715765\n|-end|p1a: Iron Hands|Quark Drive|[silent]\n|switch|p1a: Miraidon|Miraidon, L50, tera:Fairy|14/100\n|-fieldstart|move: Electric Terrain|[from] ability: Hadron Engine|[of] p1a: Miraidon\n|move|p1b: Ho-Oh|Tailwind|p1b: Ho-Oh\n|-sidestart|p1: hovertical|move: Tailwind\n|move|p2a: Raging Bolt|Thunderbolt|p1b: Ho-Oh\n|-supereffective|p1b: Ho-Oh\n|-damage|p1b: Ho-Oh|0 fnt\n|faint|p1b: Ho-Oh\n|-damage|p2a: Raging Bolt|90/100|[from] item: Life Orb\n|move|p2b: Incineroar|Parting Shot|p1a: Miraidon\n|-unboost|p1a: Miraidon|atk|1\n|-unboost|p1a: Miraidon|spa|1\n|-message|hovertical forfeited.\n|\n|win|testhan92\n|raw|hovertical's rating: 1267 &rarr; <strong>1242</strong><br />(-25 for losing)\n|raw|testhan92's rating: 1267 &rarr; <strong>1292</strong><br />(+25 for winning)\n","uploadtime":1773715775,"views":10,"formatid":"gen9vgc2026regi","rating":1242,"private":0,"password":null}