{"id":"gen9vgc2026regi-2515614603","format":"[Gen 9] VGC 2026 Reg I","players":["ky123456","FABird03"],"log":"|j|\u2606ky123456\n|j|\u2606FABird03\n|t:|1768010898\n|gametype|doubles\n|player|p1|ky123456|cynthia-gen4|1253\n|player|p2|FABird03|clerk|1214\n|gen|9\n|tier|[Gen 9] VGC 2026 Reg I\n|rated|\n|rule|Species Clause: Limit one of each Pok\u00e9mon\n|rule|Item Clause: Limit 1 of each item\n|clearpoke\n|poke|p1|Calyrex-Ice, L50|\n|poke|p1|Kyogre, L50|\n|poke|p1|Smeargle, L50, M|\n|poke|p1|Rillaboom, L50, M|\n|poke|p1|Landorus, L50, M|\n|poke|p1|Tornadus, L50, M|\n|poke|p2|Calyrex-Ice, L50|\n|poke|p2|Miraidon, L50|\n|poke|p2|Ogerpon-Wellspring, L50, F|\n|poke|p2|Farigiraf, L50, F|\n|poke|p2|Incineroar, L50, M|\n|poke|p2|Ninetales-Alola, L50, M|\n|teampreview|4\n|\n|t:|1768010955\n|teamsize|p1|4\n|teamsize|p2|4\n|start\n|switch|p1a: Calyrex|Calyrex-Ice, L50|100/100\n|switch|p1b: Smeargle|Smeargle, L50, M|100/100\n|switch|p2a: Calyrex|Calyrex-Ice, L50|100/100\n|switch|p2b: Miraidon|Miraidon, L50|100/100\n|-ability|p2a: Calyrex|As One\n|-ability|p2a: Calyrex|Unnerve\n|-ability|p1a: Calyrex|As One\n|-ability|p1a: Calyrex|Unnerve\n|-fieldstart|move: Electric Terrain|[from] ability: Hadron Engine|[of] p2b: Miraidon\n|turn|1\n|\n|t:|1768010994\n|move|p1b: Smeargle|Fake Out|p2b: Miraidon\n|-damage|p2b: Miraidon|97/100\n|cant|p2b: Miraidon|flinch\n|move|p2a: Calyrex|Leech Seed|p1a: Calyrex\n|-start|p1a: Calyrex|move: Leech Seed\n|move|p1a: Calyrex|Glacial Lance|p2a: Calyrex|[spread] p2a,p2b\n|-resisted|p2a: Calyrex\n|-supereffective|p2b: Miraidon\n|-damage|p2a: Calyrex|85/100\n|-damage|p2b: Miraidon|2/100\n|\n|-heal|p2a: Calyrex|90/100|[from] item: Leftovers\n|-damage|p1a: Calyrex|88/100|[from] Leech Seed|[of] p2a: Calyrex\n|-heal|p2a: Calyrex|100/100|[silent]\n|-ability|p1b: Smeargle|Moody|boost\n|-boost|p1b: Smeargle|spe|2\n|-unboost|p1b: Smeargle|spa|1\n|upkeep\n|turn|2\n|\n|t:|1768011034\n|switch|p2b: Ninetales|Ninetales-Alola, L50, M|100/100\n|-weather|Snowscape|[from] ability: Snow Warning|[of] p2b: Ninetales\n|move|p1b: Smeargle|Decorate|p1a: Calyrex\n|-boost|p1a: Calyrex|atk|2\n|-boost|p1a: Calyrex|spa|2\n|move|p2a: Calyrex|Leech Seed|p1b: Smeargle\n|-start|p1b: Smeargle|move: Leech Seed\n|move|p1a: Calyrex|Leech Seed|p2a: Calyrex\n|-start|p2a: Calyrex|move: Leech Seed\n|\n|-weather|Snowscape|[upkeep]\n|-heal|p1a: Calyrex|94/100|[from] item: Leftovers\n|-damage|p1b: Smeargle|88/100|[from] Leech Seed|[of] p2a: Calyrex\n|-damage|p2a: Calyrex|88/100|[from] Leech Seed|[of] p1a: Calyrex\n|-heal|p1a: Calyrex|100/100|[silent]\n|-damage|p1a: Calyrex|88/100|[from] Leech Seed|[of] p2a: Calyrex\n|-heal|p2a: Calyrex|100/100|[silent]\n|-ability|p1b: Smeargle|Moody|boost\n|-boost|p1b: Smeargle|spd|2\n|-unboost|p1b: Smeargle|atk|1\n|upkeep\n|turn|3\n|\n|t:|1768011062\n|move|p1b: Smeargle|Decorate|p1a: Calyrex\n|-boost|p1a: Calyrex|atk|2\n|-boost|p1a: Calyrex|spa|2\n|move|p2b: Ninetales|Encore|p1a: Calyrex\n|-start|p1a: Calyrex|Encore\n|move|p2a: Calyrex|Glacial Lance|p1a: Calyrex|[spread] p1a,p1b\n|-resisted|p1a: Calyrex\n|-damage|p1a: Calyrex|78/100\n|-damage|p1b: Smeargle|0 fnt\n|faint|p1b: Smeargle\n|-ability|p2a: Calyrex|Chilling Neigh|boost\n|-boost|p2a: Calyrex|atk|1\n|move|p1a: Calyrex|Leech Seed|p2b: Ninetales\n|-start|p2b: Ninetales|move: Leech Seed\n|\n|-weather|Snowscape|[upkeep]\n|-heal|p1a: Calyrex|84/100|[from] item: Leftovers\n|-damage|p2b: Ninetales|88/100|[from] Leech Seed|[of] p1a: Calyrex\n|-heal|p1a: Calyrex|92/100|[silent]\n|-damage|p2a: Calyrex|88/100|[from] Leech Seed|[of] p1a: Calyrex\n|-heal|p1a: Calyrex|100/100|[silent]\n|-damage|p1a: Calyrex|88/100|[from] Leech Seed|[of] p2a: Calyrex\n|-heal|p2a: Calyrex|100/100|[silent]\n|upkeep\n|j| here's where king!\n|\n|t:|1768011081\n|switch|p1b: Rillaboom|Rillaboom, L50, M|100/100\n|-fieldstart|move: Grassy Terrain|[from] ability: Grassy Surge|[of] p1b: Rillaboom\n|turn|4\n|\n|t:|1768011114\n|-terastallize|p1b: Rillaboom|Fire\n|move|p2b: Ninetales|Aurora Veil|p2b: Ninetales\n|-sidestart|p2: FABird03|move: Aurora Veil\n|move|p1b: Rillaboom|Wood Hammer|p2b: Ninetales\n|-damage|p2b: Ninetales|31/100\n|-damage|p1b: Rillaboom|87/100|[from] Recoil\n|move|p2a: Calyrex|Glacial Lance|p1a: Calyrex|[spread] p1a,p1b\n|-resisted|p1a: Calyrex\n|-resisted|p1b: Rillaboom\n|-damage|p1a: Calyrex|72/100\n|-damage|p1b: Rillaboom|47/100\n|move|p1a: Calyrex|Leech Seed||[still]\n|-fail|p1a: Calyrex\n|\n|-weather|Snowscape|[upkeep]\n|-heal|p2b: Ninetales|37/100|[from] Grassy Terrain\n|-heal|p1b: Rillaboom|53/100|[from] Grassy Terrain\n|-heal|p1a: Calyrex|78/100|[from] Grassy Terrain\n|-heal|p1a: Calyrex|84/100|[from] item: Leftovers\n|-damage|p2b: Ninetales|25/100|[from] Leech Seed|[of] p1a: Calyrex\n|-heal|p1a: Calyrex|93/100|[silent]\n|-damage|p2a: Calyrex|88/100|[from] Leech Seed|[of] p1a: Calyrex\n|-heal|p1a: Calyrex|100/100|[silent]\n|-damage|p1a: Calyrex|88/100|[from] Leech Seed|[of] p2a: Calyrex\n|-heal|p2a: Calyrex|100/100|[silent]\n|upkeep\n|turn|5\n|\n|t:|1768011152\n|switch|p2b: Miraidon|Miraidon, L50|2/100\n|-fieldstart|move: Electric Terrain|[from] ability: Hadron Engine|[of] p2b: Miraidon\n|move|p1b: Rillaboom|Grassy Glide|p2b: Miraidon\n|-resisted|p2b: Miraidon\n|-damage|p2b: Miraidon|0 fnt\n|faint|p2b: Miraidon\n|move|p2a: Calyrex|Glacial Lance|p1b: Rillaboom|[spread] p1a,p1b\n|-resisted|p1a: Calyrex\n|-resisted|p1b: Rillaboom\n|-damage|p1a: Calyrex|73/100\n|-damage|p1b: Rillaboom|15/100\n|move|p1a: Calyrex|Leech Seed||[still]\n|-fail|p1a: Calyrex\n|\n|-weather|Snowscape|[upkeep]\n|-heal|p1a: Calyrex|79/100|[from] item: Leftovers\n|-damage|p2a: Calyrex|88/100|[from] Leech Seed|[of] p1a: Calyrex\n|-heal|p1a: Calyrex|91/100|[silent]\n|-damage|p1a: Calyrex|79/100|[from] Leech Seed|[of] p2a: Calyrex\n|-heal|p2a: Calyrex|100/100|[silent]\n|-end|p1a: Calyrex|Encore\n|upkeep\n|\n|t:|1768011173\n|switch|p2b: Ninetales|Ninetales-Alola, L50, M|25/100\n|turn|6\n|\n|t:|1768011188\n|move|p2b: Ninetales|Encore|p1a: Calyrex\n|-start|p1a: Calyrex|Encore\n|move|p1b: Rillaboom|U-turn|p2a: Calyrex\n|-supereffective|p2a: Calyrex\n|-damage|p2a: Calyrex|88/100\n|\n|t:|1768011200\n|switch|p1b: Landorus|Landorus, L50, M|100/100|[from] U-turn\n|move|p2a: Calyrex|Glacial Lance|p1b: Landorus|[spread] p1a,p1b\n|-resisted|p1a: Calyrex\n|-supereffective|p1b: Landorus\n|-damage|p1a: Calyrex|63/100\n|-damage|p1b: Landorus|0 fnt\n|faint|p1b: Landorus\n|-ability|p2a: Calyrex|Chilling Neigh|boost\n|-boost|p2a: Calyrex|atk|1\n|move|p1a: Calyrex|Leech Seed|p2b: Ninetales\n|-start|p2b: Ninetales|move: Leech Seed\n|\n|-weather|none\n|-heal|p2a: Calyrex|94/100|[from] item: Leftovers\n|-heal|p1a: Calyrex|69/100|[from] item: Leftovers\n|-damage|p2b: Ninetales|13/100|[from] Leech Seed|[of] p1a: Calyrex\n|-heal|p1a: Calyrex|78/100|[silent]\n|-damage|p2a: Calyrex|82/100|[from] Leech Seed|[of] p1a: Calyrex\n|-heal|p1a: Calyrex|90/100|[silent]\n|-damage|p1a: Calyrex|78/100|[from] Leech Seed|[of] p2a: Calyrex\n|-heal|p2a: Calyrex|94/100|[silent]\n|upkeep\n|\n|t:|1768011201\n|switch|p1b: Rillaboom|Rillaboom, L50, M, tera:Fire|15/100\n|-fieldstart|move: Grassy Terrain|[from] ability: Grassy Surge|[of] p1b: Rillaboom\n|turn|7\n|\n|t:|1768011226\n|switch|p2b: Ogerpon|Ogerpon-Wellspring, L50, F|100/100\n|move|p1b: Rillaboom|Grassy Glide|p2b: Ogerpon\n|-damage|p2b: Ogerpon|78/100\n|move|p2a: Calyrex|Glacial Lance|p1b: Rillaboom|[spread] p1a,p1b\n|-resisted|p1a: Calyrex\n|-resisted|p1b: Rillaboom\n|-crit|p1b: Rillaboom\n|-damage|p1a: Calyrex|48/100\n|-damage|p1b: Rillaboom|0 fnt\n|faint|p1b: Rillaboom\n|-ability|p2a: Calyrex|Chilling Neigh|boost\n|-boost|p2a: Calyrex|atk|1\n|move|p1a: Calyrex|Leech Seed||[still]\n|-fail|p1a: Calyrex\n|\n|-heal|p2b: Ogerpon|84/100|[from] Grassy Terrain\n|-heal|p2a: Calyrex|99/100|[from] Grassy Terrain\n|-heal|p2a: Calyrex|100/100|[from] item: Leftovers\n|-heal|p1a: Calyrex|54/100|[from] Grassy Terrain\n|-heal|p1a: Calyrex|59/100|[from] item: Leftovers\n|-damage|p2a: Calyrex|88/100|[from] Leech Seed|[of] p1a: Calyrex\n|-heal|p1a: Calyrex|72/100|[silent]\n|-damage|p1a: Calyrex|59/100|[from] Leech Seed|[of] p2a: Calyrex\n|-heal|p2a: Calyrex|100/100|[silent]\n|upkeep\n|turn|8\n|l| here's where king!\n|j| here's where king!\n|l| here's where king!\n|\n|t:|1768011254\n|move|p2b: Ogerpon|Wood Hammer|p1a: Calyrex\n|-damage|p1a: Calyrex|0 fnt\n|faint|p1a: Calyrex\n|-damage|p2b: Ogerpon|63/100|[from] Recoil\n|\n|win|FABird03\n|raw|ky123456's rating: 1253 &rarr; <strong>1225</strong><br />(-28 for losing)\n|raw|FABird03's rating: 1214 &rarr; <strong>1242</strong><br />(+28 for winning)\n|l|\u2606ky123456\n|player|p1|\n|l|\u2606FABird03\n|player|p2|\n","uploadtime":1768011471,"views":11,"formatid":"gen9vgc2026regi","rating":1225,"private":0,"password":null}