{"id":"gen9vgc2026regi-2534228299","format":"[Gen 9] VGC 2026 Reg I","players":["Galact7adi","Indeedee Follow"],"log":"|j|\u2606Galact7adi\n|j|\u2606Indeedee Follow\n|t:|1770399701\n|gametype|doubles\n|player|p1|Galact7adi|266|1336\n|player|p2|Indeedee Follow|jasmine|1387\n|gen|9\n|tier|[Gen 9] VGC 2026 Reg I\n|rated|\n|rule|Species Clause: Limit one of each Pok\u00e9mon\n|rule|Item Clause: Limit 1 of each item\n|clearpoke\n|poke|p1|Brute Bonnet, L50|\n|poke|p1|Lunala, L50|\n|poke|p1|Ursaluna, L50, F|\n|poke|p1|Chi-Yu, L50|\n|poke|p1|Koraidon, L50|\n|poke|p1|Flutter Mane, L50|\n|poke|p2|Calyrex-Shadow, L50|\n|poke|p2|Zamazenta-*, L50|\n|poke|p2|Rillaboom, L50, M|\n|poke|p2|Clefairy, L50, F|\n|poke|p2|Tornadus, L50, M|\n|poke|p2|Smeargle, L50, M|\n|teampreview|4\n|inactive|Battle timer is ON: inactive players will automatically lose when time's up. (requested by Galact7adi)\n|inactive|Indeedee Follow also wants the timer to be on.\n|inactive|Galact7adi has 60 seconds left.\n|j| lunala fairy ghost\n|\n|t:|1770399740\n|teamsize|p1|4\n|teamsize|p2|4\n|start\n|switch|p1a: Lunala|Lunala, L50, shiny|100/100\n|switch|p1b: Brute Bonnet|Brute Bonnet, L50, shiny|100/100\n|switch|p2a: Tornadus|Tornadus, L50, M, shiny|100/100\n|switch|p2b: Zamazenta|Zamazenta-Crowned, L50, shiny|100/100\n|-ability|p2b: Zamazenta|Dauntless Shield|boost\n|-boost|p2b: Zamazenta|def|1\n|turn|1\n|inactive|Galact7adi has 30 seconds left.\n|inactive|Indeedee Follow has 30 seconds left.\n|inactive|Indeedee Follow has 20 seconds left.\n|inactive|Indeedee Follow has 15 seconds left.\n|\n|t:|1770399784\n|-terastallize|p2b: Zamazenta|Grass\n|move|p1b: Brute Bonnet|Rage Powder|p1b: Brute Bonnet\n|-singleturn|p1b: Brute Bonnet|move: Rage Powder\n|move|p2b: Zamazenta|Body Press|p1b: Brute Bonnet\n|-supereffective|p1b: Brute Bonnet\n|-damage|p1b: Brute Bonnet|7/100\n|-enditem|p1b: Brute Bonnet|Sitrus Berry|[eat]\n|-heal|p1b: Brute Bonnet|32/100|[from] item: Sitrus Berry\n|move|p2a: Tornadus|Bleakwind Storm|p1b: Brute Bonnet|[spread] p1a\n|-miss|p2a: Tornadus|p1b: Brute Bonnet\n|-damage|p1a: Lunala|89/100\n|move|p1a: Lunala|Trick Room|p1a: Lunala\n|-fieldstart|move: Trick Room|[of] p1a: Lunala\n|\n|upkeep\n|turn|2\n|inactive|Indeedee Follow has 30 seconds left.\n|inactive|Indeedee Follow has 20 seconds left.\n|l| lunala fairy ghost\n|inactive|Indeedee Follow has 15 seconds left.\n|\n|t:|1770399826\n|move|p1b: Brute Bonnet|Seed Bomb|p2a: Tornadus\n|-resisted|p2a: Tornadus\n|-damage|p2a: Tornadus|82/100\n|move|p1a: Lunala|Meteor Beam||[still]\n|-prepare|p1a: Lunala|Meteor Beam\n|-boost|p1a: Lunala|spa|1\n|-enditem|p1a: Lunala|Power Herb\n|-anim|p1a: Lunala|Meteor Beam|p2a: Tornadus\n|-supereffective|p2a: Tornadus\n|-damage|p2a: Tornadus|0 fnt\n|faint|p2a: Tornadus\n|move|p2b: Zamazenta|Body Press|p1b: Brute Bonnet\n|-supereffective|p1b: Brute Bonnet\n|-damage|p1b: Brute Bonnet|0 fnt\n|faint|p1b: Brute Bonnet\n|-end|p1b: Brute Bonnet|Protosynthesis|[silent]\n|\n|upkeep\n|\n|t:|1770399836\n|switch|p1b: Ursaluna|Ursaluna, L50, F|100/100\n|switch|p2a: Calyrex|Calyrex-Shadow, L50|100/100\n|-ability|p2a: Calyrex|As One\n|-ability|p2a: Calyrex|Unnerve\n|turn|3\n|\n|t:|1770399858\n|-terastallize|p1b: Ursaluna|Ghost\n|move|p1a: Lunala|Wide Guard|p1a: Lunala\n|-singleturn|p1a: Lunala|Wide Guard\n|move|p1b: Ursaluna|Earthquake|p2b: Zamazenta|[spread] p2a,p2b\n|-activate|p1a: Lunala|move: Wide Guard\n|-resisted|p2b: Zamazenta\n|-damage|p2a: Calyrex|51/100\n|-damage|p2b: Zamazenta|92/100\n|move|p2b: Zamazenta|Body Press|p1b: Ursaluna\n|-immune|p1b: Ursaluna\n|move|p2a: Calyrex|Astral Barrage|p1b: Ursaluna|[spread] \n|-activate|p1a: Lunala|move: Wide Guard\n|-activate|p1b: Ursaluna|move: Wide Guard\n|\n|-status|p1b: Ursaluna|brn|[from] item: Flame Orb\n|upkeep\n|turn|4\n|\n|t:|1770399872\n|move|p2a: Calyrex|Protect|p2a: Calyrex\n|-singleturn|p2a: Calyrex|Protect\n|move|p1b: Ursaluna|Facade|p2b: Zamazenta\n|-damage|p2b: Zamazenta|44/100\n|move|p1a: Lunala|Moongeist Beam|p2a: Calyrex\n|-activate|p2a: Calyrex|move: Protect\n|move|p2b: Zamazenta|Heavy Slam|p1a: Lunala\n|-damage|p1a: Lunala|55/100\n|\n|-damage|p1b: Ursaluna|95/100 brn|[from] brn\n|upkeep\n|turn|5\n|\n|t:|1770399887\n|switch|p2a: Clefairy|Clefairy, L50, F|100/100\n|move|p2b: Zamazenta|Protect|p2b: Zamazenta\n|-singleturn|p2b: Zamazenta|Protect\n|move|p1b: Ursaluna|Facade|p2b: Zamazenta\n|-activate|p2b: Zamazenta|move: Protect\n|move|p1a: Lunala|Moongeist Beam|p2a: Clefairy\n|-damage|p2a: Clefairy|19/100\n|\n|-damage|p1b: Ursaluna|89/100 brn|[from] brn\n|-fieldend|move: Trick Room\n|upkeep\n|turn|6\n|\n|t:|1770399905\n|move|p2b: Zamazenta|Heavy Slam|p1a: Lunala\n|-damage|p1a: Lunala|21/100\n|move|p1b: Ursaluna|Facade|p2b: Zamazenta\n|-damage|p2b: Zamazenta|10/100\n|move|p2a: Clefairy|Heal Pulse|p2b: Zamazenta\n|-heal|p2b: Zamazenta|60/100\n|move|p1a: Lunala|Trick Room|p1a: Lunala\n|-fieldstart|move: Trick Room|[of] p1a: Lunala\n|\n|-damage|p1b: Ursaluna|83/100 brn|[from] brn\n|upkeep\n|turn|7\n|inactive|Indeedee Follow has 30 seconds left.\n|\n|t:|1770399935\n|move|p2a: Clefairy|Heal Pulse|p2b: Zamazenta\n|-heal|p2b: Zamazenta|100/100\n|move|p1b: Ursaluna|Facade|p2b: Zamazenta\n|-damage|p2b: Zamazenta|65/100\n|move|p1a: Lunala|Moongeist Beam|p2b: Zamazenta\n|-damage|p2b: Zamazenta|10/100\n|move|p2b: Zamazenta|Heavy Slam|p1a: Lunala\n|-damage|p1a: Lunala|0 fnt\n|faint|p1a: Lunala\n|\n|-damage|p1b: Ursaluna|77/100 brn|[from] brn\n|upkeep\n|\n|t:|1770399941\n|switch|p1a: Koraidon|Koraidon, L50|100/100\n|-weather|SunnyDay|[from] ability: Orichalcum Pulse|[of] p1a: Koraidon\n|-activate|p1a: Koraidon|Orichalcum Pulse|[source]\n|turn|8\n|inactive|Indeedee Follow has 30 seconds left.\n|\n|t:|1770399967\n|move|p1a: Koraidon|Protect|p1a: Koraidon\n|-singleturn|p1a: Koraidon|Protect\n|move|p2a: Clefairy|Heal Pulse|p2b: Zamazenta\n|-heal|p2b: Zamazenta|60/100\n|move|p1b: Ursaluna|Earthquake|p2a: Clefairy|[spread] p2a,p2b\n|-activate|p1a: Koraidon|move: Protect\n|-resisted|p2b: Zamazenta\n|-damage|p2a: Clefairy|0 fnt\n|-damage|p2b: Zamazenta|51/100\n|faint|p2a: Clefairy\n|move|p2b: Zamazenta|Heavy Slam|p1b: Ursaluna\n|-damage|p1b: Ursaluna|59/100 brn\n|\n|-weather|SunnyDay|[upkeep]\n|-damage|p1b: Ursaluna|53/100 brn|[from] brn\n|upkeep\n|\n|t:|1770399980\n|switch|p2a: Calyrex|Calyrex-Shadow, L50|51/100\n|-ability|p2a: Calyrex|As One\n|-ability|p2a: Calyrex|Unnerve\n|turn|9\n|\n|t:|1770399996\n|move|p1b: Ursaluna|Facade|p2b: Zamazenta\n|-damage|p2b: Zamazenta|4/100\n|move|p2b: Zamazenta|Body Press|p1a: Koraidon\n|-crit|p1a: Koraidon\n|-damage|p1a: Koraidon|2/100\n|move|p2a: Calyrex|Astral Barrage|p1b: Ursaluna|[spread] p1a,p1b\n|-supereffective|p1b: Ursaluna\n|-damage|p1a: Koraidon|0 fnt\n|-damage|p1b: Ursaluna|0 fnt\n|faint|p1a: Koraidon\n|faint|p1b: Ursaluna\n|-damage|p2a: Calyrex|42/100|[from] item: Life Orb\n|\n|win|Indeedee Follow\n|raw|Galact7adi's rating: 1336 &rarr; <strong>1319</strong><br />(-17 for losing)\n|raw|Indeedee Follow's rating: 1387 &rarr; <strong>1404</strong><br />(+17 for winning)\n|l|\u2606Galact7adi\n|player|p1|\n|l|\u2606Indeedee Follow\n|player|p2|\n","uploadtime":1770400005,"views":13,"formatid":"gen9vgc2026regi","rating":1319,"private":0,"password":null}