{"id":"gen9vgc2026regi-2560777170","format":"[Gen 9] VGC 2026 Reg I","players":["BanKingambit69247","FarigirafArmorTail"],"log":"|j|\u2606BanKingambit69247\n|j|\u2606FarigirafArmorTail\n|t:|1773724521\n|gametype|doubles\n|player|p1|BanKingambit69247|102|1461\n|player|p2|FarigirafArmorTail|elesa|1536\n|gen|9\n|tier|[Gen 9] VGC 2026 Reg I\n|rated|\n|rule|Species Clause: Limit one of each Pok\u00e9mon\n|rule|Item Clause: Limit 1 of each item\n|clearpoke\n|poke|p1|Calyrex-Shadow, L50|\n|poke|p1|Zamazenta-*, L50|\n|poke|p1|Chien-Pao, L50|\n|poke|p1|Dragonite, L50, M|\n|poke|p1|Ogerpon-Wellspring, L50, F|\n|poke|p1|Smeargle, L50, M|\n|poke|p2|Koraidon, L50|\n|poke|p2|Flutter Mane, L50|\n|poke|p2|Incineroar, L50, M|\n|poke|p2|Amoonguss, L50, F|\n|poke|p2|Lunala, L50|\n|poke|p2|Ursaluna, L50, M|\n|teampreview|4\n|inactive|Battle timer is ON: inactive players will automatically lose when time's up. (requested by BanKingambit69247)\n|\n|t:|1773724541\n|teamsize|p1|4\n|teamsize|p2|4\n|start\n|switch|p1a: \u6211\u5927\u54e5|Smeargle, L50, M|100/100\n|switch|p1b: \u8bf6\u4f60\u600e\u4e48\u6b7b\u4e86?\u267f\u267f\u267f|Calyrex-Shadow, L50|100/100\n|switch|p2a: Olive|Flutter Mane, L50, shiny|100/100\n|switch|p2b: The Chomperr|Koraidon, L50|100/100\n|-ability|p1b: \u8bf6\u4f60\u600e\u4e48\u6b7b\u4e86?\u267f\u267f\u267f|As One\n|-ability|p1b: \u8bf6\u4f60\u600e\u4e48\u6b7b\u4e86?\u267f\u267f\u267f|Unnerve\n|-weather|SunnyDay|[from] ability: Orichalcum Pulse|[of] p2b: The Chomperr\n|-activate|p2a: Olive|ability: Protosynthesis\n|-start|p2a: Olive|protosynthesisspe\n|-activate|p2b: The Chomperr|Orichalcum Pulse|[source]\n|turn|1\n|\n|t:|1773724549\n|-terastallize|p1b: \u8bf6\u4f60\u600e\u4e48\u6b7b\u4e86?\u267f\u267f\u267f|Ghost\n|-terastallize|p2b: The Chomperr|Fire\n|move|p1a: \u6211\u5927\u54e5|Follow Me|p1a: \u6211\u5927\u54e5\n|-singleturn|p1a: \u6211\u5927\u54e5|move: Follow Me\n|move|p2a: Olive|Icy Wind|p1a: \u6211\u5927\u54e5|[spread] p1a,p1b\n|-crit|p1a: \u6211\u5927\u54e5\n|-damage|p1a: \u6211\u5927\u54e5|43/100\n|-damage|p1b: \u8bf6\u4f60\u600e\u4e48\u6b7b\u4e86?\u267f\u267f\u267f|85/100\n|-unboost|p1a: \u6211\u5927\u54e5|spe|1\n|-unboost|p1b: \u8bf6\u4f60\u600e\u4e48\u6b7b\u4e86?\u267f\u267f\u267f|spe|1\n|move|p2b: The Chomperr|Flare Blitz|p1a: \u6211\u5927\u54e5\n|-damage|p1a: \u6211\u5927\u54e5|0 fnt\n|faint|p1a: \u6211\u5927\u54e5\n|-damage|p2b: The Chomperr|90/100|[from] Recoil\n|-damage|p2b: The Chomperr|81/100|[from] item: Life Orb\n|move|p1b: \u8bf6\u4f60\u600e\u4e48\u6b7b\u4e86?\u267f\u267f\u267f|Astral Barrage|p2b: The Chomperr|[spread] p2a,p2b\n|-supereffective|p2a: Olive\n|-enditem|p2a: Olive|Focus Sash\n|-damage|p2a: Olive|1/100\n|-damage|p2b: The Chomperr|0 fnt\n|faint|p2b: The Chomperr\n|-ability|p1b: \u8bf6\u4f60\u600e\u4e48\u6b7b\u4e86?\u267f\u267f\u267f|Grim Neigh|boost\n|-boost|p1b: \u8bf6\u4f60\u600e\u4e48\u6b7b\u4e86?\u267f\u267f\u267f|spa|1\n|\n|-weather|SunnyDay|[upkeep]\n|upkeep\n|\n|t:|1773724559\n|switch|p2b: BIG NEBBY|Lunala, L50|100/100\n|switch|p1a: \u5f3a\u8005\u5c31\u662f\u8981\u7f9e\u8fb1\u5f31\u8005\ud83d\udc36\ud83d\udc36\ud83d\udc36|Zamazenta-Crowned, L50|100/100\n|-ability|p1a: \u5f3a\u8005\u5c31\u662f\u8981\u7f9e\u8fb1\u5f31\u8005\ud83d\udc36\ud83d\udc36\ud83d\udc36|Dauntless Shield|boost\n|-boost|p1a: \u5f3a\u8005\u5c31\u662f\u8981\u7f9e\u8fb1\u5f31\u8005\ud83d\udc36\ud83d\udc36\ud83d\udc36|def|1\n|turn|2\n|\n|t:|1773724568\n|switch|p1b: \u60f3\u51ff\u5384\u8be1\u692a(\u76f4\u7403)|Ogerpon-Wellspring, L50, F|100/100\n|move|p2a: Olive|Protect|p2a: Olive\n|-singleturn|p2a: Olive|Protect\n|move|p1a: \u5f3a\u8005\u5c31\u662f\u8981\u7f9e\u8fb1\u5f31\u8005\ud83d\udc36\ud83d\udc36\ud83d\udc36|Heavy Slam|p2b: BIG NEBBY\n|-damage|p2b: BIG NEBBY|81/100\n|move|p2b: BIG NEBBY|Trick Room|p2b: BIG NEBBY\n|-fieldstart|move: Trick Room|[of] p2b: BIG NEBBY\n|\n|-weather|SunnyDay|[upkeep]\n|upkeep\n|turn|3\n|\n|t:|1773724575\n|-end|p2a: Olive|Protosynthesis|[silent]\n|switch|p2a: Incineroar|Incineroar, L50, M, shiny|100/100\n|-ability|p2a: Incineroar|Intimidate|boost\n|-unboost|p1a: \u5f3a\u8005\u5c31\u662f\u8981\u7f9e\u8fb1\u5f31\u8005\ud83d\udc36\ud83d\udc36\ud83d\udc36|atk|1\n|-unboost|p1b: \u60f3\u51ff\u5384\u8be1\u692a(\u76f4\u7403)|atk|1\n|move|p2b: BIG NEBBY|Moongeist Beam|p1b: \u60f3\u51ff\u5384\u8be1\u692a(\u76f4\u7403)\n|-damage|p1b: \u60f3\u51ff\u5384\u8be1\u692a(\u76f4\u7403)|54/100\n|move|p1b: \u60f3\u51ff\u5384\u8be1\u692a(\u76f4\u7403)|Wood Hammer|p2b: BIG NEBBY\n|-crit|p2b: BIG NEBBY\n|-damage|p2b: BIG NEBBY|10/100\n|-damage|p1b: \u60f3\u51ff\u5384\u8be1\u692a(\u76f4\u7403)|24/100|[from] Recoil\n|move|p1a: \u5f3a\u8005\u5c31\u662f\u8981\u7f9e\u8fb1\u5f31\u8005\ud83d\udc36\ud83d\udc36\ud83d\udc36|Heavy Slam|p2a: Incineroar\n|-resisted|p2a: Incineroar\n|-damage|p2a: Incineroar|84/100\n|\n|-weather|SunnyDay|[upkeep]\n|upkeep\n|turn|4\n|\n|t:|1773724586\n|move|p1b: \u60f3\u51ff\u5384\u8be1\u692a(\u76f4\u7403)|Spiky Shield|p1b: \u60f3\u51ff\u5384\u8be1\u692a(\u76f4\u7403)\n|-singleturn|p1b: \u60f3\u51ff\u5384\u8be1\u692a(\u76f4\u7403)|move: Protect\n|move|p2a: Incineroar|Fake Out|p1a: \u5f3a\u8005\u5c31\u662f\u8981\u7f9e\u8fb1\u5f31\u8005\ud83d\udc36\ud83d\udc36\ud83d\udc36\n|-resisted|p1a: \u5f3a\u8005\u5c31\u662f\u8981\u7f9e\u8fb1\u5f31\u8005\ud83d\udc36\ud83d\udc36\ud83d\udc36\n|-damage|p1a: \u5f3a\u8005\u5c31\u662f\u8981\u7f9e\u8fb1\u5f31\u8005\ud83d\udc36\ud83d\udc36\ud83d\udc36|99/100\n|move|p2b: BIG NEBBY|Moongeist Beam|p1b: \u60f3\u51ff\u5384\u8be1\u692a(\u76f4\u7403)\n|-activate|p1b: \u60f3\u51ff\u5384\u8be1\u692a(\u76f4\u7403)|move: Protect\n|cant|p1a: \u5f3a\u8005\u5c31\u662f\u8981\u7f9e\u8fb1\u5f31\u8005\ud83d\udc36\ud83d\udc36\ud83d\udc36|flinch\n|\n|-weather|SunnyDay|[upkeep]\n|upkeep\n|turn|5\n|\n|t:|1773724592\n|move|p2a: Incineroar|Will-O-Wisp|p1a: \u5f3a\u8005\u5c31\u662f\u8981\u7f9e\u8fb1\u5f31\u8005\ud83d\udc36\ud83d\udc36\ud83d\udc36|[miss]\n|-miss|p2a: Incineroar|p1a: \u5f3a\u8005\u5c31\u662f\u8981\u7f9e\u8fb1\u5f31\u8005\ud83d\udc36\ud83d\udc36\ud83d\udc36\n|move|p2b: BIG NEBBY|Moongeist Beam|p1b: \u60f3\u51ff\u5384\u8be1\u692a(\u76f4\u7403)\n|-damage|p1b: \u60f3\u51ff\u5384\u8be1\u692a(\u76f4\u7403)|0 fnt\n|faint|p1b: \u60f3\u51ff\u5384\u8be1\u692a(\u76f4\u7403)\n|move|p1a: \u5f3a\u8005\u5c31\u662f\u8981\u7f9e\u8fb1\u5f31\u8005\ud83d\udc36\ud83d\udc36\ud83d\udc36|Heavy Slam|p2b: BIG NEBBY\n|-damage|p2b: BIG NEBBY|0 fnt\n|faint|p2b: BIG NEBBY\n|\n|-weather|none\n|upkeep\n|\n|t:|1773724598\n|switch|p2b: Olive|Flutter Mane, L50, shiny|1/100\n|switch|p1b: \u8bf6\u4f60\u600e\u4e48\u6b7b\u4e86?\u267f\u267f\u267f|Calyrex-Shadow, L50, tera:Ghost|85/100\n|-ability|p1b: \u8bf6\u4f60\u600e\u4e48\u6b7b\u4e86?\u267f\u267f\u267f|As One\n|-ability|p1b: \u8bf6\u4f60\u600e\u4e48\u6b7b\u4e86?\u267f\u267f\u267f|Unnerve\n|turn|6\n|\n|t:|1773724605\n|move|p2a: Incineroar|Will-O-Wisp|p1a: \u5f3a\u8005\u5c31\u662f\u8981\u7f9e\u8fb1\u5f31\u8005\ud83d\udc36\ud83d\udc36\ud83d\udc36\n|-status|p1a: \u5f3a\u8005\u5c31\u662f\u8981\u7f9e\u8fb1\u5f31\u8005\ud83d\udc36\ud83d\udc36\ud83d\udc36|brn\n|move|p1a: \u5f3a\u8005\u5c31\u662f\u8981\u7f9e\u8fb1\u5f31\u8005\ud83d\udc36\ud83d\udc36\ud83d\udc36|Heavy Slam|p2b: Olive\n|-supereffective|p2b: Olive\n|-damage|p2b: Olive|0 fnt\n|faint|p2b: Olive\n|-end|p2b: Olive|Protosynthesis|[silent]\n|move|p1b: \u8bf6\u4f60\u600e\u4e48\u6b7b\u4e86?\u267f\u267f\u267f|Astral Barrage|p2a: Incineroar\n|-resisted|p2a: Incineroar\n|-damage|p2a: Incineroar|31/100\n|\n|-damage|p1a: \u5f3a\u8005\u5c31\u662f\u8981\u7f9e\u8fb1\u5f31\u8005\ud83d\udc36\ud83d\udc36\ud83d\udc36|93/100 brn|[from] brn\n|-fieldend|move: Trick Room\n|upkeep\n|turn|7\n|-message|FarigirafArmorTail forfeited.\n|\n|win|BanKingambit69247\n|raw|BanKingambit69247's rating: 1461 &rarr; <strong>1485</strong><br />(+24 for winning)\n|raw|FarigirafArmorTail's rating: 1536 &rarr; <strong>1512</strong><br />(-24 for losing)\n|l|\u2606FarigirafArmorTail\n|player|p2|\n|l|\u2606BanKingambit69247\n|player|p1|\n","uploadtime":1773724611,"views":12,"formatid":"gen9vgc2026regi","rating":1485,"private":0,"password":null}