{"id":"gen9vgc2026regi-2523512033","format":"[Gen 9] VGC 2026 Reg I","players":["zonavideovigilada","Zordor"],"log":"|j|\u2606zonavideovigilada\n|j|\u2606Zordor\n|t:|1769032511\n|gametype|doubles\n|player|p1|zonavideovigilada|102|1453\n|player|p2|Zordor|pilot|1486\n|gen|9\n|tier|[Gen 9] VGC 2026 Reg I\n|rated|\n|rule|Species Clause: Limit one of each Pok\u00e9mon\n|rule|Item Clause: Limit 1 of each item\n|clearpoke\n|poke|p1|Chien-Pao, L50|\n|poke|p1|Calyrex-Shadow, L50|\n|poke|p1|Zamazenta-*, L50|\n|poke|p1|Amoonguss, L50, M|\n|poke|p1|Chi-Yu, L50|\n|poke|p1|Rillaboom, L50, M|\n|poke|p2|Entei, L50|\n|poke|p2|Walking Wake, L50|\n|poke|p2|Zacian-*, L50|\n|poke|p2|Groudon, L50|\n|poke|p2|Rillaboom, L50, M|\n|poke|p2|Raging Bolt, L50|\n|teampreview|4\n|inactive|Battle timer is ON: inactive players will automatically lose when time's up. (requested by Zordor)\n|\n|t:|1769032585\n|teamsize|p1|4\n|teamsize|p2|4\n|start\n|switch|p1a: Zamazenta|Zamazenta-Crowned, L50|100/100\n|switch|p1b: Calyrex|Calyrex-Shadow, L50|100/100\n|switch|p2a: Zacian|Zacian-Crowned, L50|100/100\n|switch|p2b: Walking Wake|Walking Wake, L50|100/100\n|-ability|p1b: Calyrex|As One\n|-ability|p1b: Calyrex|Unnerve\n|-ability|p2a: Zacian|Intrepid Sword|boost\n|-boost|p2a: Zacian|atk|1\n|-ability|p1a: Zamazenta|Dauntless Shield|boost\n|-boost|p1a: Zamazenta|def|1\n|-enditem|p2b: Walking Wake|Booster Energy\n|-activate|p2b: Walking Wake|ability: Protosynthesis|[fromitem]\n|-start|p2b: Walking Wake|protosynthesisspe\n|turn|1\n|inactive|Zordor has 30 seconds left.\n|\n|t:|1769032617\n|-terastallize|p2a: Zacian|Dark\n|move|p1a: Zamazenta|Wide Guard|p1a: Zamazenta\n|-singleturn|p1a: Zamazenta|Wide Guard\n|move|p2b: Walking Wake|Hydro Steam|p1a: Zamazenta\n|-damage|p1a: Zamazenta|74/100\n|move|p1b: Calyrex|Astral Barrage|p2a: Zacian|[spread] p2a,p2b\n|-resisted|p2a: Zacian\n|-damage|p2a: Zacian|78/100\n|-damage|p2b: Walking Wake|41/100\n|move|p2a: Zacian|Behemoth Blade|p1b: Calyrex\n|-damage|p1b: Calyrex|8/100\n|\n|upkeep\n|turn|2\n|\n|t:|1769032640\n|-terastallize|p1a: Zamazenta|Dragon\n|move|p1b: Calyrex|Protect|p1b: Calyrex\n|-singleturn|p1b: Calyrex|Protect\n|move|p2b: Walking Wake|Snarl|p1b: Calyrex|[spread] p1a\n|-activate|p1b: Calyrex|move: Protect\n|-damage|p1a: Zamazenta|65/100\n|-unboost|p1a: Zamazenta|spa|1\n|move|p2a: Zacian|Sacred Sword|p1a: Zamazenta\n|-crit|p1a: Zamazenta\n|-damage|p1a: Zamazenta|25/100\n|move|p1a: Zamazenta|Body Press|p2b: Walking Wake\n|-damage|p2b: Walking Wake|0 fnt\n|faint|p2b: Walking Wake\n|-end|p2b: Walking Wake|Protosynthesis|[silent]\n|\n|upkeep\n|\n|t:|1769032648\n|switch|p2b: Raging Bolt|Raging Bolt, L50|100/100\n|turn|3\n|inactive|zonavideovigilada has 30 seconds left.\n|inactive|zonavideovigilada has 20 seconds left.\n|inactive|zonavideovigilada has 15 seconds left.\n|\n|t:|1769032695\n|switch|p1a: Amoonguss|Amoonguss, L50, M|100/100\n|move|p1b: Calyrex|Encore|p2a: Zacian\n|-start|p2a: Zacian|Encore\n|move|p2a: Zacian|Sacred Sword|p1a: Amoonguss\n|-resisted|p1a: Amoonguss\n|-damage|p1a: Amoonguss|80/100\n|-damage|p2a: Zacian|62/100|[from] item: Rocky Helmet|[of] p1a: Amoonguss\n|move|p2b: Raging Bolt|Electroweb|p1b: Calyrex|[spread] p1a,p1b\n|-resisted|p1a: Amoonguss\n|-damage|p1a: Amoonguss|69/100\n|-damage|p1b: Calyrex|0 fnt\n|-unboost|p1a: Amoonguss|spe|1\n|faint|p1b: Calyrex\n|\n|upkeep\n|\n|t:|1769032710\n|switch|p1b: Chien-Pao|Chien-Pao, L50|100/100\n|-ability|p1b: Chien-Pao|Sword of Ruin\n|turn|4\n|inactive|Zordor has 30 seconds left.\n|inactive|Zordor has 20 seconds left.\n|inactive|Zordor has 15 seconds left.\n|inactive|Zordor has 10 seconds left.\n|inactive|zonavideovigilada has 30 seconds left.\n|inactive|zonavideovigilada has 20 seconds left.\n|\n|t:|1769032771\n|switch|p1b: Zamazenta|Zamazenta-Crowned, L50, tera:Dragon|25/100\n|move|p2a: Zacian|Sacred Sword|p1b: Zamazenta\n|-damage|p1b: Zamazenta|0 fnt\n|faint|p1b: Zamazenta\n|move|p2b: Raging Bolt|Dragon Pulse|p1a: Amoonguss\n|-damage|p1a: Amoonguss|25/100\n|move|p1a: Amoonguss|Spore|p2b: Raging Bolt\n|-activate|p2b: Raging Bolt|item: Safety Goggles|Spore\n|\n|upkeep\n|\n|t:|1769032785\n|switch|p1b: Chien-Pao|Chien-Pao, L50|100/100\n|-ability|p1b: Chien-Pao|Sword of Ruin\n|turn|5\n|inactive|Zordor has 30 seconds left.\n|\n|t:|1769032810\n|-end|p2b: Raging Bolt|Protosynthesis|[silent]\n|switch|p2b: Entei|Entei, L50|100/100\n|move|p1a: Amoonguss|Rage Powder|p1a: Amoonguss\n|-singleturn|p1a: Amoonguss|move: Rage Powder\n|move|p2a: Zacian|Sacred Sword|p1a: Amoonguss\n|-resisted|p1a: Amoonguss\n|-damage|p1a: Amoonguss|1/100\n|-damage|p2a: Zacian|45/100|[from] item: Rocky Helmet|[of] p1a: Amoonguss\n|move|p1b: Chien-Pao|Sacred Sword|p2a: Zacian\n|-supereffective|p2a: Zacian\n|-damage|p2a: Zacian|0 fnt\n|faint|p2a: Zacian\n|\n|upkeep\n|\n|t:|1769032812\n|switch|p2a: Raging Bolt|Raging Bolt, L50|100/100\n|turn|6\n|-message|zonavideovigilada forfeited.\n|\n|win|Zordor\n|raw|zonavideovigilada's rating: 1453 &rarr; <strong>1435</strong><br />(-18 for losing)\n|raw|Zordor's rating: 1486 &rarr; <strong>1504</strong><br />(+18 for winning)\n|l|\u2606zonavideovigilada\n|player|p1|\n|l|\u2606Zordor\n|player|p2|\n","uploadtime":1769033066,"views":24,"formatid":"gen9vgc2026regi","rating":1435,"private":0,"password":null}