{"id":"gen9vgc2026regi-2553268157","format":"[Gen 9] VGC 2026 Reg I","players":["lilyprin","partigiano jonny"],"log":"|j|\u2606lilyprin\n|j|\u2606partigiano jonny\n|t:|1772815588\n|gametype|doubles\n|player|p1|lilyprin|dawn|1348\n|player|p2|partigiano jonny|volkner|1645\n|gen|9\n|tier|[Gen 9] VGC 2026 Reg I\n|rated|\n|rule|Species Clause: Limit one of each Pok\u00e9mon\n|rule|Item Clause: Limit 1 of each item\n|clearpoke\n|poke|p1|Kyogre, L50|\n|poke|p1|Miraidon, L50|\n|poke|p1|Farigiraf, L50, M|\n|poke|p1|Iron Hands, L50|\n|poke|p1|Tornadus, L50, M|\n|poke|p1|Urshifu-*, L50, M|\n|poke|p2|Terapagos, L50, M|\n|poke|p2|Miraidon, L50|\n|poke|p2|Incineroar, L50, F|\n|poke|p2|Iron Treads, L50|\n|poke|p2|Sinistcha, L50|\n|poke|p2|Urshifu-*, L50, M|\n|teampreview|4\n|inactive|Battle timer is ON: inactive players will automatically lose when time's up. (requested by lilyprin)\n|inactive|lilyprin has 60 seconds left.\n|inactive|lilyprin has 30 seconds left.\n|\n|t:|1772815652\n|teamsize|p1|4\n|teamsize|p2|4\n|start\n|switch|p1a: Miraidon|Miraidon, L50|100/100\n|switch|p1b: Urshifu|Urshifu-Rapid-Strike, L50, M|100/100\n|switch|p2a: Terapagos|Terapagos, L50, M|100/100\n|switch|p2b: Miraidon|Miraidon, L50|100/100\n|-activate|p2a: Terapagos|ability: Tera Shift\n|detailschange|p2a: Terapagos|Terapagos-Terastal, L50, M\n|-heal|p2a: Terapagos|100/100|[silent]\n|-fieldstart|move: Electric Terrain|[from] ability: Hadron Engine|[of] p1a: Miraidon\n|-enditem|p2a: Terapagos|Electric Seed\n|-boost|p2a: Terapagos|def|1|[from] item: Electric Seed\n|-activate|p2b: Miraidon|ability: Hadron Engine\n|turn|1\n|\n|t:|1772815672\n|switch|p1b: Iron Hands|Iron Hands, L50|100/100\n|-activate|p1b: Iron Hands|ability: Quark Drive\n|-start|p1b: Iron Hands|quarkdriveatk\n|move|p1a: Miraidon|Snarl|p2b: Miraidon|[spread] p2a,p2b\n|-activate|p2a: Terapagos|ability: Tera Shell\n|-resisted|p2a: Terapagos\n|-damage|p2a: Terapagos|92/100\n|-damage|p2b: Miraidon|88/100\n|-unboost|p2a: Terapagos|spa|1\n|-unboost|p2b: Miraidon|spa|1\n|move|p2b: Miraidon|Volt Switch|p1b: Iron Hands\n|-resisted|p1b: Iron Hands\n|-damage|p1b: Iron Hands|88/100\n|\n|t:|1772815679\n|switch|p2b: Iron Treads|Iron Treads, L50|100/100|[from] Volt Switch\n|-activate|p2b: Iron Treads|ability: Quark Drive\n|-start|p2b: Iron Treads|quarkdrivespe\n|move|p2a: Terapagos|Calm Mind|p2a: Terapagos\n|-boost|p2a: Terapagos|spa|1\n|-boost|p2a: Terapagos|spd|1\n|\n|upkeep\n|turn|2\n|\n|t:|1772815691\n|-end|p2b: Iron Treads|Quark Drive|[silent]\n|switch|p2b: Sinistcha|Sinistcha, L50|100/100\n|-heal|p2a: Terapagos|100/100|[from] ability: Hospitality|[of] p2b: Sinistcha\n|move|p1b: Iron Hands|Fake Out|p2b: Sinistcha\n|-immune|p2b: Sinistcha\n|move|p1a: Miraidon|Snarl|p2a: Terapagos|[spread] p2a,p2b\n|-activate|p2a: Terapagos|ability: Tera Shell\n|-resisted|p2a: Terapagos\n|-supereffective|p2b: Sinistcha\n|-damage|p2a: Terapagos|94/100\n|-damage|p2b: Sinistcha|52/100\n|-unboost|p2a: Terapagos|spa|1\n|-unboost|p2b: Sinistcha|spa|1\n|move|p2a: Terapagos|Calm Mind|p2a: Terapagos\n|-boost|p2a: Terapagos|spa|1\n|-boost|p2a: Terapagos|spd|1\n|\n|upkeep\n|turn|3\n|\n|t:|1772815709\n|switch|p2b: Iron Treads|Iron Treads, L50|100/100\n|-activate|p2b: Iron Treads|ability: Quark Drive\n|-start|p2b: Iron Treads|quarkdrivespe\n|-end|p1b: Iron Hands|Quark Drive|[silent]\n|switch|p1b: Urshifu|Urshifu-Rapid-Strike, L50, M|100/100\n|move|p2a: Terapagos|Protect|p2a: Terapagos\n|-singleturn|p2a: Terapagos|Protect\n|move|p1a: Miraidon|Snarl|p2b: Iron Treads|[spread] p2b\n|-activate|p2a: Terapagos|move: Protect\n|-crit|p2b: Iron Treads\n|-damage|p2b: Iron Treads|53/100\n|-unboost|p2b: Iron Treads|spa|1\n|\n|upkeep\n|turn|4\n|inactive|lilyprin has 30 seconds left.\n|inactive|partigiano jonny has 30 seconds left.\n|inactive|lilyprin has 20 seconds left.\n|inactive|lilyprin has 15 seconds left.\n|\n|t:|1772815753\n|switch|p1a: Kyogre|Kyogre, L50|100/100\n|-weather|RainDance|[from] ability: Drizzle|[of] p1a: Kyogre\n|move|p2b: Iron Treads|High Horsepower|p1a: Kyogre\n|-damage|p1a: Kyogre|42/100\n|-damage|p2b: Iron Treads|43/100|[from] item: Life Orb\n|move|p1b: Urshifu|Surging Strikes|p2a: Terapagos\n|-crit|p2a: Terapagos\n|-damage|p2a: Terapagos|64/100\n|-crit|p2a: Terapagos\n|-damage|p2a: Terapagos|34/100\n|-crit|p2a: Terapagos\n|-damage|p2a: Terapagos|2/100\n|-hitcount|p2a: Terapagos|3\n|move|p2a: Terapagos|Tera Starstorm|p1a: Kyogre\n|-damage|p1a: Kyogre|8/100\n|\n|-weather|RainDance|[upkeep]\n|upkeep\n|turn|5\n|\n|t:|1772815776\n|switch|p2a: Sinistcha|Sinistcha, L50|52/100\n|-heal|p2b: Iron Treads|68/100|[from] ability: Hospitality|[of] p2a: Sinistcha\n|-terastallize|p2b: Iron Treads|Ghost\n|move|p1b: Urshifu|Aqua Jet|p2b: Iron Treads\n|-damage|p2b: Iron Treads|32/100\n|move|p2b: Iron Treads|High Horsepower|p1a: Kyogre\n|-damage|p1a: Kyogre|0 fnt\n|faint|p1a: Kyogre\n|-damage|p2b: Iron Treads|23/100|[from] item: Life Orb\n|\n|-weather|RainDance|[upkeep]\n|-fieldend|move: Electric Terrain\n|-end|p2b: Iron Treads|Quark Drive\n|upkeep\n|\n|t:|1772815789\n|switch|p1a: Iron Hands|Iron Hands, L50|88/100\n|turn|6\n|inactive|lilyprin has 30 seconds left.\n|\n|t:|1772815814\n|-terastallize|p1a: Iron Hands|Water\n|move|p2b: Iron Treads|High Horsepower|p1a: Iron Hands\n|-damage|p1a: Iron Hands|51/100\n|-damage|p2b: Iron Treads|14/100|[from] item: Life Orb\n|move|p1b: Urshifu|Surging Strikes|p2a: Sinistcha\n|-resisted|p2a: Sinistcha\n|-crit|p2a: Sinistcha\n|-damage|p2a: Sinistcha|36/100\n|-resisted|p2a: Sinistcha\n|-crit|p2a: Sinistcha\n|-damage|p2a: Sinistcha|20/100\n|-resisted|p2a: Sinistcha\n|-crit|p2a: Sinistcha\n|-damage|p2a: Sinistcha|4/100\n|-hitcount|p2a: Sinistcha|3\n|move|p2a: Sinistcha|Shadow Ball|p1a: Iron Hands\n|-damage|p1a: Iron Hands|33/100\n|move|p1a: Iron Hands|Wild Charge|p2b: Iron Treads\n|-damage|p2b: Iron Treads|0 fnt\n|faint|p2b: Iron Treads\n|-end|p2b: Iron Treads|Quark Drive|[silent]\n|-damage|p1a: Iron Hands|30/100|[from] Recoil\n|\n|-weather|RainDance|[upkeep]\n|upkeep\n|\n|t:|1772815833\n|switch|p2b: Miraidon|Miraidon, L50|88/100\n|-fieldstart|move: Electric Terrain|[from] ability: Hadron Engine|[of] p2b: Miraidon\n|-activate|p1a: Iron Hands|ability: Quark Drive\n|-start|p1a: Iron Hands|quarkdriveatk\n|turn|7\n|\n|t:|1772815851\n|move|p1b: Urshifu|Detect|p1b: Urshifu\n|-singleturn|p1b: Urshifu|Protect\n|move|p2a: Sinistcha|Rage Powder|p2a: Sinistcha\n|-singleturn|p2a: Sinistcha|move: Rage Powder\n|move|p2b: Miraidon|Draco Meteor|p1a: Iron Hands\n|-damage|p1a: Iron Hands|0 fnt\n|-unboost|p2b: Miraidon|spa|2\n|faint|p1a: Iron Hands\n|-end|p1a: Iron Hands|Quark Drive|[silent]\n|\n|-weather|RainDance|[upkeep]\n|upkeep\n|\n|t:|1772815860\n|switch|p1a: Miraidon|Miraidon, L50|100/100\n|-activate|p1a: Miraidon|ability: Hadron Engine\n|turn|8\n|inactive|partigiano jonny has 30 seconds left.\n|inactive|partigiano jonny has 20 seconds left.\n|\n|t:|1772815899\n|move|p2a: Sinistcha|Rage Powder|p2a: Sinistcha\n|-singleturn|p2a: Sinistcha|move: Rage Powder\n|move|p1b: Urshifu|Aqua Jet|p2a: Sinistcha\n|-resisted|p2a: Sinistcha\n|-damage|p2a: Sinistcha|0 fnt\n|faint|p2a: Sinistcha\n|move|p1a: Miraidon|Draco Meteor|p2b: Miraidon|[miss]\n|-miss|p1a: Miraidon|p2b: Miraidon\n|move|p2b: Miraidon|Electro Drift|p1b: Urshifu\n|-supereffective|p1b: Urshifu\n|-damage|p1b: Urshifu|0 fnt\n|faint|p1b: Urshifu\n|\n|-weather|none\n|upkeep\n|\n|t:|1772815910\n|switch|p2a: Terapagos|Terapagos-Terastal, L50, M|2/100\n|turn|9\n|\n|t:|1772815922\n|move|p1a: Miraidon|Draco Meteor|p2b: Miraidon\n|-supereffective|p2b: Miraidon\n|-damage|p2b: Miraidon|0 fnt\n|-unboost|p1a: Miraidon|spa|2\n|faint|p2b: Miraidon\n|move|p2a: Terapagos|Earth Power|p1a: Miraidon\n|-supereffective|p1a: Miraidon\n|-damage|p1a: Miraidon|57/100\n|\n|upkeep\n|turn|10\n|\n|t:|1772815926\n|move|p1a: Miraidon|Draco Meteor|p2a: Terapagos\n|-damage|p2a: Terapagos|0 fnt\n|-unboost|p1a: Miraidon|spa|2\n|faint|p2a: Terapagos\n|\n|win|lilyprin\n|raw|lilyprin's rating: 1348 &rarr; <strong>1382</strong><br />(+34 for winning)\n|raw|partigiano jonny's rating: 1645 &rarr; <strong>1611</strong><br />(-34 for losing)\n","uploadtime":1772815927,"views":14,"formatid":"gen9vgc2026regi","rating":1382,"private":0,"password":null}