{"id":"gen9vgc2026regi-2561191445","format":"[Gen 9] VGC 2026 Reg I","players":["fernsthedruids","itscamcar"],"log":"|j|\u2606fernsthedruids\n|j|\u2606itscamcar\n|t:|1773772222\n|gametype|doubles\n|player|p1|fernsthedruids|101|1244\n|player|p2|itscamcar|n|1222\n|gen|9\n|tier|[Gen 9] VGC 2026 Reg I\n|rated|\n|rule|Species Clause: Limit one of each Pok\u00e9mon\n|rule|Item Clause: Limit 1 of each item\n|clearpoke\n|poke|p1|Kyogre, L50|\n|poke|p1|Calyrex-Ice, L50|\n|poke|p1|Raging Bolt, L50|\n|poke|p1|Tornadus, L50, M|\n|poke|p1|Incineroar, L50, F|\n|poke|p1|Hitmontop, L50, M|\n|poke|p2|Koraidon, L50|\n|poke|p2|Calyrex-Shadow, L50|\n|poke|p2|Brute Bonnet, L50|\n|poke|p2|Incineroar, L50, M|\n|poke|p2|Landorus-Therian, L50, M|\n|poke|p2|Raging Bolt, L50|\n|teampreview|4\n|\n|t:|1773772265\n|teamsize|p1|4\n|teamsize|p2|4\n|start\n|switch|p1a: Hitmontop|Hitmontop, L50, M|100/100\n|switch|p1b: Kyogre|Kyogre, L50|100/100\n|switch|p2a: Calyrex|Calyrex-Shadow, L50|100/100\n|switch|p2b: Brute Bonnet|Brute Bonnet, L50|100/100\n|-ability|p2a: Calyrex|As One\n|-ability|p2a: Calyrex|Unnerve\n|-weather|RainDance|[from] ability: Drizzle|[of] p1b: Kyogre\n|-ability|p1a: Hitmontop|Intimidate|boost\n|-unboost|p2a: Calyrex|atk|1\n|-unboost|p2b: Brute Bonnet|atk|1\n|turn|1\n|\n|t:|1773772296\n|-terastallize|p2a: Calyrex|Ghost\n|move|p1a: Hitmontop|Fake Out|p2b: Brute Bonnet\n|-damage|p2b: Brute Bonnet|95/100\n|move|p2a: Calyrex|Astral Barrage|p1a: Hitmontop|[spread] p1a,p1b\n|-damage|p1a: Hitmontop|41/100\n|-damage|p1b: Kyogre|52/100\n|-enditem|p1a: Hitmontop|Eject Button\n|\n|t:|1773772305\n|switch|p1a: Tornadus|Tornadus, L50, M|100/100\n|move|p1b: Kyogre|Origin Pulse|p2a: Calyrex|[spread] p2b\n|-miss|p1b: Kyogre|p2a: Calyrex\n|-resisted|p2b: Brute Bonnet\n|-damage|p2b: Brute Bonnet|52/100\n|move|p2b: Brute Bonnet|Seed Bomb|p1b: Kyogre\n|-supereffective|p1b: Kyogre\n|-damage|p1b: Kyogre|7/100\n|\n|-weather|RainDance|[upkeep]\n|upkeep\n|turn|2\n|\n|t:|1773772327\n|move|p1a: Tornadus|Tailwind|p1a: Tornadus\n|-sidestart|p1: fernsthedruids|move: Tailwind\n|move|p2b: Brute Bonnet|Sucker Punch|p1b: Kyogre\n|-damage|p1b: Kyogre|0 fnt\n|faint|p1b: Kyogre\n|move|p2a: Calyrex|Astral Barrage|p1a: Tornadus\n|-crit|p1a: Tornadus\n|-damage|p1a: Tornadus|0 fnt\n|faint|p1a: Tornadus\n|-ability|p2a: Calyrex|Grim Neigh|boost\n|-boost|p2a: Calyrex|spa|1\n|\n|-weather|RainDance|[upkeep]\n|upkeep\n|\n|t:|1773772333\n|switch|p1a: Hitmontop|Hitmontop, L50, M|41/100\n|switch|p1b: Calyrex|Calyrex-Ice, L50|100/100\n|-ability|p1b: Calyrex|As One\n|-ability|p1b: Calyrex|Unnerve\n|-ability|p1a: Hitmontop|Intimidate|boost\n|-unboost|p2a: Calyrex|atk|1\n|-unboost|p2b: Brute Bonnet|atk|1\n|turn|3\n|\n|t:|1773772357\n|move|p1a: Hitmontop|Wide Guard|p1a: Hitmontop\n|-singleturn|p1a: Hitmontop|Wide Guard\n|move|p2b: Brute Bonnet|Sucker Punch|p1b: Calyrex\n|-supereffective|p1b: Calyrex\n|-damage|p1b: Calyrex|82/100\n|move|p2a: Calyrex|Astral Barrage|p1b: Calyrex|[spread] \n|-activate|p1a: Hitmontop|move: Wide Guard\n|-activate|p1b: Calyrex|move: Wide Guard\n|move|p1b: Calyrex|Glacial Lance|p2b: Brute Bonnet|[spread] p2a,p2b\n|-supereffective|p2b: Brute Bonnet\n|-damage|p2a: Calyrex|31/100\n|-damage|p2b: Brute Bonnet|0 fnt\n|faint|p2b: Brute Bonnet\n|-end|p2b: Brute Bonnet|Protosynthesis|[silent]\n|-ability|p1b: Calyrex|Chilling Neigh|boost\n|-boost|p1b: Calyrex|atk|1\n|\n|-weather|RainDance|[upkeep]\n|upkeep\n|\n|t:|1773772376\n|switch|p2b: Koraidon|Koraidon, L50, shiny|100/100\n|-weather|SunnyDay|[from] ability: Orichalcum Pulse|[of] p2b: Koraidon\n|-activate|p2b: Koraidon|Orichalcum Pulse|[source]\n|turn|4\n|\n|t:|1773772390\n|-terastallize|p1b: Calyrex|Dragon\n|move|p2b: Koraidon|Protect|p2b: Koraidon\n|-singleturn|p2b: Koraidon|Protect\n|move|p1a: Hitmontop|Wide Guard|p1a: Hitmontop\n|-singleturn|p1a: Hitmontop|Wide Guard\n|move|p2a: Calyrex|Psychic|p1a: Hitmontop\n|-supereffective|p1a: Hitmontop\n|-damage|p1a: Hitmontop|0 fnt\n|faint|p1a: Hitmontop\n|-ability|p2a: Calyrex|Grim Neigh|boost\n|-boost|p2a: Calyrex|spa|1\n|move|p1b: Calyrex|Trick Room|p1b: Calyrex\n|-fieldstart|move: Trick Room|[of] p1b: Calyrex\n|\n|-weather|SunnyDay|[upkeep]\n|upkeep\n|turn|5\n|\n|t:|1773772431\n|move|p2a: Calyrex|Protect|p2a: Calyrex\n|-singleturn|p2a: Calyrex|Protect\n|move|p1b: Calyrex|Glacial Lance|p2a: Calyrex|[spread] p2b\n|-activate|p2a: Calyrex|move: Protect\n|-supereffective|p2b: Koraidon\n|-damage|p2b: Koraidon|0 fnt\n|faint|p2b: Koraidon\n|-ability|p1b: Calyrex|Chilling Neigh|boost\n|-boost|p1b: Calyrex|atk|1\n|\n|-weather|SunnyDay|[upkeep]\n|-sideend|p1: fernsthedruids|move: Tailwind\n|upkeep\n|\n|t:|1773772441\n|switch|p2b: Raging Bolt|Raging Bolt, L50|100/100\n|-activate|p2b: Raging Bolt|ability: Protosynthesis\n|-start|p2b: Raging Bolt|protosynthesisspa\n|turn|6\n|c|\u2606fernsthedruids|uhhh ok\n|c|\u2606fernsthedruids|gg then\n|-message|itscamcar forfeited.\n|\n|win|fernsthedruids\n|raw|fernsthedruids's rating: 1244 &rarr; <strong>1267</strong><br />(+23 for winning)\n|raw|itscamcar's rating: 1222 &rarr; <strong>1199</strong><br />(-23 for losing)\n|l|\u2606itscamcar\n|player|p2|\n","uploadtime":1773772470,"views":15,"formatid":"gen9vgc2026regi","rating":1199,"private":0,"password":null}