{"id":"gen9vgc2026regi-2586861367","format":"[Gen 9] VGC 2026 Reg I","players":["Lil Tic","supernormalneki"],"log":"|j|\u2606Lil Tic\n|j|\u2606supernormalneki\n|t:|1776466216\n|gametype|doubles\n|player|p1|Lil Tic|101|1429\n|player|p2|supernormalneki|nate|1374\n|gen|9\n|tier|[Gen 9] VGC 2026 Reg I\n|rated|\n|rule|Species Clause: Limit one of each Pok\u00e9mon\n|rule|Item Clause: Limit 1 of each item\n|clearpoke\n|poke|p1|Koraidon, L50|\n|poke|p1|Flutter Mane, L50|\n|poke|p1|Ho-Oh, L50|\n|poke|p1|Incineroar, L50, M|\n|poke|p1|Amoonguss, L50, F|\n|poke|p1|Ting-Lu, L50|\n|poke|p2|Palkia-Origin, L50|\n|poke|p2|Smeargle, L50, F|\n|poke|p2|Ursaluna, L50, F|\n|poke|p2|Incineroar, L50, M|\n|poke|p2|Terapagos, L50, M|\n|poke|p2|Indeedee-F, L50, F|\n|teampreview|4\n|\n|t:|1776466258\n|teamsize|p1|4\n|teamsize|p2|4\n|start\n|switch|p1a: Incineroar|Incineroar, L50, M|100/100\n|switch|p1b: Amoonguss|Amoonguss, L50, F|100/100\n|switch|p2a: Smeargle|Smeargle, L50, F|100/100\n|switch|p2b: Indeedee|Indeedee-F, L50, F|100/100\n|-ability|p1a: Incineroar|Intimidate|boost\n|-unboost|p2a: Smeargle|atk|1\n|-unboost|p2b: Indeedee|atk|1\n|-fieldstart|move: Psychic Terrain|[from] ability: Psychic Surge|[of] p2b: Indeedee\n|turn|1\n|c|\u2606Lil Tic|dude what is this\n|c|\u2606Lil Tic|xd\n|c|\u2606Lil Tic|crazy team\n|\n|t:|1776466279\n|move|p2b: Indeedee|Follow Me|p2b: Indeedee\n|-singleturn|p2b: Indeedee|move: Follow Me\n|move|p2a: Smeargle|Decorate|p2b: Indeedee\n|-boost|p2b: Indeedee|atk|2\n|-boost|p2b: Indeedee|spa|2\n|move|p1a: Incineroar|Knock Off|p2b: Indeedee\n|-supereffective|p2b: Indeedee\n|-damage|p2b: Indeedee|0 fnt\n|-enditem|p2b: Indeedee|Safety Goggles|[from] move: Knock Off|[of] p1a: Incineroar\n|faint|p2b: Indeedee\n|move|p1b: Amoonguss|Spore|p2a: Smeargle\n|-status|p2a: Smeargle|slp|[from] move: Spore\n|\n|-ability|p2a: Smeargle|Moody|boost\n|-boost|p2a: Smeargle|atk|2\n|-unboost|p2a: Smeargle|spd|1\n|upkeep\n|\n|t:|1776466295\n|switch|p2b: Palkia|Palkia-Origin, L50|100/100\n|turn|2\n|\n|t:|1776466307\n|move|p2b: Palkia|Protect|p2b: Palkia\n|-singleturn|p2b: Palkia|Protect\n|cant|p2a: Smeargle|slp\n|move|p1a: Incineroar|Knock Off|p2a: Smeargle\n|-enditem|p2a: Smeargle|Focus Sash\n|-damage|p2a: Smeargle|1/100 slp\n|move|p1b: Amoonguss|Spore|p2b: Palkia\n|-activate|p2b: Palkia|move: Protect\n|\n|-ability|p2a: Smeargle|Moody|boost\n|-boost|p2a: Smeargle|def|2\n|-unboost|p2a: Smeargle|spe|1\n|upkeep\n|turn|3\n|\n|t:|1776466331\n|-terastallize|p2b: Palkia|Water\n|-curestatus|p2a: Smeargle|slp|[msg]\n|move|p2a: Smeargle|Follow Me|p2a: Smeargle\n|-singleturn|p2a: Smeargle|move: Follow Me\n|move|p2b: Palkia|Tera Blast|p1a: Incineroar|[anim] Tera Blast Water\n|-supereffective|p1a: Incineroar\n|-damage|p1a: Incineroar|0 fnt\n|faint|p1a: Incineroar\n|move|p1b: Amoonguss|Spore|p2a: Smeargle\n|-status|p2a: Smeargle|slp|[from] move: Spore\n|\n|-ability|p2a: Smeargle|Moody|boost\n|-boost|p2a: Smeargle|def|2\n|-unboost|p2a: Smeargle|spd|1\n|upkeep\n|\n|t:|1776466344\n|switch|p1a: Ho-Oh|Ho-Oh, L50|100/100\n|turn|4\n|\n|t:|1776466354\n|-terastallize|p1a: Ho-Oh|Grass\n|cant|p2a: Smeargle|slp\n|move|p2b: Palkia|Thunderbolt|p1a: Ho-Oh\n|-resisted|p1a: Ho-Oh\n|-damage|p1a: Ho-Oh|90/100\n|move|p1a: Ho-Oh|Tailwind|p1a: Ho-Oh\n|-sidestart|p1: Lil Tic|move: Tailwind\n|move|p1b: Amoonguss|Sludge Bomb|p2a: Smeargle\n|-damage|p2a: Smeargle|0 fnt\n|faint|p2a: Smeargle\n|\n|upkeep\n|\n|t:|1776466368\n|switch|p2a: Terapagos|Terapagos, L50, M|100/100\n|-activate|p2a: Terapagos|ability: Tera Shift\n|detailschange|p2a: Terapagos|Terapagos-Terastal, L50, M\n|-heal|p2a: Terapagos|100/100|[silent]\n|turn|5\n|\n|t:|1776466391\n|move|p1a: Ho-Oh|Brave Bird|p2b: Palkia\n|-damage|p2b: Palkia|31/100\n|-damage|p1a: Ho-Oh|71/100|[from] Recoil\n|move|p2b: Palkia|Spacial Rend|p1a: Ho-Oh\n|-damage|p1a: Ho-Oh|32/100\n|move|p1b: Amoonguss|Spore|p2a: Terapagos\n|-status|p2a: Terapagos|slp|[from] move: Spore\n|cant|p2a: Terapagos|slp\n|\n|-fieldend|move: Psychic Terrain\n|upkeep\n|turn|6\n|\n|t:|1776466427\n|move|p2b: Palkia|Protect|p2b: Palkia\n|-singleturn|p2b: Palkia|Protect\n|move|p1a: Ho-Oh|Brave Bird|p2b: Palkia\n|-activate|p2b: Palkia|move: Protect\n|move|p1b: Amoonguss|Pollen Puff|p1a: Ho-Oh\n|-heal|p1a: Ho-Oh|82/100\n|cant|p2a: Terapagos|slp\n|\n|upkeep\n|turn|7\n|\n|t:|1776466445\n|move|p2b: Palkia|Protect||[still]\n|-fail|p2b: Palkia\n|move|p1a: Ho-Oh|Brave Bird|p2b: Palkia\n|-damage|p2b: Palkia|0 fnt\n|faint|p2b: Palkia\n|-damage|p1a: Ho-Oh|74/100|[from] Recoil\n|move|p1b: Amoonguss|Sludge Bomb|p2a: Terapagos\n|-activate|p2a: Terapagos|ability: Tera Shell\n|-resisted|p2a: Terapagos\n|-damage|p2a: Terapagos|90/100 slp\n|-curestatus|p2a: Terapagos|slp|[msg]\n|move|p2a: Terapagos|Ice Beam|p1a: Ho-Oh\n|-supereffective|p1a: Ho-Oh\n|-damage|p1a: Ho-Oh|20/100\n|\n|-sideend|p1: Lil Tic|move: Tailwind\n|upkeep\n|turn|8\n|\n|t:|1776466464\n|move|p1a: Ho-Oh|Brave Bird|p2a: Terapagos\n|-damage|p2a: Terapagos|33/100\n|-damage|p1a: Ho-Oh|2/100|[from] Recoil\n|move|p2a: Terapagos|Ice Beam|p1a: Ho-Oh\n|-supereffective|p1a: Ho-Oh\n|-damage|p1a: Ho-Oh|0 fnt\n|faint|p1a: Ho-Oh\n|move|p1b: Amoonguss|Spore|p2a: Terapagos\n|-status|p2a: Terapagos|slp|[from] move: Spore\n|\n|upkeep\n|\n|t:|1776466478\n|switch|p1a: Koraidon|Koraidon, L50|100/100\n|-weather|SunnyDay|[from] ability: Orichalcum Pulse|[of] p1a: Koraidon\n|-activate|p1a: Koraidon|Orichalcum Pulse|[source]\n|turn|9\n|-message|supernormalneki forfeited.\n|\n|win|Lil Tic\n|raw|Lil Tic's rating: 1429 &rarr; <strong>1446</strong><br />(+17 for winning)\n|raw|supernormalneki's rating: 1374 &rarr; <strong>1357</strong><br />(-17 for losing)\n|l|\u2606supernormalneki\n|player|p2|\n|l|\u2606Lil Tic\n|player|p1|\n","uploadtime":1776466645,"views":11,"formatid":"gen9vgc2026regi","rating":1357,"private":0,"password":null}