{"id":"gen9vgc2026regi-2565264514","format":"[Gen 9] VGC 2026 Reg I","players":["Fayzginger","Billlmads"],"log":"|j|\u2606Fayzginger\n|j|\u2606Billlmads\n|t:|1774254165\n|gametype|doubles\n|player|p1|Fayzginger|az|1405\n|player|p2|Billlmads|red|1586\n|gen|9\n|tier|[Gen 9] VGC 2026 Reg I\n|rated|\n|rule|Species Clause: Limit one of each Pok\u00e9mon\n|rule|Item Clause: Limit 1 of each item\n|clearpoke\n|poke|p1|Miraidon, L50|\n|poke|p1|Calyrex-Ice, L50|\n|poke|p1|Incineroar, L50, M|\n|poke|p1|Urshifu-*, L50, F|\n|poke|p1|Amoonguss, L50, F|\n|poke|p1|Pelipper, L50, M|\n|poke|p2|Calyrex-Ice, L50|\n|poke|p2|Miraidon, L50|\n|poke|p2|Volcarona, L50, F|\n|poke|p2|Grimmsnarl, L50, M|\n|poke|p2|Incineroar, L50, M|\n|poke|p2|Ditto, L50|\n|teampreview|4\n|\n|t:|1774254204\n|teamsize|p1|4\n|teamsize|p2|4\n|start\n|switch|p1a: Incineroar|Incineroar, L50, M|100/100\n|switch|p1b: Miraidon|Miraidon, L50|100/100\n|switch|p2a: Miraidon|Miraidon, L50|100/100\n|switch|p2b: Grimmsnarl|Grimmsnarl, L50, M, shiny|100/100\n|-fieldstart|move: Electric Terrain|[from] ability: Hadron Engine|[of] p1b: Miraidon\n|-activate|p2a: Miraidon|ability: Hadron Engine\n|-ability|p1a: Incineroar|Intimidate|boost\n|-unboost|p2a: Miraidon|atk|1\n|-unboost|p2b: Grimmsnarl|atk|1\n|turn|1\n|\n|t:|1774254223\n|-terastallize|p2a: Miraidon|Electric\n|move|p1a: Incineroar|Fake Out|p2a: Miraidon\n|-damage|p2a: Miraidon|91/100\n|move|p2b: Grimmsnarl|Light Screen|p2b: Grimmsnarl\n|-sidestart|p2: Billlmads|move: Light Screen\n|move|p1b: Miraidon|Volt Switch|p2b: Grimmsnarl\n|-crit|p2b: Grimmsnarl\n|-damage|p2b: Grimmsnarl|0 fnt\n|faint|p2b: Grimmsnarl\n|\n|t:|1774254232\n|switch|p1b: Calyrex|Calyrex-Ice, L50|100/100|[from] Volt Switch\n|-ability|p1b: Calyrex|As One\n|-ability|p1b: Calyrex|Unnerve\n|cant|p2a: Miraidon|flinch\n|\n|upkeep\n|\n|t:|1774254259\n|switch|p2b: Calyrex|Calyrex-Ice, L50|100/100\n|-ability|p2b: Calyrex|As One\n|-ability|p2b: Calyrex|Unnerve\n|turn|2\n|\n|t:|1774254268\n|move|p2a: Miraidon|Volt Switch|p1a: Incineroar\n|-damage|p1a: Incineroar|45/100\n|\n|t:|1774254271\n|switch|p2a: Ditto|Ditto, L50|100/100|[from] Volt Switch\n|-transform|p2a: Ditto|p1b: Calyrex|[from] ability: Imposter\n|-ability|p2a: Ditto|As One\n|-ability|p2a: Ditto|Unnerve\n|move|p1a: Incineroar|Flare Blitz|p2a: Ditto\n|-supereffective|p2a: Ditto\n|-damage|p2a: Ditto|14/100\n|-damage|p1a: Incineroar|23/100|[from] Recoil\n|move|p2b: Calyrex|Leech Seed|p1b: Calyrex\n|-start|p1b: Calyrex|move: Leech Seed\n|move|p1b: Calyrex|Glacial Lance|p2a: Ditto|[spread] p2a,p2b\n|-resisted|p2a: Ditto\n|-resisted|p2b: Calyrex\n|-damage|p2a: Ditto|0 fnt\n|-damage|p2b: Calyrex|85/100\n|faint|p2a: Ditto\n|-ability|p1b: Calyrex|Chilling Neigh|boost\n|-boost|p1b: Calyrex|atk|1\n|\n|-heal|p2b: Calyrex|90/100|[from] item: Leftovers\n|-damage|p1b: Calyrex|88/100|[from] Leech Seed|[of] p2b: Calyrex\n|-heal|p2b: Calyrex|100/100|[silent]\n|upkeep\n|\n|t:|1774254279\n|switch|p2a: Miraidon|Miraidon, L50, tera:Electric|91/100\n|-activate|p2a: Miraidon|ability: Hadron Engine\n|turn|3\n|\n|t:|1774254292\n|move|p2a: Miraidon|Electro Drift|p1b: Calyrex\n|-damage|p1b: Calyrex|0 fnt\n|faint|p1b: Calyrex\n|move|p1a: Incineroar|U-turn|p2a: Miraidon\n|-damage|p2a: Miraidon|73/100\n|\n|t:|1774254297\n|switch|p1a: Urshifu|Urshifu-Rapid-Strike, L50, F|100/100|[from] U-turn\n|move|p2b: Calyrex|Glacial Lance|p1a: Urshifu\n|-resisted|p1a: Urshifu\n|-damage|p1a: Urshifu|67/100\n|\n|upkeep\n|\n|t:|1774254299\n|switch|p1b: Miraidon|Miraidon, L50|100/100\n|-activate|p1b: Miraidon|ability: Hadron Engine\n|turn|4\n|\n|t:|1774254318\n|switch|p1a: Incineroar|Incineroar, L50, M|23/100\n|-ability|p1a: Incineroar|Intimidate|boost\n|-unboost|p2a: Miraidon|atk|1\n|-unboost|p2b: Calyrex|atk|1\n|-terastallize|p1b: Miraidon|Electric\n|move|p1b: Miraidon|Snarl|p2a: Miraidon|[spread] p2a,p2b\n|-supereffective|p2b: Calyrex\n|-damage|p2a: Miraidon|66/100\n|-damage|p2b: Calyrex|86/100\n|-unboost|p2a: Miraidon|spa|1\n|-unboost|p2b: Calyrex|spa|1\n|move|p2a: Miraidon|Electro Drift|p1a: Incineroar\n|-damage|p1a: Incineroar|0 fnt\n|faint|p1a: Incineroar\n|move|p2b: Calyrex|Trick Room|p2b: Calyrex\n|-fieldstart|move: Trick Room|[of] p2b: Calyrex\n|\n|-heal|p2b: Calyrex|91/100|[from] item: Leftovers\n|upkeep\n|\n|t:|1774254327\n|switch|p1a: Urshifu|Urshifu-Rapid-Strike, L50, F|67/100\n|turn|5\n|\n|t:|1774254335\n|move|p2b: Calyrex|Leech Seed|p1b: Miraidon\n|-start|p1b: Miraidon|move: Leech Seed\n|move|p1a: Urshifu|Surging Strikes|p2a: Miraidon\n|-crit|p2a: Miraidon\n|-damage|p2a: Miraidon|46/100\n|-crit|p2a: Miraidon\n|-damage|p2a: Miraidon|26/100\n|-crit|p2a: Miraidon\n|-damage|p2a: Miraidon|9/100\n|-hitcount|p2a: Miraidon|3\n|move|p2a: Miraidon|Electro Drift|p1a: Urshifu\n|-supereffective|p1a: Urshifu\n|-damage|p1a: Urshifu|0 fnt\n|faint|p1a: Urshifu\n|move|p1b: Miraidon|Snarl|p2a: Miraidon|[spread] p2a,p2b\n|-supereffective|p2b: Calyrex\n|-damage|p2a: Miraidon|2/100\n|-damage|p2b: Calyrex|76/100\n|-unboost|p2a: Miraidon|spa|1\n|-unboost|p2b: Calyrex|spa|1\n|\n|-heal|p2b: Calyrex|82/100|[from] item: Leftovers\n|-damage|p1b: Miraidon|88/100|[from] Leech Seed|[of] p2b: Calyrex\n|-heal|p2b: Calyrex|93/100|[silent]\n|-fieldend|move: Electric Terrain\n|upkeep\n|turn|6\n|-message|Fayzginger forfeited.\n|\n|win|Billlmads\n|raw|Fayzginger's rating: 1405 &rarr; <strong>1395</strong><br />(-10 for losing)\n|raw|Billlmads's rating: 1586 &rarr; <strong>1596</strong><br />(+10 for winning)\n","uploadtime":1774254589,"views":12,"formatid":"gen9vgc2026regi","rating":1395,"private":0,"password":null}