{"id":"gen9vgc2026regi-2590972028","format":"[Gen 9] VGC 2026 Reg I","players":["SycrasisEU","palamed"],"log":"|j|\u2606SycrasisEU\n|j|\u2606palamed\n|t:|1776865605\n|gametype|doubles\n|player|p1|SycrasisEU|byron|1424\n|player|p2|palamed|102|1455\n|gen|9\n|tier|[Gen 9] VGC 2026 Reg I\n|rated|\n|rule|Species Clause: Limit one of each Pok\u00e9mon\n|rule|Item Clause: Limit 1 of each item\n|clearpoke\n|poke|p1|Koraidon, L50|\n|poke|p1|Lunala, L50|\n|poke|p1|Walking Wake, L50|\n|poke|p1|Incineroar, L50, M|\n|poke|p1|Clefairy, L50, M|\n|poke|p1|Roaring Moon, L50|\n|poke|p2|Calyrex-Ice, L50|\n|poke|p2|Incineroar, L50, M|\n|poke|p2|Miraidon, L50|\n|poke|p2|Urshifu-*, L50, F|\n|poke|p2|Farigiraf, L50, M|\n|poke|p2|Grimmsnarl, L50, M|\n|teampreview|4\n|inactive|Battle timer is ON: inactive players will automatically lose when time's up. (requested by palamed)\n|inactive|palamed has 60 seconds left.\n|\n|t:|1776865647\n|teamsize|p1|4\n|teamsize|p2|4\n|start\n|switch|p1a: Incineroar|Incineroar, L50, M, shiny|100/100\n|switch|p1b: Lunala|Lunala, L50|100/100\n|switch|p2a: Grimmsnarl|Grimmsnarl, L50, M|100/100\n|switch|p2b: Calyrex|Calyrex-Ice, L50|100/100\n|-ability|p2b: Calyrex|As One\n|-ability|p2b: Calyrex|Unnerve\n|-ability|p1a: Incineroar|Intimidate|boost\n|-unboost|p2a: Grimmsnarl|atk|1\n|-fail|p2b: Calyrex|unboost|[from] item: Clear Amulet|[of] p2b: Calyrex\n|turn|1\n|\n|t:|1776865665\n|switch|p2a: Farigiraf|Farigiraf, L50, M|100/100\n|-terastallize|p2b: Calyrex|Water\n|move|p1a: Incineroar|Fake Out||[still]\n|cant|p2a: Farigiraf|ability: Armor Tail|Fake Out|[of] p1a: Incineroar\n|move|p1b: Lunala|Meteor Beam||[still]\n|-prepare|p1b: Lunala|Meteor Beam\n|-boost|p1b: Lunala|spa|1\n|-enditem|p1b: Lunala|Power Herb\n|-anim|p1b: Lunala|Meteor Beam|p2a: Farigiraf\n|-damage|p2a: Farigiraf|33/100\n|move|p2b: Calyrex|High Horsepower|p1a: Incineroar\n|-supereffective|p1a: Incineroar\n|-damage|p1a: Incineroar|28/100\n|\n|upkeep\n|turn|2\n|inactive|palamed has 30 seconds left.\n|inactive|palamed has 20 seconds left.\n|\n|t:|1776865701\n|switch|p2a: Grimmsnarl|Grimmsnarl, L50, M|100/100\n|move|p1b: Lunala|Moongeist Beam|p2b: Calyrex\n|-damage|p2b: Calyrex|43/100\n|move|p1a: Incineroar|Knock Off|p2a: Grimmsnarl\n|-resisted|p2a: Grimmsnarl\n|-damage|p2a: Grimmsnarl|89/100\n|-enditem|p2a: Grimmsnarl|Light Clay|[from] move: Knock Off|[of] p1a: Incineroar\n|move|p2b: Calyrex|Leech Seed|p1b: Lunala|[miss]\n|-miss|p2b: Calyrex|p1b: Lunala\n|\n|upkeep\n|turn|3\n|inactive|SycrasisEU has 30 seconds left.\n|inactive|palamed has 30 seconds left.\n|\n|t:|1776865736\n|-terastallize|p1b: Lunala|Fairy\n|move|p2b: Calyrex|Protect|p2b: Calyrex\n|-singleturn|p2b: Calyrex|Protect\n|move|p2a: Grimmsnarl|Light Screen|p2a: Grimmsnarl\n|-sidestart|p2: palamed|move: Light Screen\n|move|p1b: Lunala|Moonblast|p2b: Calyrex\n|-activate|p2b: Calyrex|move: Protect\n|move|p1a: Incineroar|Taunt|p2a: Grimmsnarl\n|-start|p2a: Grimmsnarl|move: Taunt\n|\n|upkeep\n|turn|4\n|\n|t:|1776865759\n|move|p1b: Lunala|Moonblast|p2b: Calyrex\n|-damage|p2b: Calyrex|4/100\n|move|p2a: Grimmsnarl|Spirit Break|p1b: Lunala\n|-damage|p1b: Lunala|85/100\n|-unboost|p1b: Lunala|spa|1\n|move|p1a: Incineroar|Knock Off|p2b: Calyrex\n|-damage|p2b: Calyrex|0 fnt\n|-enditem|p2b: Calyrex|Clear Amulet|[from] move: Knock Off|[of] p1a: Incineroar\n|faint|p2b: Calyrex\n|\n|upkeep\n|\n|t:|1776865769\n|switch|p2b: Miraidon|Miraidon, L50|100/100\n|-fieldstart|move: Electric Terrain|[from] ability: Hadron Engine|[of] p2b: Miraidon\n|turn|5\n|\n|t:|1776865780\n|move|p2b: Miraidon|Volt Switch|p1a: Incineroar\n|-damage|p1a: Incineroar|0 fnt\n|faint|p1a: Incineroar\n|\n|t:|1776865785\n|switch|p2b: Farigiraf|Farigiraf, L50, M|33/100|[from] Volt Switch\n|-enditem|p2b: Farigiraf|Electric Seed\n|-boost|p2b: Farigiraf|def|1|[from] item: Electric Seed\n|move|p1b: Lunala|Moonblast|p2b: Farigiraf\n|-damage|p2b: Farigiraf|0 fnt\n|faint|p2b: Farigiraf\n|move|p2a: Grimmsnarl|Spirit Break|p1b: Lunala\n|-damage|p1b: Lunala|57/100\n|-unboost|p1b: Lunala|spa|1\n|\n|upkeep\n|\n|t:|1776865800\n|switch|p1a: Clefairy|Clefairy, L50, M|100/100\n|switch|p2b: Miraidon|Miraidon, L50|100/100\n|-activate|p2b: Miraidon|ability: Hadron Engine\n|turn|6\n|\n|t:|1776865809\n|move|p1a: Clefairy|Protect|p1a: Clefairy\n|-singleturn|p1a: Clefairy|Protect\n|move|p2b: Miraidon|Electro Drift|p1b: Lunala\n|-damage|p1b: Lunala|0 fnt\n|faint|p1b: Lunala\n|move|p2a: Grimmsnarl|Spirit Break|p1a: Clefairy\n|-activate|p1a: Clefairy|move: Protect\n|\n|-end|p2a: Grimmsnarl|move: Taunt\n|upkeep\n|\n|t:|1776865814\n|switch|p1b: Koraidon|Koraidon, L50, shiny|100/100\n|-weather|SunnyDay|[from] ability: Orichalcum Pulse|[of] p1b: Koraidon\n|-activate|p1b: Koraidon|Orichalcum Pulse|[source]\n|turn|7\n|\n|t:|1776865832\n|move|p1a: Clefairy|Follow Me|p1a: Clefairy\n|-singleturn|p1a: Clefairy|move: Follow Me\n|move|p1b: Koraidon|Collision Course|p2b: Miraidon\n|-damage|p2b: Miraidon|0 fnt\n|faint|p2b: Miraidon\n|move|p2a: Grimmsnarl|Spirit Break|p1a: Clefairy\n|-damage|p1a: Clefairy|62/100\n|-unboost|p1a: Clefairy|spa|1\n|\n|-weather|SunnyDay|[upkeep]\n|-sideend|p2: palamed|move: Light Screen\n|upkeep\n|turn|8\n|-message|palamed forfeited.\n|\n|win|SycrasisEU\n|raw|SycrasisEU's rating: 1424 &rarr; <strong>1446</strong><br />(+22 for winning)\n|raw|palamed's rating: 1455 &rarr; <strong>1433</strong><br />(-22 for losing)\n|l|\u2606palamed\n|player|p2|\n|l|\u2606SycrasisEU\n|player|p1|\n","uploadtime":1776866076,"views":8,"formatid":"gen9vgc2026regi","rating":1433,"private":0,"password":null}