{"id":"gen9vgc2026regi-2558493426","format":"[Gen 9] VGC 2026 Reg I","players":["ArisHazard","RavenSMG"],"log":"|j|\u2606ArisHazard\n|j|\u2606RavenSMG\n|t:|1773440162\n|gametype|doubles\n|player|p1|ArisHazard|1|1473\n|player|p2|RavenSMG|caitlin|1394\n|gen|9\n|tier|[Gen 9] VGC 2026 Reg I\n|rated|\n|rule|Species Clause: Limit one of each Pok\u00e9mon\n|rule|Item Clause: Limit 1 of each item\n|clearpoke\n|poke|p1|Calyrex-Ice, L50|\n|poke|p1|Hitmontop, L50, M|\n|poke|p1|Miraidon, L50|\n|poke|p1|Sableye, L50, F|\n|poke|p1|Ting-Lu, L50|\n|poke|p1|Iron Valiant, L50|\n|poke|p2|Terapagos, L50, M|\n|poke|p2|Rillaboom, L50, F|\n|poke|p2|Incineroar, L50, F|\n|poke|p2|Urshifu-*, L50, F|\n|poke|p2|Amoonguss, L50, F|\n|poke|p2|Calyrex-Shadow, L50|\n|teampreview|4\n|inactive|Battle timer is ON: inactive players will automatically lose when time's up. (requested by RavenSMG)\n|inactive|RavenSMG has 60 seconds left.\n|\n|t:|1773440224\n|teamsize|p1|4\n|teamsize|p2|4\n|start\n|switch|p1a: Calyrex|Calyrex-Ice, L50|100/100\n|switch|p1b: Sableye|Sableye, L50, F|100/100\n|switch|p2a: Urshifu|Urshifu-Rapid-Strike, L50, F|100/100\n|switch|p2b: Calyrex|Calyrex-Shadow, L50|100/100\n|-ability|p2b: Calyrex|As One\n|-ability|p2b: Calyrex|Unnerve\n|-ability|p1a: Calyrex|As One\n|-ability|p1a: Calyrex|Unnerve\n|turn|1\n|\n|t:|1773440243\n|switch|p1a: Miraidon|Miraidon, L50|100/100\n|-fieldstart|move: Electric Terrain|[from] ability: Hadron Engine|[of] p1a: Miraidon\n|move|p1b: Sableye|Protect|p1b: Sableye\n|-singleturn|p1b: Sableye|Protect\n|move|p2a: Urshifu|Surging Strikes|p1b: Sableye\n|-crit|p1b: Sableye\n|-damage|p1b: Sableye|75/100\n|-crit|p1b: Sableye\n|-damage|p1b: Sableye|51/100\n|-crit|p1b: Sableye\n|-damage|p1b: Sableye|26/100\n|-hitcount|p1b: Sableye|3\n|move|p2b: Calyrex|Will-O-Wisp|p1a: Miraidon\n|-status|p1a: Miraidon|brn\n|\n|-damage|p1a: Miraidon|95/100 brn|[from] brn\n|upkeep\n|turn|2\n|inactive|ArisHazard has 30 seconds left.\n|\n|t:|1773440270\n|switch|p2a: Rillaboom|Rillaboom, L50, F|100/100\n|-fieldstart|move: Grassy Terrain|[from] ability: Grassy Surge|[of] p2a: Rillaboom\n|-terastallize|p1b: Sableye|Normal\n|move|p1b: Sableye|Disable||[still]\n|-fail|p1b: Sableye\n|move|p2b: Calyrex|Astral Barrage|p1b: Sableye|[spread] p1a\n|-immune|p1b: Sableye\n|-crit|p1a: Miraidon\n|-damage|p1a: Miraidon|52/100 brn\n|move|p1a: Miraidon|Snarl|p2b: Calyrex|[spread] p2a,p2b\n|-supereffective|p2b: Calyrex\n|-damage|p2a: Rillaboom|91/100\n|-damage|p2b: Calyrex|32/100\n|-unboost|p2a: Rillaboom|spa|1\n|-unboost|p2b: Calyrex|spa|1\n|\n|-heal|p2b: Calyrex|39/100|[from] Grassy Terrain\n|-heal|p1a: Miraidon|57/100 brn|[from] Grassy Terrain\n|-heal|p2a: Rillaboom|97/100|[from] Grassy Terrain\n|-heal|p1b: Sableye|32/100|[from] Grassy Terrain\n|-damage|p1a: Miraidon|52/100 brn|[from] brn\n|upkeep\n|turn|3\n|inactive|ArisHazard has 30 seconds left.\n|\n|t:|1773440302\n|switch|p1a: Hitmontop|Hitmontop, L50, M|100/100\n|-ability|p1a: Hitmontop|Intimidate|boost\n|-unboost|p2a: Rillaboom|atk|1\n|-unboost|p2b: Calyrex|atk|1\n|move|p1b: Sableye|Protect|p1b: Sableye\n|-singleturn|p1b: Sableye|Protect\n|move|p2b: Calyrex|Disable||[still]\n|-fail|p2b: Calyrex\n|move|p2a: Rillaboom|Wood Hammer|p1b: Sableye\n|-activate|p1b: Sableye|move: Protect\n|\n|-heal|p2b: Calyrex|45/100|[from] Grassy Terrain\n|-heal|p2a: Rillaboom|100/100|[from] Grassy Terrain\n|-heal|p1b: Sableye|37/100|[from] Grassy Terrain\n|upkeep\n|turn|4\n|inactive|RavenSMG has 30 seconds left.\n|\n|t:|1773440331\n|switch|p2a: Terapagos|Terapagos, L50, M|100/100\n|-activate|p2a: Terapagos|ability: Tera Shift\n|detailschange|p2a: Terapagos|Terapagos-Terastal, L50, M\n|-heal|p2a: Terapagos|100/100|[silent]\n|switch|p1b: Calyrex|Calyrex-Ice, L50|100/100\n|-ability|p1b: Calyrex|As One\n|-ability|p1b: Calyrex|Unnerve\n|move|p2b: Calyrex|Will-O-Wisp|p1a: Hitmontop\n|-status|p1a: Hitmontop|brn\n|move|p1a: Hitmontop|Coaching|p1b: Calyrex\n|-boost|p1b: Calyrex|atk|1\n|-boost|p1b: Calyrex|def|1\n|\n|-heal|p2b: Calyrex|51/100|[from] Grassy Terrain\n|-damage|p1a: Hitmontop|95/100 brn|[from] brn\n|upkeep\n|turn|5\n|j| kikoty\n|inactive|ArisHazard has 30 seconds left.\n|l| kikoty\n|\n|t:|1773440366\n|move|p1a: Hitmontop|Wide Guard|p1a: Hitmontop\n|-singleturn|p1a: Hitmontop|Wide Guard\n|move|p2b: Calyrex|Will-O-Wisp|p1b: Calyrex|[miss]\n|-miss|p2b: Calyrex|p1b: Calyrex\n|move|p2a: Terapagos|Calm Mind|p2a: Terapagos\n|-boost|p2a: Terapagos|spa|1\n|-boost|p2a: Terapagos|spd|1\n|move|p1b: Calyrex|Glacial Lance|p2a: Terapagos|[spread] p2a,p2b\n|-activate|p2a: Terapagos|ability: Tera Shell\n|-resisted|p2a: Terapagos\n|-damage|p2a: Terapagos|71/100\n|-damage|p2b: Calyrex|0 fnt\n|faint|p2b: Calyrex\n|-ability|p1b: Calyrex|Chilling Neigh|boost\n|-boost|p1b: Calyrex|atk|1\n|\n|-heal|p2a: Terapagos|77/100|[from] Grassy Terrain\n|-heal|p2a: Terapagos|83/100|[from] item: Leftovers\n|-heal|p1a: Hitmontop|100/100 brn|[from] Grassy Terrain\n|-damage|p1a: Hitmontop|95/100 brn|[from] brn\n|upkeep\n|\n|t:|1773440379\n|switch|p2b: Urshifu|Urshifu-Rapid-Strike, L50, F|100/100\n|turn|6\n|\n|t:|1773440395\n|move|p1b: Calyrex|Protect|p1b: Calyrex\n|-singleturn|p1b: Calyrex|Protect\n|move|p2b: Urshifu|Surging Strikes|p1b: Calyrex\n|-crit|p1b: Calyrex\n|-damage|p1b: Calyrex|85/100\n|-crit|p1b: Calyrex\n|-damage|p1b: Calyrex|71/100\n|-crit|p1b: Calyrex\n|-damage|p1b: Calyrex|57/100\n|-hitcount|p1b: Calyrex|3\n|move|p2a: Terapagos|Tera Starstorm|p1b: Calyrex\n|-activate|p1b: Calyrex|move: Protect\n|move|p1a: Hitmontop|Close Combat|p2a: Terapagos\n|-supereffective|p2a: Terapagos\n|-damage|p2a: Terapagos|58/100\n|-unboost|p1a: Hitmontop|def|1\n|-unboost|p1a: Hitmontop|spd|1\n|\n|-heal|p2a: Terapagos|65/100|[from] Grassy Terrain\n|-heal|p2a: Terapagos|71/100|[from] item: Leftovers\n|-heal|p1a: Hitmontop|100/100 brn|[from] Grassy Terrain\n|-heal|p1b: Calyrex|63/100|[from] Grassy Terrain\n|-damage|p1a: Hitmontop|95/100 brn|[from] brn\n|-fieldend|move: Grassy Terrain\n|upkeep\n|turn|7\n|inactive|ArisHazard has 30 seconds left.\n|inactive|RavenSMG has 30 seconds left.\n|\n|t:|1773440432\n|switch|p1a: Sableye|Sableye, L50, F, tera:Normal|37/100\n|-enditem|p1a: Sableye|Sitrus Berry|[eat]\n|-heal|p1a: Sableye|62/100|[from] item: Sitrus Berry\n|switch|p1b: Miraidon|Miraidon, L50|52/100 brn\n|-fieldstart|move: Electric Terrain|[from] ability: Hadron Engine|[of] p1b: Miraidon\n|-terastallize|p2a: Terapagos|Stellar\n|detailschange|p2a: Terapagos|Terapagos-Stellar, L50, M, tera:Stellar\n|-heal|p2a: Terapagos|78/100|[silent]\n|-ability|p2a: Terapagos|Teraform Zero\n|-fieldend|move: Electric Terrain\n|move|p2b: Urshifu|Surging Strikes|p1b: Miraidon\n|-resisted|p1b: Miraidon\n|-crit|p1b: Miraidon\n|-damage|p1b: Miraidon|43/100 brn\n|-resisted|p1b: Miraidon\n|-crit|p1b: Miraidon\n|-damage|p1b: Miraidon|34/100 brn\n|-resisted|p1b: Miraidon\n|-crit|p1b: Miraidon\n|-damage|p1b: Miraidon|24/100 brn\n|-hitcount|p1b: Miraidon|3\n|move|p2a: Terapagos|Tera Starstorm|p1a: Sableye|[spread] p1a,p1b\n|-supereffective|p1a: Sableye\n|-damage|p1a: Sableye|0 fnt\n|-damage|p1b: Miraidon|0 fnt\n|faint|p1a: Sableye\n|faint|p1b: Miraidon\n|\n|-heal|p2a: Terapagos|85/100|[from] item: Leftovers\n|upkeep\n|-message|ArisHazard forfeited.\n|\n|win|RavenSMG\n|raw|ArisHazard's rating: 1473 &rarr; <strong>1449</strong><br />(-24 for losing)\n|raw|RavenSMG's rating: 1394 &rarr; <strong>1418</strong><br />(+24 for winning)\n|l|\u2606ArisHazard\n|player|p1|\n|l|\u2606RavenSMG\n|player|p2|\n|j| kikoty\n|l| kikoty\n","uploadtime":1773440705,"views":16,"formatid":"gen9vgc2026regi","rating":1418,"private":0,"password":null}