{"id":"gen9vgc2026regi-2587157049","format":"[Gen 9] VGC 2026 Reg I","players":["sjknjhlhf","SycrasisEU"],"log":"|j|\u2606sjknjhlhf\n|j|\u2606SycrasisEU\n|t:|1776501794\n|gametype|doubles\n|player|p1|sjknjhlhf|101|1467\n|player|p2|SycrasisEU|backpacker|1374\n|gen|9\n|tier|[Gen 9] VGC 2026 Reg I\n|rated|\n|rule|Species Clause: Limit one of each Pok\u00e9mon\n|rule|Item Clause: Limit 1 of each item\n|clearpoke\n|poke|p1|Amoonguss, L50, F|\n|poke|p1|Calyrex-Ice, L50|\n|poke|p1|Kyogre, L50|\n|poke|p1|Grimmsnarl, L50, M|\n|poke|p1|Basculegion, L50, M|\n|poke|p1|Archaludon, L50, M|\n|poke|p2|Koraidon, L50|\n|poke|p2|Ho-Oh, L50|\n|poke|p2|Roaring Moon, L50|\n|poke|p2|Chien-Pao, L50|\n|poke|p2|Amoonguss, L50, F|\n|poke|p2|Incineroar, L50, F|\n|teampreview|4\nSycrasisEU has agreed to open team sheets.\n|inactive|Battle timer is ON: inactive players will automatically lose when time's up. (requested by SycrasisEU)\n|inactive|SycrasisEU has 60 seconds left.\n|\n|t:|1776501845\n|teamsize|p1|4\n|teamsize|p2|4\n|start\n|switch|p1a: Grimmsnarl|Grimmsnarl, L50, M|100/100\n|switch|p1b: Calyrex|Calyrex-Ice, L50|100/100\n|switch|p2a: Amoonguss|Amoonguss, L50, F, shiny|100/100\n|switch|p2b: Incineroar|Incineroar, L50, F, shiny|100/100\n|-ability|p1b: Calyrex|As One\n|-ability|p1b: Calyrex|Unnerve\n|-ability|p2b: Incineroar|Intimidate|boost\n|-unboost|p1a: Grimmsnarl|atk|1\n|-unboost|p1b: Calyrex|atk|1\n|turn|1\n|inactive|sjknjhlhf has 30 seconds left.\n|\n|t:|1776501877\n|move|p1b: Calyrex|Protect|p1b: Calyrex\n|-singleturn|p1b: Calyrex|Protect\n|move|p2b: Incineroar|Fake Out|p1b: Calyrex\n|-activate|p1b: Calyrex|move: Protect\n|move|p1a: Grimmsnarl|Reflect|p1a: Grimmsnarl\n|-sidestart|p1: sjknjhlhf|Reflect\n|move|p2a: Amoonguss|Spore|p1a: Grimmsnarl\n|-status|p1a: Grimmsnarl|slp|[from] move: Spore\n|\n|upkeep\n|turn|2\n|inactive|SycrasisEU has 30 seconds left.\n|\n|t:|1776501906\n|-terastallize|p1b: Calyrex|Grass\n|move|p2a: Amoonguss|Protect|p2a: Amoonguss\n|-singleturn|p2a: Amoonguss|Protect\n|cant|p1a: Grimmsnarl|slp\n|move|p2b: Incineroar|Knock Off|p1b: Calyrex\n|-damage|p1b: Calyrex|85/100\n|-enditem|p1b: Calyrex|Mental Herb|[from] move: Knock Off|[of] p2b: Incineroar\n|move|p1b: Calyrex|Trick Room|p1b: Calyrex\n|-fieldstart|move: Trick Room|[of] p1b: Calyrex\n|\n|upkeep\n|turn|3\n|\n|t:|1776501926\n|switch|p1a: Kyogre|Kyogre, L50|100/100\n|-weather|RainDance|[from] ability: Drizzle|[of] p1a: Kyogre\n|-terastallize|p2a: Amoonguss|Water\n|move|p2a: Amoonguss|Sludge Bomb|p1b: Calyrex\n|-supereffective|p1b: Calyrex\n|-damage|p1b: Calyrex|50/100\n|move|p1b: Calyrex|Glacial Lance|p2b: Incineroar|[spread] p2a,p2b\n|-resisted|p2a: Amoonguss\n|-resisted|p2b: Incineroar\n|-damage|p2a: Amoonguss|84/100\n|-damage|p2b: Incineroar|87/100\n|move|p2b: Incineroar|Parting Shot|p1b: Calyrex\n|-unboost|p1b: Calyrex|atk|1\n|-unboost|p1b: Calyrex|spa|1\n|\n|t:|1776501939\n|switch|p2b: Koraidon|Koraidon, L50|100/100|[from] Parting Shot\n|-weather|SunnyDay|[from] ability: Orichalcum Pulse|[of] p2b: Koraidon\n|-activate|p2b: Koraidon|Orichalcum Pulse|[source]\n|\n|-weather|SunnyDay|[upkeep]\n|upkeep\n|turn|4\n|inactive|sjknjhlhf has 30 seconds left.\n|\n|t:|1776501968\n|switch|p1b: Archaludon|Archaludon, L50, M|100/100\n|switch|p1a: Grimmsnarl|Grimmsnarl, L50, M|100/100 slp\n|move|p2a: Amoonguss|Spore|p1a: Grimmsnarl\n|-fail|p1a: Grimmsnarl|slp\n|move|p2b: Koraidon|Flare Blitz|p1b: Archaludon\n|-damage|p1b: Archaludon|61/100\n|-damage|p2b: Koraidon|86/100|[from] Recoil\n|\n|-weather|SunnyDay|[upkeep]\n|upkeep\n|turn|5\n|\n|t:|1776501985\n|switch|p2b: Incineroar|Incineroar, L50, F, shiny|87/100\n|-ability|p2b: Incineroar|Intimidate|boost\n|-unboost|p1a: Grimmsnarl|atk|1\n|-unboost|p1b: Archaludon|atk|1\n|move|p2a: Amoonguss|Spore|p1b: Archaludon\n|-status|p1b: Archaludon|slp|[from] move: Spore\n|cant|p1b: Archaludon|slp\n|cant|p1a: Grimmsnarl|slp\n|\n|-weather|SunnyDay|[upkeep]\n|upkeep\n|turn|6\n|inactive|sjknjhlhf has 30 seconds left.\n|inactive|sjknjhlhf has 20 seconds left.\n|inactive|sjknjhlhf has 15 seconds left.\n|\n|t:|1776502029\n|move|p2a: Amoonguss|Sludge Bomb|p1a: Grimmsnarl\n|-supereffective|p1a: Grimmsnarl\n|-damage|p1a: Grimmsnarl|50/100 slp\n|move|p2b: Incineroar|Knock Off|p1b: Archaludon\n|-damage|p1b: Archaludon|43/100 slp\n|-enditem|p1b: Archaludon|Assault Vest|[from] move: Knock Off|[of] p2b: Incineroar\n|-curestatus|p1b: Archaludon|slp|[msg]\n|move|p1b: Archaludon|Draco Meteor|p2a: Amoonguss\n|-damage|p2a: Amoonguss|37/100\n|-unboost|p1b: Archaludon|spa|2\n|cant|p1a: Grimmsnarl|slp\n|\n|-weather|SunnyDay|[upkeep]\n|-fieldend|move: Trick Room\n|upkeep\n|turn|7\n|\n|t:|1776502051\n|switch|p1b: Kyogre|Kyogre, L50|100/100\n|-weather|RainDance|[from] ability: Drizzle|[of] p1b: Kyogre\n|switch|p2a: Roaring Moon|Roaring Moon, L50|100/100\n|-enditem|p2a: Roaring Moon|Booster Energy\n|-activate|p2a: Roaring Moon|ability: Protosynthesis|[fromitem]\n|-start|p2a: Roaring Moon|protosynthesisspe\n|-curestatus|p1a: Grimmsnarl|slp|[msg]\n|move|p1a: Grimmsnarl|Light Screen|p1a: Grimmsnarl\n|-sidestart|p1: sjknjhlhf|move: Light Screen\n|move|p2b: Incineroar|Parting Shot|p1a: Grimmsnarl\n|-unboost|p1a: Grimmsnarl|atk|1\n|-unboost|p1a: Grimmsnarl|spa|1\n|\n|t:|1776502065\n|switch|p2b: Koraidon|Koraidon, L50|86/100|[from] Parting Shot\n|-weather|SunnyDay|[from] ability: Orichalcum Pulse|[of] p2b: Koraidon\n|-activate|p2b: Koraidon|Orichalcum Pulse|[source]\n|\n|-weather|SunnyDay|[upkeep]\n|upkeep\n|turn|8\n|c|\u2606sjknjhlhf|ahhhh\n|\n|t:|1776502089\n|switch|p1b: Calyrex|Calyrex-Ice, L50, tera:Grass|50/100\n|-ability|p1b: Calyrex|As One\n|-ability|p1b: Calyrex|Unnerve\n|switch|p1a: Archaludon|Archaludon, L50, M|43/100\n|move|p2a: Roaring Moon|Iron Head|p1a: Archaludon\n|-resisted|p1a: Archaludon\n|-damage|p1a: Archaludon|35/100\n|move|p2b: Koraidon|Collision Course|p1b: Calyrex\n|-damage|p1b: Calyrex|25/100\n|\n|-weather|SunnyDay|[upkeep]\n|-sideend|p1: sjknjhlhf|Reflect\n|upkeep\n|turn|9\n|inactive|sjknjhlhf has 30 seconds left.\n|inactive|SycrasisEU has 30 seconds left.\n|\n|t:|1776502117\n|switch|p2b: Incineroar|Incineroar, L50, F, shiny|87/100\n|-ability|p2b: Incineroar|Intimidate|boost\n|-unboost|p1a: Archaludon|atk|1\n|-unboost|p1b: Calyrex|atk|1\n|move|p2a: Roaring Moon|Protect|p2a: Roaring Moon\n|-singleturn|p2a: Roaring Moon|Protect\n|move|p1b: Calyrex|Protect|p1b: Calyrex\n|-singleturn|p1b: Calyrex|Protect\n|move|p1a: Archaludon|Draco Meteor|p2b: Incineroar\n|-damage|p2b: Incineroar|29/100\n|-unboost|p1a: Archaludon|spa|2\n|\n|-weather|SunnyDay|[upkeep]\n|upkeep\n|turn|10\n|inactive|sjknjhlhf has 30 seconds left.\n|inactive|SycrasisEU has 30 seconds left.\n|\n|t:|1776502150\n|-end|p2a: Roaring Moon|Protosynthesis|[silent]\n|switch|p2a: Amoonguss|Amoonguss, L50, F, shiny, tera:Water|70/100\n|switch|p1a: Grimmsnarl|Grimmsnarl, L50, M|50/100\n|move|p2b: Incineroar|Flare Blitz|p1b: Calyrex\n|-supereffective|p1b: Calyrex\n|-damage|p1b: Calyrex|0 fnt\n|faint|p1b: Calyrex\n|-damage|p2b: Incineroar|21/100|[from] Recoil\n|\n|-weather|SunnyDay|[upkeep]\n|upkeep\n|c|\u2606SycrasisEU|tough game\n|\n|t:|1776502169\n|switch|p1b: Kyogre|Kyogre, L50|100/100\n|-weather|RainDance|[from] ability: Drizzle|[of] p1b: Kyogre\n|turn|11\n|\n|t:|1776502182\n|switch|p2b: Koraidon|Koraidon, L50|86/100\n|-weather|SunnyDay|[from] ability: Orichalcum Pulse|[of] p2b: Koraidon\n|-activate|p2b: Koraidon|Orichalcum Pulse|[source]\n|move|p1b: Kyogre|Water Spout|p2b: Koraidon|[spread] p2a,p2b\n|-resisted|p2a: Amoonguss\n|-resisted|p2b: Koraidon\n|-damage|p2a: Amoonguss|56/100\n|-damage|p2b: Koraidon|65/100\n|move|p1a: Grimmsnarl|Spirit Break|p2a: Amoonguss\n|-damage|p2a: Amoonguss|23/100\n|-unboost|p2a: Amoonguss|spa|1\n|-damage|p1a: Grimmsnarl|34/100|[from] item: Rocky Helmet|[of] p2a: Amoonguss\n|move|p2a: Amoonguss|Spore|p1b: Kyogre\n|-status|p1b: Kyogre|slp|[from] move: Spore\n|\n|-weather|SunnyDay|[upkeep]\n|upkeep\n|turn|12\n|inactive|sjknjhlhf has 30 seconds left.\n|\n|t:|1776502210\n|switch|p1b: Archaludon|Archaludon, L50, M|35/100\n|move|p2a: Amoonguss|Rage Powder|p2a: Amoonguss\n|-singleturn|p2a: Amoonguss|move: Rage Powder\n|move|p2b: Koraidon|Collision Course|p1a: Grimmsnarl\n|-damage|p1a: Grimmsnarl|0 fnt\n|faint|p1a: Grimmsnarl\n|\n|-weather|SunnyDay|[upkeep]\n|upkeep\n|\n|t:|1776502217\n|switch|p1a: Kyogre|Kyogre, L50|100/100 slp\n|-weather|RainDance|[from] ability: Drizzle|[of] p1a: Kyogre\n|turn|13\n|\n|t:|1776502228\n|switch|p2b: Incineroar|Incineroar, L50, F, shiny|21/100\n|-ability|p2b: Incineroar|Intimidate|boost\n|-unboost|p1a: Kyogre|atk|1\n|-unboost|p1b: Archaludon|atk|1\n|move|p2a: Amoonguss|Protect|p2a: Amoonguss\n|-singleturn|p2a: Amoonguss|Protect\n|cant|p1a: Kyogre|slp\n|move|p1b: Archaludon|Draco Meteor|p2b: Incineroar|[miss]\n|-miss|p1b: Archaludon|p2b: Incineroar\n|\n|-weather|RainDance|[upkeep]\n|upkeep\n|turn|14\n|\n|t:|1776502246\n|switch|p2a: Koraidon|Koraidon, L50|65/100\n|-weather|SunnyDay|[from] ability: Orichalcum Pulse|[of] p2a: Koraidon\n|-activate|p2a: Koraidon|Orichalcum Pulse|[source]\n|cant|p1a: Kyogre|slp\n|move|p1b: Archaludon|Electro Shot||[still]\n|-prepare|p1b: Archaludon|Electro Shot\n|-boost|p1b: Archaludon|spa|1\n|move|p2b: Incineroar|Parting Shot|p1a: Kyogre\n|-unboost|p1a: Kyogre|atk|1\n|-unboost|p1a: Kyogre|spa|1\n|c|\u2606sjknjhlhf|ahhhhhh\n|\n|t:|1776502257\n|switch|p2b: Amoonguss|Amoonguss, L50, F, shiny, tera:Water|56/100|[from] Parting Shot\n|\n|-weather|SunnyDay|[upkeep]\n|-sideend|p1: sjknjhlhf|move: Light Screen\n|upkeep\n|turn|15\n|\n|t:|1776502270\n|move|p2a: Koraidon|Collision Course|p1b: Archaludon\n|-supereffective|p1b: Archaludon\n|-damage|p1b: Archaludon|0 fnt\n|faint|p1b: Archaludon\n|cant|p1a: Kyogre|slp\n|move|p2b: Amoonguss|Sludge Bomb|p1a: Kyogre\n|-damage|p1a: Kyogre|84/100 slp\n|\n|-weather|SunnyDay|[upkeep]\n|upkeep\n|turn|16\n|\n|t:|1776502282\n|move|p2a: Koraidon|Collision Course|p1a: Kyogre\n|-damage|p1a: Kyogre|21/100 slp\n|-curestatus|p1a: Kyogre|slp|[msg]\n|move|p1a: Kyogre|Water Spout|p2b: Amoonguss|[spread] p2a,p2b\n|-resisted|p2a: Koraidon\n|-crit|p2a: Koraidon\n|-resisted|p2b: Amoonguss\n|-damage|p2a: Koraidon|58/100\n|-damage|p2b: Amoonguss|55/100\n|move|p2b: Amoonguss|Sludge Bomb|p1a: Kyogre\n|-damage|p1a: Kyogre|4/100\n|\n|-weather|SunnyDay|[upkeep]\n|upkeep\n|turn|17\n|-message|sjknjhlhf forfeited.\n|\n|win|SycrasisEU\n|raw|sjknjhlhf's rating: 1467 &rarr; <strong>1442</strong><br />(-25 for losing)\n|raw|SycrasisEU's rating: 1374 &rarr; <strong>1399</strong><br />(+25 for winning)\n|c|\u2606SycrasisEU|gg\n|c|\u2606sjknjhlhf|so annoying\n|c|\u2606sjknjhlhf|gg tho\n|c|\u2606SycrasisEU|yeah lol\n|c|\u2606SycrasisEU|wp\n|l|\u2606sjknjhlhf\n|player|p1|\n|l|\u2606SycrasisEU\n|player|p2|\n","uploadtime":1776502507,"views":8,"formatid":"gen9vgc2026regi","rating":1399,"private":0,"password":null}