{"id":"gen9vgc2026regi-2527970296","format":"[Gen 9] VGC 2026 Reg I","players":["Stayinawake","blackred123"],"log":"|j|\u2606Stayinawake\n|j|\u2606blackred123\n|t:|1769607083\n|gametype|doubles\n|player|p1|Stayinawake|doctor|1347\n|player|p2|blackred123|iono-masters|1481\n|gen|9\n|tier|[Gen 9] VGC 2026 Reg I\n|rated|\n|rule|Species Clause: Limit one of each Pok\u00e9mon\n|rule|Item Clause: Limit 1 of each item\n|clearpoke\n|poke|p1|Kyogre, L50|\n|poke|p1|Tornadus, L50, M|\n|poke|p1|Miraidon, L50|\n|poke|p1|Landorus, L50, M|\n|poke|p1|Electabuzz, L50, M|\n|poke|p1|Tsareena, L50, F|\n|poke|p2|Lunala, L50|\n|poke|p2|Koraidon, L50|\n|poke|p2|Chi-Yu, L50|\n|poke|p2|Flutter Mane, L50|\n|poke|p2|Brute Bonnet, L50|\n|poke|p2|Ursaluna, L50, F|\n|teampreview|4\n|inactive|Battle timer is ON: inactive players will automatically lose when time's up. (requested by blackred123)\n|\n|t:|1769607113\n|teamsize|p1|4\n|teamsize|p2|4\n|start\n|switch|p1a: Kyogre|Kyogre, L50|100/100\n|switch|p1b: Tornadus|Tornadus, L50, M|100/100\n|switch|p2a: Lunala|Lunala, L50, shiny|100/100\n|switch|p2b: Chi-Yu|Chi-Yu, L50|100/100\n|-ability|p2b: Chi-Yu|Beads of Ruin\n|-weather|RainDance|[from] ability: Drizzle|[of] p1a: Kyogre\n|turn|1\n|inactive|Stayinawake has 30 seconds left.\n|\n|t:|1769607142\n|switch|p2b: Koraidon|Koraidon, L50|100/100\n|-weather|SunnyDay|[from] ability: Orichalcum Pulse|[of] p2b: Koraidon\n|-activate|p2b: Koraidon|Orichalcum Pulse|[source]\n|move|p1a: Kyogre|Protect|p1a: Kyogre\n|-singleturn|p1a: Kyogre|Protect\n|move|p1b: Tornadus|Bleakwind Storm|p2b: Koraidon|[spread] p2a,p2b\n|-supereffective|p2b: Koraidon\n|-damage|p2a: Lunala|88/100\n|-damage|p2b: Koraidon|19/100\n|move|p2a: Lunala|Meteor Beam||[still]\n|-prepare|p2a: Lunala|Meteor Beam\n|-boost|p2a: Lunala|spa|1\n|-enditem|p2a: Lunala|Power Herb\n|-anim|p2a: Lunala|Meteor Beam|p1b: Tornadus\n|-supereffective|p1b: Tornadus\n|-enditem|p1b: Tornadus|Focus Sash\n|-damage|p1b: Tornadus|1/100\n|\n|-weather|SunnyDay|[upkeep]\n|upkeep\n|turn|2\n|inactive|blackred123 has 30 seconds left.\n|inactive|blackred123 has 20 seconds left.\n|\n|t:|1769607177\n|-terastallize|p1a: Kyogre|Water\n|move|p2a: Lunala|Wide Guard|p2a: Lunala\n|-singleturn|p2a: Lunala|Wide Guard\n|move|p1b: Tornadus|Rain Dance|p1b: Tornadus\n|-weather|RainDance\n|move|p2b: Koraidon|Flame Charge|p1b: Tornadus\n|-damage|p1b: Tornadus|0 fnt\n|-boost|p2b: Koraidon|spe|1\n|faint|p1b: Tornadus\n|-damage|p2b: Koraidon|9/100|[from] item: Life Orb\n|move|p1a: Kyogre|Origin Pulse|p2a: Lunala|[spread] \n|-activate|p2a: Lunala|move: Wide Guard\n|-activate|p2b: Koraidon|move: Wide Guard\n|\n|-weather|RainDance|[upkeep]\n|upkeep\n|\n|t:|1769607183\n|switch|p1b: Miraidon|Miraidon, L50|100/100\n|-fieldstart|move: Electric Terrain|[from] ability: Hadron Engine|[of] p1b: Miraidon\n|turn|3\n|\n|t:|1769607207\n|move|p2b: Koraidon|Close Combat|p1b: Miraidon\n|-damage|p1b: Miraidon|19/100\n|-unboost|p2b: Koraidon|def|1\n|-unboost|p2b: Koraidon|spd|1\n|-damage|p2b: Koraidon|0 fnt|[from] item: Life Orb\n|faint|p2b: Koraidon\n|move|p1b: Miraidon|Volt Switch|p2a: Lunala\n|-damage|p2a: Lunala|39/100\n|\n|t:|1769607213\n|switch|p1b: Electabuzz|Electabuzz, L50, M|100/100|[from] Volt Switch\n|move|p1a: Kyogre|Water Spout|p2a: Lunala\n|-damage|p2a: Lunala|0 fnt\n|faint|p2a: Lunala\n|\n|-weather|RainDance|[upkeep]\n|upkeep\n|\n|t:|1769607216\n|switch|p2b: Flutter Mane|Flutter Mane, L50|100/100\n|switch|p2a: Chi-Yu|Chi-Yu, L50|100/100\n|-ability|p2a: Chi-Yu|Beads of Ruin\n|turn|4\n|inactive|blackred123 has 30 seconds left.\n|inactive|blackred123 has 20 seconds left.\n|inactive|blackred123 has 15 seconds left.\n|\n|t:|1769607258\n|move|p1a: Kyogre|Protect|p1a: Kyogre\n|-singleturn|p1a: Kyogre|Protect\n|move|p2a: Chi-Yu|Snarl|p1b: Electabuzz|[spread] p1b\n|-activate|p1a: Kyogre|move: Protect\n|-crit|p1b: Electabuzz\n|-damage|p1b: Electabuzz|65/100\n|-unboost|p1b: Electabuzz|spa|1\n|move|p2b: Flutter Mane|Moonblast|p1a: Kyogre\n|-activate|p1a: Kyogre|move: Protect\n|move|p1b: Electabuzz|Electroweb|p2b: Flutter Mane|[spread] p2a,p2b\n|-damage|p2a: Chi-Yu|87/100\n|-damage|p2b: Flutter Mane|86/100\n|-unboost|p2a: Chi-Yu|spe|1\n|-unboost|p2b: Flutter Mane|spe|1\n|\n|-weather|RainDance|[upkeep]\n|upkeep\n|turn|5\n|\n|t:|1769607271\n|-terastallize|p2b: Flutter Mane|Stellar\n|move|p1b: Electabuzz|Electroweb|p2a: Chi-Yu|[spread] p2a,p2b\n|-damage|p2a: Chi-Yu|73/100\n|-damage|p2b: Flutter Mane|69/100\n|-unboost|p2a: Chi-Yu|spe|1\n|-unboost|p2b: Flutter Mane|spe|1\n|move|p1a: Kyogre|Water Spout|p2a: Chi-Yu|[spread] p2a,p2b\n|-supereffective|p2a: Chi-Yu\n|-damage|p2a: Chi-Yu|0 fnt\n|-damage|p2b: Flutter Mane|0 fnt\n|faint|p2a: Chi-Yu\n|faint|p2b: Flutter Mane\n|-end|p2b: Flutter Mane|Protosynthesis|[silent]\n|\n|win|Stayinawake\n|raw|Stayinawake's rating: 1347 &rarr; <strong>1374</strong><br />(+27 for winning)\n|raw|blackred123's rating: 1481 &rarr; <strong>1454</strong><br />(-27 for losing)\n|l|\u2606blackred123\n|player|p2|\n|n|\u2606Stayinawake@!|stayinawake\n","uploadtime":1769607476,"views":13,"formatid":"gen9vgc2026regi","rating":1374,"private":0,"password":null}