{"id":"gen9vgc2026regi-2516528294","format":"[Gen 9] VGC 2026 Reg I","players":["Fuck Cops","dasabe\u76d6\u6b27\u5361\u4fa0"],"log":"|j|\u203dFuck Cops\n|j|\u2606dasabe\u76d6\u6b27\u5361\u4fa0\n|t:|1768152330\n|gametype|doubles\n|player|p1|Fuck Cops|265|1301\n|player|p2|dasabe\u76d6\u6b27\u5361\u4fa0|may-masters4|1355\n|gen|9\n|tier|[Gen 9] VGC 2026 Reg I\n|rated|\n|rule|Species Clause: Limit one of each Pok\u00e9mon\n|rule|Item Clause: Limit 1 of each item\n|clearpoke\n|poke|p1|Kyogre, L50|\n|poke|p1|Whimsicott, L50, F|\n|poke|p1|Urshifu-*, L50, F|\n|poke|p1|Landorus, L50, M|\n|poke|p1|Zacian-*, L50|\n|poke|p1|Roaring Moon, L50|\n|poke|p2|Kyogre, L50|\n|poke|p2|Miraidon, L50|\n|poke|p2|Whimsicott, L50, F|\n|poke|p2|Iron Hands, L50|\n|poke|p2|Farigiraf, L50, F|\n|poke|p2|Urshifu-*, L50, M|\n|teampreview|4\n|inactive|Battle timer is ON: inactive players will automatically lose when time's up. (requested by Fuck Cops)\n|inactive|Fuck Cops has 60 seconds left.\n|\n|t:|1768152384\n|teamsize|p1|4\n|teamsize|p2|4\n|start\n|switch|p1a: Whimsicott|Whimsicott, L50, F|100/100\n|switch|p1b: Zacian|Zacian-Crowned, L50|100/100\n|switch|p2a: \u624b\u94f6|Iron Hands, L50, shiny|100/100\n|switch|p2b: \u5c0f\u5934\u63a7\u5927\u5934|Farigiraf, L50, F, shiny|100/100\n|-ability|p1b: Zacian|Intrepid Sword|boost\n|-boost|p1b: Zacian|atk|1\n|turn|1\n|\n|t:|1768152402\n|move|p1b: Zacian|Protect|p1b: Zacian\n|-singleturn|p1b: Zacian|Protect\n|move|p2a: \u624b\u94f6|Fake Out|p1b: Zacian\n|-activate|p1b: Zacian|move: Protect\n|move|p1a: Whimsicott|Moonblast|p2a: \u624b\u94f6\n|-supereffective|p2a: \u624b\u94f6\n|-damage|p2a: \u624b\u94f6|70/100\n|-unboost|p2a: \u624b\u94f6|spa|1\n|move|p2b: \u5c0f\u5934\u63a7\u5927\u5934|Trick Room|p2b: \u5c0f\u5934\u63a7\u5927\u5934\n|-fieldstart|move: Trick Room|[of] p2b: \u5c0f\u5934\u63a7\u5927\u5934\n|\n|upkeep\n|turn|2\n|\n|t:|1768152417\n|-terastallize|p2a: \u624b\u94f6|Water\n|move|p2b: \u5c0f\u5934\u63a7\u5927\u5934|Helping Hand|p2a: \u624b\u94f6\n|-singleturn|p2a: \u624b\u94f6|Helping Hand|[of] p2b: \u5c0f\u5934\u63a7\u5927\u5934\n|move|p2a: \u624b\u94f6|Low Kick|p1b: Zacian\n|-damage|p1b: Zacian|2/100\n|move|p1a: Whimsicott|Moonblast|p2a: \u624b\u94f6\n|-damage|p2a: \u624b\u94f6|54/100\n|move|p1b: Zacian|Play Rough|p2a: \u624b\u94f6\n|-damage|p2a: \u624b\u94f6|3/100\n|\n|upkeep\n|turn|3\n|\n|t:|1768152429\n|move|p1b: Zacian|Protect|p1b: Zacian\n|-singleturn|p1b: Zacian|Protect\n|move|p2a: \u624b\u94f6|Drain Punch|p1a: Whimsicott\n|-resisted|p1a: Whimsicott\n|-damage|p1a: Whimsicott|75/100\n|-heal|p2a: \u624b\u94f6|13/100|[from] drain|[of] p1a: Whimsicott\n|move|p2b: \u5c0f\u5934\u63a7\u5927\u5934|Psychic|p1a: Whimsicott\n|-damage|p1a: Whimsicott|26/100\n|move|p1a: Whimsicott|Moonblast|p2a: \u624b\u94f6\n|-damage|p2a: \u624b\u94f6|0 fnt\n|faint|p2a: \u624b\u94f6\n|-end|p2a: \u624b\u94f6|Quark Drive|[silent]\n|\n|upkeep\n|\n|t:|1768152435\n|switch|p2a: \u94f6\u91d1\u5996\u86c7|Miraidon, L50, shiny|100/100\n|-fieldstart|move: Electric Terrain|[from] ability: Hadron Engine|[of] p2a: \u94f6\u91d1\u5996\u86c7\n|-enditem|p2b: \u5c0f\u5934\u63a7\u5927\u5934|Electric Seed\n|-boost|p2b: \u5c0f\u5934\u63a7\u5927\u5934|def|1|[from] item: Electric Seed\n|turn|4\n|\n|t:|1768152458\n|move|p1a: Whimsicott|Light Screen|p1a: Whimsicott\n|-sidestart|p1: Fuck Cops|move: Light Screen\n|move|p2b: \u5c0f\u5934\u63a7\u5927\u5934|Psychic|p1a: Whimsicott\n|-damage|p1a: Whimsicott|0 fnt\n|faint|p1a: Whimsicott\n|move|p2a: \u94f6\u91d1\u5996\u86c7|Dazzling Gleam|p1b: Zacian\n|-resisted|p1b: Zacian\n|-damage|p1b: Zacian|0 fnt\n|faint|p1b: Zacian\n|-damage|p2a: \u94f6\u91d1\u5996\u86c7|91/100|[from] item: Life Orb\n|\n|upkeep\n|\n|t:|1768152463\n|switch|p1a: Urshifu|Urshifu-Rapid-Strike, L50, F|100/100\n|switch|p1b: Roaring Moon|Roaring Moon, L50|100/100\n|-enditem|p1b: Roaring Moon|Booster Energy\n|-activate|p1b: Roaring Moon|ability: Protosynthesis|[fromitem]\n|-start|p1b: Roaring Moon|protosynthesisspe\n|turn|5\n|\n|t:|1768152478\n|move|p2b: \u5c0f\u5934\u63a7\u5927\u5934|Psychic|p1a: Urshifu\n|-supereffective|p1a: Urshifu\n|-damage|p1a: Urshifu|41/100\n|move|p2a: \u94f6\u91d1\u5996\u86c7|Electro Drift|p1a: Urshifu\n|-supereffective|p1a: Urshifu\n|-damage|p1a: Urshifu|0 fnt\n|faint|p1a: Urshifu\n|-damage|p2a: \u94f6\u91d1\u5996\u86c7|81/100|[from] item: Life Orb\n|move|p1b: Roaring Moon|Knock Off|p2a: \u94f6\u91d1\u5996\u86c7\n|-damage|p2a: \u94f6\u91d1\u5996\u86c7|35/100\n|-enditem|p2a: \u94f6\u91d1\u5996\u86c7|Life Orb|[from] move: Knock Off|[of] p1b: Roaring Moon\n|\n|-fieldend|move: Trick Room\n|upkeep\n|turn|6\n|inactive|Fuck Cops has 30 seconds left.\n|j| Trobula72\n|inactive|Fuck Cops has 20 seconds left.\n|inactive|Fuck Cops has 15 seconds left.\n|\n|t:|1768152521\n|move|p1b: Roaring Moon|Knock Off|p2a: \u94f6\u91d1\u5996\u86c7\n|-damage|p2a: \u94f6\u91d1\u5996\u86c7|6/100\n|move|p2a: \u94f6\u91d1\u5996\u86c7|Draco Meteor|p1b: Roaring Moon\n|-supereffective|p1b: Roaring Moon\n|-damage|p1b: Roaring Moon|0 fnt\n|-unboost|p2a: \u94f6\u91d1\u5996\u86c7|spa|2\n|faint|p1b: Roaring Moon\n|-end|p1b: Roaring Moon|Protosynthesis|[silent]\n|\n|win|dasabe\u76d6\u6b27\u5361\u4fa0\n|raw|Fuck Cops's rating: 1301 &rarr; <strong>1284</strong><br />(-17 for losing)\n|raw|dasabe\u76d6\u6b27\u5361\u4fa0's rating: 1355 &rarr; <strong>1372</strong><br />(+17 for winning)\n|l|\u2606dasabe\u76d6\u6b27\u5361\u4fa0\n|player|p2|\n|l| Trobula72\n","uploadtime":1768152765,"views":14,"formatid":"gen9vgc2026regi","rating":1284,"private":0,"password":null}