{"id":"gen9vgc2026regi-2562355072","format":"[Gen 9] VGC 2026 Reg I","players":["boxofhams","terafireflareblitz"],"log":"|j|\u2606boxofhams\n|j|\u2606terafireflareblitz\n|t:|1773903363\n|gametype|doubles\n|player|p1|boxofhams|medium|1191\n|player|p2|terafireflareblitz|sycamore|1417\n|gen|9\n|tier|[Gen 9] VGC 2026 Reg I\n|rated|\n|rule|Species Clause: Limit one of each Pok\u00e9mon\n|rule|Item Clause: Limit 1 of each item\n|clearpoke\n|poke|p1|Farigiraf, L50, M|\n|poke|p1|Regieleki, L50|\n|poke|p1|Calyrex-Shadow, L50|\n|poke|p1|Zamazenta-*, L50|\n|poke|p1|Ogerpon-Wellspring, L50, F|\n|poke|p1|Incineroar, L50, M|\n|poke|p2|Koraidon, L50|\n|poke|p2|Lunala, L50|\n|poke|p2|Indeedee-F, L50, F|\n|poke|p2|Flutter Mane, L50|\n|poke|p2|Volcarona, L50, M|\n|poke|p2|Ursaluna, L50, F|\n|teampreview|4\n|inactive|Battle timer is ON: inactive players will automatically lose when time's up. (requested by terafireflareblitz)\n|inactive|boxofhams also wants the timer to be on.\n|\n|t:|1773903377\n|teamsize|p1|4\n|teamsize|p2|4\n|start\n|switch|p1a: Regieleki|Regieleki, L50|100/100\n|switch|p1b: Farigiraf|Farigiraf, L50, M|100/100\n|switch|p2a: Lunala|Lunala, L50, shiny|100/100\n|switch|p2b: Indeedee|Indeedee-F, L50, F|100/100\n|-fieldstart|move: Psychic Terrain|[from] ability: Psychic Surge|[of] p2b: Indeedee\n|turn|1\n|\n|t:|1773903390\n|move|p1a: Regieleki|Volt Switch|p2a: Lunala\n|-damage|p2a: Lunala|78/100\n|\n|t:|1773903393\n|switch|p1a: Calyrex|Calyrex-Shadow, L50|100/100|[from] Volt Switch\n|-ability|p1a: Calyrex|As One\n|-ability|p1a: Calyrex|Unnerve\n|move|p2a: Lunala|Moongeist Beam|p1a: Calyrex\n|-supereffective|p1a: Calyrex\n|-enditem|p1a: Calyrex|Focus Sash\n|-damage|p1a: Calyrex|1/100\n|move|p2b: Indeedee|Alluring Voice|p1a: Calyrex\n|-damage|p1a: Calyrex|0 fnt\n|faint|p1a: Calyrex\n|move|p1b: Farigiraf|Imprison|p1b: Farigiraf\n|-start|p1b: Farigiraf|move: Imprison\n|\n|upkeep\n|\n|t:|1773903407\n|switch|p1a: Ogerpon|Ogerpon-Wellspring, L50, F|100/100\n|turn|2\n|\n|t:|1773903414\n|-terastallize|p1a: Ogerpon|Water\n|detailschange|p1a: Ogerpon|Ogerpon-Wellspring-Tera, L50, F, tera:Water\n|-ability|p1a: Ogerpon|Embody Aspect (Wellspring)|boost\n|-boost|p1a: Ogerpon|spd|1\n|move|p2b: Indeedee|Helping Hand|p2a: Lunala\n|-singleturn|p2a: Lunala|Helping Hand|[of] p2b: Indeedee\n|move|p1a: Ogerpon|Ivy Cudgel|p2a: Lunala|[anim] Ivy Cudgel Water\n|-crit|p2a: Lunala\n|-damage|p2a: Lunala|0 fnt\n|faint|p2a: Lunala\n|move|p1b: Farigiraf|Hyper Voice|p2b: Indeedee\n|-damage|p2b: Indeedee|58/100\n|-enditem|p1b: Farigiraf|Throat Spray\n|-boost|p1b: Farigiraf|spa|1|[from] item: Throat Spray\n|\n|upkeep\n|\n|t:|1773903418\n|switch|p2a: Volcarona|Volcarona, L50, M|100/100\n|turn|3\n|\n|t:|1773903432\n|-terastallize|p2a: Volcarona|Water\n|move|p1a: Ogerpon|Ivy Cudgel|p2a: Volcarona|[anim] Ivy Cudgel Water\n|-resisted|p2a: Volcarona\n|-damage|p2a: Volcarona|63/100\n|move|p2a: Volcarona|Will-O-Wisp|p1a: Ogerpon|[miss]\n|-miss|p2a: Volcarona|p1a: Ogerpon\n|move|p2b: Indeedee|Alluring Voice|p1b: Farigiraf\n|-damage|p1b: Farigiraf|85/100\n|move|p1b: Farigiraf|Hyper Voice|p2a: Volcarona|[spread] p2a,p2b\n|-damage|p2a: Volcarona|25/100\n|-damage|p2b: Indeedee|17/100\n|\n|upkeep\n|turn|4\n|\n|t:|1773903444\n|move|p1a: Ogerpon|Spiky Shield|p1a: Ogerpon\n|-singleturn|p1a: Ogerpon|move: Protect\n|move|p2b: Indeedee|Follow Me|p2b: Indeedee\n|-singleturn|p2b: Indeedee|move: Follow Me\n|move|p2a: Volcarona|Struggle Bug|p1b: Farigiraf|[spread] p1b\n|-activate|p1a: Ogerpon|move: Protect\n|-supereffective|p1b: Farigiraf\n|-damage|p1b: Farigiraf|56/100\n|-unboost|p1b: Farigiraf|spa|1\n|move|p1b: Farigiraf|Hyper Voice|p2b: Indeedee|[spread] p2a,p2b\n|-crit|p2a: Volcarona\n|-crit|p2b: Indeedee\n|-damage|p2a: Volcarona|0 fnt\n|-damage|p2b: Indeedee|0 fnt\n|faint|p2a: Volcarona\n|faint|p2b: Indeedee\n|\n|upkeep\n|\n|t:|1773903445\n|switch|p2b: Koraidon|Koraidon, L50, shiny|100/100\n|-weather|SunnyDay|[from] ability: Orichalcum Pulse|[of] p2b: Koraidon\n|-activate|p2b: Koraidon|Orichalcum Pulse|[source]\n|turn|5\n|-message|terafireflareblitz forfeited.\n|\n|win|boxofhams\n|raw|boxofhams's rating: 1191 &rarr; <strong>1230</strong><br />(+39 for winning)\n|raw|terafireflareblitz's rating: 1417 &rarr; <strong>1386</strong><br />(-31 for losing)\n","uploadtime":1773903451,"views":10,"formatid":"gen9vgc2026regi","rating":1230,"private":0,"password":null}