{"id":"gen9vgc2026regi-2563927479","format":"[Gen 9] VGC 2026 Reg I","players":["TheManOfSausage","slimeslatt252"],"log":"|j|\u2606TheManOfSausage\n|j|\u2606slimeslatt252\n|t:|1774086239\n|gametype|doubles\n|player|p1|TheManOfSausage|miku-water|1427\n|player|p2|slimeslatt252|170|1531\n|gen|9\n|tier|[Gen 9] VGC 2026 Reg I\n|rated|\n|rule|Species Clause: Limit one of each Pok\u00e9mon\n|rule|Item Clause: Limit 1 of each item\n|clearpoke\n|poke|p1|Calyrex-Shadow, L50|\n|poke|p1|Miraidon, L50|\n|poke|p1|Clefairy, L50, M|\n|poke|p1|Rillaboom, L50, M|\n|poke|p1|Incineroar, L50, M|\n|poke|p1|Urshifu-*, L50, M|\n|poke|p2|Calyrex-Shadow, L50|\n|poke|p2|Koraidon, L50|\n|poke|p2|Incineroar, L50, M|\n|poke|p2|Raging Bolt, L50|\n|poke|p2|Brute Bonnet, L50|\n|poke|p2|Landorus, L50, M|\n|teampreview|4\n|inactive|Battle timer is ON: inactive players will automatically lose when time's up. (requested by slimeslatt252)\nTheManOfSausage has agreed to open team sheets.\n|\n|t:|1774086255\n|teamsize|p1|4\n|teamsize|p2|4\n|start\n|switch|p1a: Magical Mirai|Miraidon, L50|100/100\n|switch|p1b: Rice Shower|Calyrex-Shadow, L50|100/100\n|switch|p2a: Calyrex|Calyrex-Shadow, L50|100/100\n|switch|p2b: Incineroar|Incineroar, L50, M|100/100\n|-ability|p2a: Calyrex|As One\n|-ability|p2a: Calyrex|Unnerve\n|-ability|p1b: Rice Shower|As One\n|-ability|p1b: Rice Shower|Unnerve\n|-fieldstart|move: Electric Terrain|[from] ability: Hadron Engine|[of] p1a: Magical Mirai\n|-ability|p2b: Incineroar|Intimidate|boost\n|-unboost|p1a: Magical Mirai|atk|1\n|-unboost|p1b: Rice Shower|atk|1\n|turn|1\n|inactive|slimeslatt252 has 30 seconds left.\n|\n|t:|1774086283\n|-terastallize|p2a: Calyrex|Ghost\n|-terastallize|p1b: Rice Shower|Fairy\n|move|p1a: Magical Mirai|Snarl|p2a: Calyrex|[spread] p2a,p2b\n|-supereffective|p2a: Calyrex\n|-resisted|p2b: Incineroar\n|-damage|p2a: Calyrex|54/100\n|-damage|p2b: Incineroar|92/100\n|-unboost|p2a: Calyrex|spa|1\n|-unboost|p2b: Incineroar|spa|1\n|move|p2a: Calyrex|Astral Barrage|p1a: Magical Mirai|[spread] p1a,p1b\n|-damage|p1a: Magical Mirai|58/100\n|-damage|p1b: Rice Shower|53/100\n|move|p1b: Rice Shower|Nasty Plot|p1b: Rice Shower\n|-boost|p1b: Rice Shower|spa|2\n|move|p2b: Incineroar|Parting Shot|p1b: Rice Shower\n|-unboost|p1b: Rice Shower|atk|1\n|-unboost|p1b: Rice Shower|spa|1\n|j| junkho\n|l| junkho\n|\n|t:|1774086306\n|switch|p2b: Koraidon|Koraidon, L50|100/100|[from] Parting Shot\n|-weather|SunnyDay|[from] ability: Orichalcum Pulse|[of] p2b: Koraidon\n|-activate|p2b: Koraidon|Orichalcum Pulse|[source]\n|\n|-weather|SunnyDay|[upkeep]\n|upkeep\n|turn|2\n|\n|t:|1774086311\n|switch|p1a: Incineroar|Incineroar, L50, M, shiny|100/100\n|-ability|p1a: Incineroar|Intimidate|boost\n|-unboost|p2a: Calyrex|atk|1\n|-fail|p2b: Koraidon|unboost|[from] item: Clear Amulet|[of] p2b: Koraidon\n|move|p1b: Rice Shower|Protect|p1b: Rice Shower\n|-singleturn|p1b: Rice Shower|Protect\n|move|p2b: Koraidon|Protect|p2b: Koraidon\n|-singleturn|p2b: Koraidon|Protect\n|move|p2a: Calyrex|Astral Barrage|p1b: Rice Shower|[spread] p1a\n|-activate|p1b: Rice Shower|move: Protect\n|-resisted|p1a: Incineroar\n|-damage|p1a: Incineroar|77/100\n|\n|-weather|SunnyDay|[upkeep]\n|upkeep\n|turn|3\n|\n|t:|1774086321\n|switch|p2b: Incineroar|Incineroar, L50, M|92/100\n|-ability|p2b: Incineroar|Intimidate|boost\n|-unboost|p1a: Incineroar|atk|1\n|-unboost|p1b: Rice Shower|atk|1\n|move|p1a: Incineroar|Fake Out|p2b: Incineroar\n|-damage|p2b: Incineroar|86/100\n|-damage|p1a: Incineroar|60/100|[from] item: Rocky Helmet|[of] p2b: Incineroar\n|move|p2a: Calyrex|Encore|p1b: Rice Shower\n|-start|p1b: Rice Shower|Encore\n|move|p1b: Rice Shower|Protect||[still]\n|-fail|p1b: Rice Shower\n|\n|-weather|SunnyDay|[upkeep]\n|upkeep\n|turn|4\n|\n|t:|1774086333\n|switch|p1b: Magical Mirai|Miraidon, L50|58/100\n|-activate|p1b: Magical Mirai|ability: Hadron Engine\n|move|p2b: Incineroar|Helping Hand|p2a: Calyrex\n|-singleturn|p2a: Calyrex|Helping Hand|[of] p2b: Incineroar\n|move|p2a: Calyrex|Astral Barrage|p1b: Magical Mirai|[spread] p1a,p1b\n|-resisted|p1a: Incineroar\n|-damage|p1a: Incineroar|28/100\n|-damage|p1b: Magical Mirai|0 fnt\n|faint|p1b: Magical Mirai\n|-ability|p2a: Calyrex|Grim Neigh|boost\n|-boost|p2a: Calyrex|spa|1\n|move|p1a: Incineroar|Knock Off|p2a: Calyrex\n|-supereffective|p2a: Calyrex\n|-damage|p2a: Calyrex|0 fnt\n|-enditem|p2a: Calyrex|Focus Sash|[from] move: Knock Off|[of] p1a: Incineroar\n|faint|p2a: Calyrex\n|\n|-weather|SunnyDay|[upkeep]\n|upkeep\n|\n|t:|1774086345\n|switch|p2a: raging dingus|Raging Bolt, L50|100/100\n|switch|p1b: Rice Shower|Calyrex-Shadow, L50, tera:Fairy|53/100\n|-ability|p1b: Rice Shower|As One\n|-ability|p1b: Rice Shower|Unnerve\n|-activate|p2a: raging dingus|ability: Protosynthesis\n|-start|p2a: raging dingus|protosynthesisspa\n|turn|5\n|\n|t:|1774086354\n|move|p1b: Rice Shower|Protect|p1b: Rice Shower\n|-singleturn|p1b: Rice Shower|Protect\n|move|p2a: raging dingus|Thunderclap||[still]\n|-fail|p2a: raging dingus\n|move|p1a: Incineroar|Parting Shot|p2a: raging dingus\n|-unboost|p2a: raging dingus|atk|1\n|-unboost|p2a: raging dingus|spa|1\n|\n|t:|1774086357\n|switch|p1a: pipi|Clefairy, L50, M|100/100|[from] Parting Shot\n|move|p2b: Incineroar|Parting Shot|p1a: pipi\n|-unboost|p1a: pipi|atk|1\n|-unboost|p1a: pipi|spa|1\n|\n|t:|1774086361\n|switch|p2b: Koraidon|Koraidon, L50|100/100|[from] Parting Shot\n|-activate|p2b: Koraidon|ability: Orichalcum Pulse\n|\n|-weather|none\n|-end|p2a: raging dingus|Protosynthesis\n|-fieldend|move: Electric Terrain\n|upkeep\n|turn|6\n|\n|t:|1774086368\n|switch|p2b: Incineroar|Incineroar, L50, M|86/100\n|-ability|p2b: Incineroar|Intimidate|boost\n|-unboost|p1a: pipi|atk|1\n|-unboost|p1b: Rice Shower|atk|1\n|move|p1a: pipi|Helping Hand|p1b: Rice Shower\n|-singleturn|p1b: Rice Shower|Helping Hand|[of] p1a: pipi\n|move|p1b: Rice Shower|Draining Kiss|p2a: raging dingus\n|-supereffective|p2a: raging dingus\n|-damage|p2a: raging dingus|51/100\n|-heal|p1b: Rice Shower|97/100|[from] drain|[of] p2a: raging dingus\n|move|p2a: raging dingus|Volt Switch|p1a: pipi\n|-damage|p1a: pipi|78/100\n|\n|t:|1774086378\n|-end|p2a: raging dingus|Protosynthesis|[silent]\n|switch|p2a: Koraidon|Koraidon, L50|100/100|[from] Volt Switch\n|-weather|SunnyDay|[from] ability: Orichalcum Pulse|[of] p2a: Koraidon\n|-activate|p2a: Koraidon|Orichalcum Pulse|[source]\n|\n|-weather|SunnyDay|[upkeep]\n|upkeep\n|turn|7\n|\n|t:|1774086399\n|switch|p1a: Incineroar|Incineroar, L50, M, shiny|28/100\n|-ability|p1a: Incineroar|Intimidate|boost\n|-fail|p2a: Koraidon|unboost|[from] item: Clear Amulet|[of] p2a: Koraidon\n|-unboost|p2b: Incineroar|atk|1\n|move|p2b: Incineroar|Fake Out|p1b: Rice Shower\n|-damage|p1b: Rice Shower|89/100\n|move|p1b: Rice Shower|Draining Kiss|p2a: Koraidon\n|-supereffective|p2a: Koraidon\n|-damage|p2a: Koraidon|0 fnt\n|-heal|p1b: Rice Shower|100/100|[from] drain|[of] p2a: Koraidon\n|faint|p2a: Koraidon\n|-ability|p1b: Rice Shower|Grim Neigh|boost\n|-boost|p1b: Rice Shower|spa|1\n|\n|-weather|SunnyDay|[upkeep]\n|upkeep\n|\n|t:|1774086402\n|switch|p2a: raging dingus|Raging Bolt, L50|51/100\n|-activate|p2a: raging dingus|ability: Protosynthesis\n|-start|p2a: raging dingus|protosynthesisspa\n|turn|8\n|\n|t:|1774086410\n|move|p2b: Incineroar|Helping Hand|p2a: raging dingus\n|-singleturn|p2a: raging dingus|Helping Hand|[of] p2b: Incineroar\n|move|p1a: Incineroar|Fake Out|p2a: raging dingus\n|-damage|p2a: raging dingus|43/100\n|cant|p2a: raging dingus|flinch\n|move|p1b: Rice Shower|Nasty Plot|p1b: Rice Shower\n|-boost|p1b: Rice Shower|spa|2\n|\n|-weather|SunnyDay|[upkeep]\n|upkeep\n|turn|9\n|\n|t:|1774086423\n|move|p2b: Incineroar|Helping Hand|p2a: raging dingus\n|-singleturn|p2a: raging dingus|Helping Hand|[of] p2b: Incineroar\n|move|p1b: Rice Shower|Protect|p1b: Rice Shower\n|-singleturn|p1b: Rice Shower|Protect\n|move|p2a: raging dingus|Thunderbolt|p1a: Incineroar\n|-damage|p1a: Incineroar|0 fnt\n|faint|p1a: Incineroar\n|\n|-weather|SunnyDay|[upkeep]\n|upkeep\n|\n|t:|1774086426\n|switch|p1a: pipi|Clefairy, L50, M|78/100\n|turn|10\n|-message|slimeslatt252 forfeited.\n|\n|win|TheManOfSausage\n|raw|TheManOfSausage's rating: 1427 &rarr; <strong>1453</strong><br />(+26 for winning)\n|raw|slimeslatt252's rating: 1531 &rarr; <strong>1505</strong><br />(-26 for losing)\n|c|\u2606TheManOfSausage|gg\n","uploadtime":1774086583,"views":16,"formatid":"gen9vgc2026regi","rating":1453,"private":0,"password":null}