{"id":"gen9vgc2026regi-2568621677","format":"[Gen 9] VGC 2026 Reg I","players":["jd8erh","Galact7adi"],"log":"|j|\u2606jd8erh\n|j|\u2606Galact7adi\n|t:|1774606068\n|gametype|doubles\n|player|p1|jd8erh|101|1474\n|player|p2|Galact7adi|2|1515\n|gen|9\n|tier|[Gen 9] VGC 2026 Reg I\n|rated|\n|rule|Species Clause: Limit one of each Pok\u00e9mon\n|rule|Item Clause: Limit 1 of each item\n|clearpoke\n|poke|p1|Calyrex-Ice, L50|\n|poke|p1|Miraidon, L50|\n|poke|p1|Incineroar, L50, F|\n|poke|p1|Farigiraf, L50, F|\n|poke|p1|Volcarona, L50, F|\n|poke|p1|Grimmsnarl, L50, M|\n|poke|p2|Brute Bonnet, L50|\n|poke|p2|Lunala, L50|\n|poke|p2|Ursaluna, L50, M|\n|poke|p2|Chi-Yu, L50|\n|poke|p2|Koraidon, L50|\n|poke|p2|Flutter Mane, L50|\n|teampreview|4\n|inactive|Battle timer is ON: inactive players will automatically lose when time's up. (requested by Galact7adi)\n|inactive|jd8erh also wants the timer to be on.\njd8erh has agreed to open team sheets.\n|\n|t:|1774606092\n|teamsize|p1|4\n|teamsize|p2|4\n|start\n|switch|p1a: Calyrex|Calyrex-Ice, L50|100/100\n|switch|p1b: Volcarona|Volcarona, L50, F|100/100\n|switch|p2a: Lunala|Lunala, L50|100/100\n|switch|p2b: Brute Bonnet|Brute Bonnet, L50|100/100\n|-ability|p1a: Calyrex|As One\n|-ability|p1a: Calyrex|Unnerve\n|turn|1\n|\n|t:|1774606103\n|switch|p1a: Miraidon|Miraidon, L50|100/100\n|-fieldstart|move: Electric Terrain|[from] ability: Hadron Engine|[of] p1a: Miraidon\n|move|p1b: Volcarona|Overheat|p2b: Brute Bonnet\n|-supereffective|p2b: Brute Bonnet\n|-damage|p2b: Brute Bonnet|0 fnt\n|-unboost|p1b: Volcarona|spa|2\n|faint|p2b: Brute Bonnet\n|-end|p2b: Brute Bonnet|Protosynthesis|[silent]\n|move|p2a: Lunala|Meteor Beam||[still]\n|-prepare|p2a: Lunala|Meteor Beam\n|-boost|p2a: Lunala|spa|1\n|-enditem|p2a: Lunala|Power Herb\n|-anim|p2a: Lunala|Meteor Beam|p1b: Volcarona|[miss]\n|-miss|p2a: Lunala|p1b: Volcarona\n|\n|upkeep\n|\n|t:|1774606115\n|switch|p2b: Koraidon|Koraidon, L50|100/100\n|-weather|SunnyDay|[from] ability: Orichalcum Pulse|[of] p2b: Koraidon\n|-activate|p2b: Koraidon|Orichalcum Pulse|[source]\n|turn|2\n|\n|t:|1774606124\n|-terastallize|p2b: Koraidon|Fire\n|move|p1a: Miraidon|Draco Meteor|p2b: Koraidon\n|-damage|p2b: Koraidon|19/100\n|-unboost|p1a: Miraidon|spa|2\n|move|p2b: Koraidon|Close Combat|p1a: Miraidon\n|-damage|p1a: Miraidon|9/100\n|-unboost|p2b: Koraidon|def|1\n|-unboost|p2b: Koraidon|spd|1\n|-damage|p2b: Koraidon|9/100|[from] item: Life Orb\n|move|p1b: Volcarona|Struggle Bug|p2b: Koraidon|[spread] p2a,p2b\n|-resisted|p2b: Koraidon\n|-damage|p2a: Lunala|98/100\n|-damage|p2b: Koraidon|3/100\n|-unboost|p2a: Lunala|spa|1\n|-unboost|p2b: Koraidon|spa|1\n|move|p2a: Lunala|Moongeist Beam|p1b: Volcarona\n|-damage|p1b: Volcarona|49/100\n|\n|-weather|SunnyDay|[upkeep]\n|upkeep\n|turn|3\n|\n|t:|1774606140\n|move|p2b: Koraidon|Protect|p2b: Koraidon\n|-singleturn|p2b: Koraidon|Protect\n|move|p1a: Miraidon|Draco Meteor|p2a: Lunala\n|-damage|p2a: Lunala|71/100\n|-unboost|p1a: Miraidon|spa|2\n|move|p1b: Volcarona|Struggle Bug|p2a: Lunala|[spread] p2a\n|-activate|p2b: Koraidon|move: Protect\n|-damage|p2a: Lunala|66/100\n|-unboost|p2a: Lunala|spa|1\n|move|p2a: Lunala|Moongeist Beam|p1a: Miraidon\n|-damage|p1a: Miraidon|0 fnt\n|faint|p1a: Miraidon\n|\n|-weather|SunnyDay|[upkeep]\n|upkeep\n|\n|t:|1774606153\n|switch|p1a: Grimmsnarl|Grimmsnarl, L50, M|100/100\n|turn|4\n|\n|t:|1774606161\n|switch|p2a: Ursaluna|Ursaluna, L50, M|100/100\n|move|p1a: Grimmsnarl|Thunder Wave|p2b: Koraidon\n|-status|p2b: Koraidon|par\n|move|p1b: Volcarona|Struggle Bug|p2a: Ursaluna|[spread] p2a,p2b\n|-resisted|p2b: Koraidon\n|-damage|p2a: Ursaluna|92/100\n|-damage|p2b: Koraidon|0 fnt\n|-unboost|p2a: Ursaluna|spa|1\n|faint|p2b: Koraidon\n|\n|-weather|SunnyDay|[upkeep]\n|-status|p2a: Ursaluna|brn|[from] item: Flame Orb\n|upkeep\n|\n|t:|1774606168\n|switch|p2b: Lunala|Lunala, L50|66/100\n|turn|5\n|\n|t:|1774606176\n|move|p2b: Lunala|Wide Guard|p2b: Lunala\n|-singleturn|p2b: Lunala|Wide Guard\n|move|p1a: Grimmsnarl|Reflect|p1a: Grimmsnarl\n|-sidestart|p1: jd8erh|Reflect\n|move|p1b: Volcarona|Struggle Bug|p2b: Lunala|[spread] \n|-activate|p2a: Ursaluna|move: Wide Guard\n|-activate|p2b: Lunala|move: Wide Guard\n|move|p2a: Ursaluna|Earthquake|p1b: Volcarona|[spread] p1a,p1b\n|-activate|p2b: Lunala|move: Wide Guard\n|-damage|p1a: Grimmsnarl|49/100\n|-damage|p1b: Volcarona|0 fnt\n|faint|p1b: Volcarona\n|\n|-weather|SunnyDay|[upkeep]\n|-damage|p2a: Ursaluna|87/100 brn|[from] brn\n|-fieldend|move: Electric Terrain\n|upkeep\n|\n|t:|1774606178\n|switch|p1b: Calyrex|Calyrex-Ice, L50|100/100\n|-ability|p1b: Calyrex|As One\n|-ability|p1b: Calyrex|Unnerve\n|turn|6\n|\n|t:|1774606188\n|-terastallize|p1b: Calyrex|Water\n|move|p2b: Lunala|Wide Guard|p2b: Lunala\n|-singleturn|p2b: Lunala|Wide Guard\n|move|p1a: Grimmsnarl|Spirit Break|p2b: Lunala\n|-damage|p2b: Lunala|39/100\n|-unboost|p2b: Lunala|spa|1\n|move|p1b: Calyrex|Leech Seed|p2b: Lunala\n|-start|p2b: Lunala|move: Leech Seed\n|move|p2a: Ursaluna|Earthquake|p1a: Grimmsnarl|[spread] p1a,p1b\n|-activate|p2b: Lunala|move: Wide Guard\n|-damage|p1a: Grimmsnarl|0 fnt\n|-damage|p1b: Calyrex|72/100\n|faint|p1a: Grimmsnarl\n|\n|-weather|none\n|-heal|p1b: Calyrex|77/100|[from] item: Leftovers\n|-damage|p2b: Lunala|27/100|[from] Leech Seed|[of] p1b: Calyrex\n|-heal|p1b: Calyrex|91/100|[silent]\n|-damage|p2a: Ursaluna|81/100 brn|[from] brn\n|upkeep\n|turn|7\n|\n|t:|1774606206\n|move|p1b: Calyrex|Protect|p1b: Calyrex\n|-singleturn|p1b: Calyrex|Protect\n|move|p2a: Ursaluna|Facade|p1b: Calyrex\n|-activate|p1b: Calyrex|move: Protect\n|move|p2b: Lunala|Trick Room|p2b: Lunala\n|-fieldstart|move: Trick Room|[of] p2b: Lunala\n|\n|-heal|p1b: Calyrex|97/100|[from] item: Leftovers\n|-damage|p2b: Lunala|14/100|[from] Leech Seed|[of] p1b: Calyrex\n|-heal|p1b: Calyrex|100/100|[silent]\n|-damage|p2a: Ursaluna|75/100 brn|[from] brn\n|upkeep\n|turn|8\n|\n|t:|1774606214\n|move|p2b: Lunala|Wide Guard|p2b: Lunala\n|-singleturn|p2b: Lunala|Wide Guard\n|move|p2a: Ursaluna|Facade|p1b: Calyrex\n|-damage|p1b: Calyrex|48/100\n|move|p1b: Calyrex|Glacial Lance|p2b: Lunala|[spread] \n|-activate|p2a: Ursaluna|move: Wide Guard\n|-activate|p2b: Lunala|move: Wide Guard\n|\n|-heal|p1b: Calyrex|54/100|[from] item: Leftovers\n|-damage|p2b: Lunala|2/100|[from] Leech Seed|[of] p1b: Calyrex\n|-heal|p1b: Calyrex|68/100|[silent]\n|-damage|p2a: Ursaluna|69/100 brn|[from] brn\n|upkeep\n|turn|9\n|\n|t:|1774606224\n|move|p1b: Calyrex|Protect|p1b: Calyrex\n|-singleturn|p1b: Calyrex|Protect\n|move|p2a: Ursaluna|Facade|p1b: Calyrex\n|-activate|p1b: Calyrex|move: Protect\n|move|p2b: Lunala|Moongeist Beam|p1b: Calyrex\n|-activate|p1b: Calyrex|move: Protect\n|\n|-heal|p1b: Calyrex|73/100|[from] item: Leftovers\n|-damage|p2b: Lunala|0 fnt|[from] Leech Seed|[of] p1b: Calyrex\n|-heal|p1b: Calyrex|75/100|[silent]\n|faint|p2b: Lunala\n|-damage|p2a: Ursaluna|63/100 brn|[from] brn\n|upkeep\n|turn|10\n|\n|t:|1774606229\n|move|p2a: Ursaluna|Facade|p1b: Calyrex\n|-damage|p1b: Calyrex|28/100\n|move|p1b: Calyrex|Glacial Lance|p2a: Ursaluna\n|-supereffective|p2a: Ursaluna\n|-damage|p2a: Ursaluna|0 fnt\n|faint|p2a: Ursaluna\n|\n|win|jd8erh\n|raw|jd8erh's rating: 1474 &rarr; <strong>1496</strong><br />(+22 for winning)\n|raw|Galact7adi's rating: 1515 &rarr; <strong>1493</strong><br />(-22 for losing)\n|c|\u2606jd8erh|Gg\n|l|\u2606Galact7adi\n|player|p2|\n|l|\u2606jd8erh\n|player|p1|\n","uploadtime":1774606439,"views":15,"formatid":"gen9vgc2026regi","rating":1493,"private":0,"password":null}