{"id":"gen9vgc2026regi-2561361528","format":"[Gen 9] VGC 2026 Reg I","players":["renlovgc","SnorlaxPikachu1"],"log":"|j|\u2606renlovgc\n|j|\u2606SnorlaxPikachu1\n|t:|1773787887\n|gametype|doubles\n|player|p1|renlovgc|265|1457\n|player|p2|SnorlaxPikachu1|palmer|1657\n|gen|9\n|tier|[Gen 9] VGC 2026 Reg I\n|rated|\n|rule|Species Clause: Limit one of each Pok\u00e9mon\n|rule|Item Clause: Limit 1 of each item\n|clearpoke\n|poke|p1|Calyrex-Shadow, L50|\n|poke|p1|Zamazenta-*, L50|\n|poke|p1|Urshifu-*, L50, M|\n|poke|p1|Incineroar, L50, F|\n|poke|p1|Rillaboom, L50, M|\n|poke|p1|Chien-Pao, L50|\n|poke|p2|Koraidon, L50|\n|poke|p2|Calyrex-Shadow, L50|\n|poke|p2|Roaring Moon, L50|\n|poke|p2|Ogerpon-Hearthflame, L50, F|\n|poke|p2|Incineroar, L50, M|\n|poke|p2|Flutter Mane, L50|\n|teampreview|4\n|inactive|Battle timer is ON: inactive players will automatically lose when time's up. (requested by renlovgc)\n|inactive|renlovgc has 60 seconds left.\n|\n|t:|1773787924\n|teamsize|p1|4\n|teamsize|p2|4\n|start\n|switch|p1a: Incineroar|Incineroar, L50, F|100/100\n|switch|p1b: Calyrex|Calyrex-Shadow, L50|100/100\n|switch|p2a: Roaring Moon|Roaring Moon, L50|100/100\n|switch|p2b: Koraidon|Koraidon, L50|100/100\n|-ability|p1b: Calyrex|As One\n|-ability|p1b: Calyrex|Unnerve\n|-weather|SunnyDay|[from] ability: Orichalcum Pulse|[of] p2b: Koraidon\n|-activate|p2a: Roaring Moon|ability: Protosynthesis\n|-start|p2a: Roaring Moon|protosynthesisspe\n|-activate|p2b: Koraidon|Orichalcum Pulse|[source]\n|-ability|p1a: Incineroar|Intimidate|boost\n|-unboost|p2a: Roaring Moon|atk|1\n|-unboost|p2b: Koraidon|atk|1\n|turn|1\n|\n|t:|1773787944\n|-terastallize|p1b: Calyrex|Dark\n|move|p2b: Koraidon|Protect|p2b: Koraidon\n|-singleturn|p2b: Koraidon|Protect\n|move|p1a: Incineroar|Fake Out|p2b: Koraidon\n|-activate|p2b: Koraidon|move: Protect\n|move|p2a: Roaring Moon|Tailwind|p2a: Roaring Moon\n|-sidestart|p2: SnorlaxPikachu1|move: Tailwind\n|move|p1b: Calyrex|Nasty Plot|p1b: Calyrex\n|-boost|p1b: Calyrex|spa|2\n|\n|-weather|SunnyDay|[upkeep]\n|upkeep\n|turn|2\n|inactive|renlovgc has 30 seconds left.\n|\n|t:|1773787973\n|switch|p1a: Chien-Pao|Chien-Pao, L50|100/100\n|-ability|p1a: Chien-Pao|Sword of Ruin\n|move|p1b: Calyrex|Protect|p1b: Calyrex\n|-singleturn|p1b: Calyrex|Protect\n|move|p2a: Roaring Moon|Taunt|p1a: Chien-Pao\n|-start|p1a: Chien-Pao|move: Taunt\n|move|p2b: Koraidon|Close Combat|p1b: Calyrex\n|-activate|p1b: Calyrex|move: Protect\n|\n|-weather|SunnyDay|[upkeep]\n|upkeep\n|turn|3\n|inactive|renlovgc has 30 seconds left.\n|\n|t:|1773788003\n|switch|p1b: Incineroar|Incineroar, L50, F|100/100\n|-ability|p1b: Incineroar|Intimidate|boost\n|-unboost|p2a: Roaring Moon|atk|1\n|-unboost|p2b: Koraidon|atk|1\n|-terastallize|p2b: Koraidon|Fire\n|move|p2a: Roaring Moon|Knock Off|p1a: Chien-Pao\n|-resisted|p1a: Chien-Pao\n|-damage|p1a: Chien-Pao|86/100\n|-enditem|p1a: Chien-Pao|Covert Cloak|[from] move: Knock Off|[of] p2a: Roaring Moon\n|move|p2b: Koraidon|Close Combat|p1b: Incineroar\n|-supereffective|p1b: Incineroar\n|-damage|p1b: Incineroar|0 fnt\n|-unboost|p2b: Koraidon|def|1\n|-unboost|p2b: Koraidon|spd|1\n|faint|p1b: Incineroar\n|-damage|p2b: Koraidon|91/100|[from] item: Life Orb\n|move|p1a: Chien-Pao|Ice Spinner|p2a: Roaring Moon\n|-supereffective|p2a: Roaring Moon\n|-damage|p2a: Roaring Moon|0 fnt\n|faint|p2a: Roaring Moon\n|-end|p2a: Roaring Moon|Protosynthesis|[silent]\n|\n|-weather|SunnyDay|[upkeep]\n|upkeep\n|\n|t:|1773788024\n|switch|p2a: Flutter Mane|Flutter Mane, L50|100/100\n|switch|p1b: Calyrex|Calyrex-Shadow, L50, tera:Dark|100/100\n|-ability|p1b: Calyrex|As One\n|-ability|p1b: Calyrex|Unnerve\n|-activate|p2a: Flutter Mane|ability: Protosynthesis\n|-start|p2a: Flutter Mane|protosynthesisspe\n|turn|4\n|\n|t:|1773788047\n|move|p1b: Calyrex|Protect|p1b: Calyrex\n|-singleturn|p1b: Calyrex|Protect\n|move|p1a: Chien-Pao|Sucker Punch|p2b: Koraidon\n|-crit|p2b: Koraidon\n|-damage|p2b: Koraidon|0 fnt\n|faint|p2b: Koraidon\n|move|p2a: Flutter Mane|Moonblast|p1b: Calyrex\n|-activate|p1b: Calyrex|move: Protect\n|\n|-weather|SunnyDay|[upkeep]\n|-end|p1a: Chien-Pao|move: Taunt\n|-sideend|p2: SnorlaxPikachu1|move: Tailwind\n|upkeep\n|\n|t:|1773788052\n|switch|p2b: Calyrex|Calyrex-Shadow, L50|100/100\n|-ability|p2b: Calyrex|As One\n|-ability|p2b: Calyrex|Unnerve\n|turn|5\n|\n|t:|1773788066\n|move|p1a: Chien-Pao|Sucker Punch|p2a: Flutter Mane\n|-damage|p2a: Flutter Mane|0 fnt\n|faint|p2a: Flutter Mane\n|-end|p2a: Flutter Mane|Protosynthesis|[silent]\n|move|p2b: Calyrex|Encore|p1b: Calyrex\n|-start|p1b: Calyrex|Encore\n|move|p1b: Calyrex|Protect||[still]\n|-fail|p1b: Calyrex\n|\n|-weather|none\n|upkeep\n|turn|6\n|\n|t:|1773788077\n|switch|p1b: Zamazenta|Zamazenta-Crowned, L50|100/100\n|-ability|p1b: Zamazenta|Dauntless Shield|boost\n|-boost|p1b: Zamazenta|def|1\n|move|p1a: Chien-Pao|Sucker Punch||[still]\n|-fail|p1a: Chien-Pao\n|move|p2b: Calyrex|Encore|p1a: Chien-Pao\n|-start|p1a: Chien-Pao|Encore\n|\n|upkeep\n|turn|7\n|\n|t:|1773788089\n|move|p2b: Calyrex|Protect|p2b: Calyrex\n|-singleturn|p2b: Calyrex|Protect\n|move|p1a: Chien-Pao|Sucker Punch||[still]\n|-fail|p1a: Chien-Pao\n|move|p1b: Zamazenta|Heavy Slam|p2b: Calyrex\n|-activate|p2b: Calyrex|move: Protect\n|\n|upkeep\n|turn|8\n|\n|t:|1773788093\n|move|p2b: Calyrex|Protect||[still]\n|-fail|p2b: Calyrex\n|move|p1a: Chien-Pao|Sucker Punch||[still]\n|-fail|p1a: Chien-Pao\n|move|p1b: Zamazenta|Heavy Slam|p2b: Calyrex\n|-damage|p2b: Calyrex|19/100\n|\n|upkeep\n|turn|9\n|-message|SnorlaxPikachu1 forfeited.\n|\n|win|renlovgc\n|raw|renlovgc's rating: 1457 &rarr; <strong>1487</strong><br />(+30 for winning)\n|raw|SnorlaxPikachu1's rating: 1657 &rarr; <strong>1627</strong><br />(-30 for losing)\n|l|\u2606SnorlaxPikachu1\n|player|p2|\n|l|\u2606renlovgc\n|player|p1|\n","uploadtime":1773788265,"views":13,"formatid":"gen9vgc2026regi","rating":1487,"private":0,"password":null}