{"id":"gen9vgc2026regi-2569068169","format":"[Gen 9] VGC 2026 Reg I","players":["mrguy888","pigs2fly"],"log":"|j|\u2606mrguy888\n|j|\u2606pigs2fly\n|t:|1774645829\n|gametype|doubles\n|player|p1|mrguy888|noland-gen3|1516\n|player|p2|pigs2fly|dexio|1562\n|gen|9\n|tier|[Gen 9] VGC 2026 Reg I\n|rated|\n|rule|Species Clause: Limit one of each Pok\u00e9mon\n|rule|Item Clause: Limit 1 of each item\n|clearpoke\n|poke|p1|Rillaboom, L50, M|\n|poke|p1|Calyrex-Ice, L50|\n|poke|p1|Amoonguss, L50, F|\n|poke|p1|Kyogre, L50|\n|poke|p1|Flutter Mane, L50|\n|poke|p1|Urshifu-*, L50, M|\n|poke|p2|Annihilape, L50, M|\n|poke|p2|Tornadus, L50, M|\n|poke|p2|Dondozo, L50, M|\n|poke|p2|Tatsugiri, L50, F|\n|poke|p2|Zacian-*, L50|\n|poke|p2|Kyogre, L50|\n|teampreview|4\n|inactive|Battle timer is ON: inactive players will automatically lose when time's up. (requested by mrguy888)\n|inactive|mrguy888 has 60 seconds left.\n|\n|t:|1774645878\n|teamsize|p1|4\n|teamsize|p2|4\n|start\n|switch|p1a: Kyogre|Kyogre, L50|100/100\n|switch|p1b: Amoonguss|Amoonguss, L50, F|100/100\n|switch|p2a: Kyogre|Kyogre, L50|100/100\n|switch|p2b: Zacian|Zacian-Crowned, L50, shiny|100/100\n|-ability|p2b: Zacian|Intrepid Sword|boost\n|-boost|p2b: Zacian|atk|1\n|-weather|RainDance|[from] ability: Drizzle|[of] p1a: Kyogre\n|turn|1\n|\n|t:|1774645893\n|move|p1b: Amoonguss|Rage Powder|p1b: Amoonguss\n|-singleturn|p1b: Amoonguss|move: Rage Powder\n|move|p2b: Zacian|Play Rough|p1b: Amoonguss\n|-resisted|p1b: Amoonguss\n|-crit|p1b: Amoonguss\n|-damage|p1b: Amoonguss|48/100\n|-unboost|p1b: Amoonguss|atk|1\n|-damage|p2b: Zacian|84/100|[from] item: Rocky Helmet|[of] p1b: Amoonguss\n|move|p1a: Kyogre|Water Spout|p2a: Kyogre|[spread] p2a,p2b\n|-resisted|p2a: Kyogre\n|-damage|p2a: Kyogre|76/100\n|-damage|p2b: Zacian|0 fnt\n|faint|p2b: Zacian\n|move|p2a: Kyogre|Ice Beam|p1b: Amoonguss\n|-supereffective|p1b: Amoonguss\n|-damage|p1b: Amoonguss|0 fnt\n|faint|p1b: Amoonguss\n|\n|-weather|RainDance|[upkeep]\n|upkeep\n|\n|t:|1774645908\n|switch|p2b: Dondozo|Dondozo, L50, M|100/100\n|switch|p1b: Rillaboom|Rillaboom, L50, M|100/100\n|-fieldstart|move: Grassy Terrain|[from] ability: Grassy Surge|[of] p1b: Rillaboom\n|turn|2\n|\n|t:|1774645927\n|move|p2b: Dondozo|Protect|p2b: Dondozo\n|-singleturn|p2b: Dondozo|Protect\n|move|p1b: Rillaboom|Fake Out|p2b: Dondozo\n|-activate|p2b: Dondozo|move: Protect\n|move|p1a: Kyogre|Water Spout|p2b: Dondozo|[spread] p2a\n|-activate|p2b: Dondozo|move: Protect\n|-resisted|p2a: Kyogre\n|-damage|p2a: Kyogre|50/100\n|move|p2a: Kyogre|Origin Pulse|p1b: Rillaboom|[spread] \n|-miss|p2a: Kyogre|p1a: Kyogre\n|-miss|p2a: Kyogre|p1b: Rillaboom\n|\n|-weather|RainDance|[upkeep]\n|-heal|p2a: Kyogre|55/100|[from] Grassy Terrain\n|upkeep\n|turn|3\n|\n|t:|1774645943\n|switch|p2a: Tatsugiri|Tatsugiri, L50, F|100/100\n|-activate|p2a: Tatsugiri|ability: Commander|[of] p2b: Dondozo\n|-boost|p2b: Dondozo|atk|2\n|-boost|p2b: Dondozo|spa|2\n|-boost|p2b: Dondozo|spe|2\n|-boost|p2b: Dondozo|def|2\n|-boost|p2b: Dondozo|spd|2\n|-terastallize|p2b: Dondozo|Grass\n|move|p1b: Rillaboom|Wood Hammer|p2b: Dondozo\n|-resisted|p2b: Dondozo\n|-damage|p2b: Dondozo|89/100\n|-damage|p1b: Rillaboom|96/100|[from] Recoil\n|move|p1a: Kyogre|Water Spout|p2a: Tatsugiri|[spread] p2b\n|-miss|p1a: Kyogre|p2a: Tatsugiri\n|-resisted|p2b: Dondozo\n|-damage|p2b: Dondozo|64/100\n|move|p2b: Dondozo|Order Up|p1a: Kyogre\n|-damage|p1a: Kyogre|54/100\n|-boost|p2b: Dondozo|atk|1\n|\n|-weather|RainDance|[upkeep]\n|-heal|p1b: Rillaboom|100/100|[from] Grassy Terrain\n|-heal|p1a: Kyogre|60/100|[from] Grassy Terrain\n|-heal|p2b: Dondozo|70/100|[from] Grassy Terrain\n|-heal|p2b: Dondozo|76/100|[from] item: Leftovers\n|upkeep\n|turn|4\n|\n|t:|1774645967\n|switch|p1b: Calyrex|Calyrex-Ice, L50|100/100\n|-ability|p1b: Calyrex|As One\n|-ability|p1b: Calyrex|Unnerve\n|move|p1a: Kyogre|Hydro Pump|p2b: Dondozo\n|-resisted|p2b: Dondozo\n|-damage|p2b: Dondozo|52/100\n|move|p2b: Dondozo|Order Up|p1a: Kyogre\n|-damage|p1a: Kyogre|4/100\n|-boost|p2b: Dondozo|atk|1\n|\n|-weather|RainDance|[upkeep]\n|-heal|p1a: Kyogre|10/100|[from] Grassy Terrain\n|-heal|p2b: Dondozo|58/100|[from] Grassy Terrain\n|-heal|p2b: Dondozo|64/100|[from] item: Leftovers\n|upkeep\n|turn|5\n|\n|t:|1774645992\n|move|p1a: Kyogre|Protect|p1a: Kyogre\n|-singleturn|p1a: Kyogre|Protect\n|move|p2b: Dondozo|Order Up|p1a: Kyogre\n|-activate|p1a: Kyogre|move: Protect\n|move|p1b: Calyrex|Trick Room|p1b: Calyrex\n|-fieldstart|move: Trick Room|[of] p1b: Calyrex\n|\n|-weather|none\n|-heal|p2b: Dondozo|70/100|[from] Grassy Terrain\n|-heal|p2b: Dondozo|77/100|[from] item: Leftovers\n|-heal|p1a: Kyogre|16/100|[from] Grassy Terrain\n|upkeep\n|turn|6\n|\n|t:|1774646007\n|move|p1b: Calyrex|Glacial Lance|p2a: Tatsugiri|[spread] p2b\n|-miss|p1b: Calyrex|p2a: Tatsugiri\n|-supereffective|p2b: Dondozo\n|-damage|p2b: Dondozo|46/100\n|move|p2b: Dondozo|Order Up|p1a: Kyogre\n|-damage|p1a: Kyogre|0 fnt\n|faint|p1a: Kyogre\n|-boost|p2b: Dondozo|atk|1\n|\n|-heal|p2b: Dondozo|52/100|[from] Grassy Terrain\n|-heal|p2b: Dondozo|58/100|[from] item: Leftovers\n|-fieldend|move: Grassy Terrain\n|upkeep\n|\n|t:|1774646019\n|switch|p1a: Rillaboom|Rillaboom, L50, M|100/100\n|-fieldstart|move: Grassy Terrain|[from] ability: Grassy Surge|[of] p1a: Rillaboom\n|turn|7\n|inactive|mrguy888 has 30 seconds left.\n|\n|t:|1774646049\n|move|p1b: Calyrex|Protect|p1b: Calyrex\n|-singleturn|p1b: Calyrex|Protect\n|move|p2b: Dondozo|Protect|p2b: Dondozo\n|-singleturn|p2b: Dondozo|Protect\n|move|p1a: Rillaboom|Fake Out|p2b: Dondozo\n|-activate|p2b: Dondozo|move: Protect\n|\n|-heal|p2b: Dondozo|65/100|[from] Grassy Terrain\n|-heal|p2b: Dondozo|71/100|[from] item: Leftovers\n|upkeep\n|turn|8\n|\n|t:|1774646067\n|-terastallize|p1b: Calyrex|Fairy\n|move|p1b: Calyrex|Glacial Lance|p2a: Tatsugiri|[spread] p2b\n|-miss|p1b: Calyrex|p2a: Tatsugiri\n|-supereffective|p2b: Dondozo\n|-damage|p2b: Dondozo|40/100\n|move|p2b: Dondozo|Order Up|p1a: Rillaboom\n|-damage|p1a: Rillaboom|28/100\n|-boost|p2b: Dondozo|atk|1\n|move|p1a: Rillaboom|U-turn|p2b: Dondozo\n|-supereffective|p2b: Dondozo\n|-damage|p2b: Dondozo|24/100\n|\n|-heal|p2b: Dondozo|30/100|[from] Grassy Terrain\n|-heal|p2b: Dondozo|37/100|[from] item: Leftovers\n|-heal|p1a: Rillaboom|35/100|[from] Grassy Terrain\n|upkeep\n|turn|9\n|inactive|mrguy888 has 30 seconds left.\n|\n|t:|1774646092\n|move|p2b: Dondozo|Protect|p2b: Dondozo\n|-singleturn|p2b: Dondozo|Protect\n|move|p1a: Rillaboom|Grassy Glide|p2b: Dondozo\n|-activate|p2b: Dondozo|move: Protect\n|move|p1b: Calyrex|Glacial Lance|p2b: Dondozo|[spread] \n|-miss|p1b: Calyrex|p2a: Tatsugiri\n|-activate|p2b: Dondozo|move: Protect\n|\n|-heal|p2b: Dondozo|43/100|[from] Grassy Terrain\n|-heal|p2b: Dondozo|49/100|[from] item: Leftovers\n|-heal|p1a: Rillaboom|41/100|[from] Grassy Terrain\n|-fieldend|move: Trick Room\n|upkeep\n|turn|10\n|\n|t:|1774646098\n|move|p1a: Rillaboom|Wood Hammer|p2b: Dondozo\n|-resisted|p2b: Dondozo\n|-damage|p2b: Dondozo|38/100\n|-damage|p1a: Rillaboom|36/100|[from] Recoil\n|move|p2b: Dondozo|Order Up|p1a: Rillaboom\n|-damage|p1a: Rillaboom|0 fnt\n|faint|p1a: Rillaboom\n|-boost|p2b: Dondozo|atk|0\n|move|p1b: Calyrex|Glacial Lance|p2a: Tatsugiri|[spread] p2b\n|-miss|p1b: Calyrex|p2a: Tatsugiri\n|-supereffective|p2b: Dondozo\n|-damage|p2b: Dondozo|5/100\n|\n|-heal|p2b: Dondozo|12/100|[from] Grassy Terrain\n|-heal|p2b: Dondozo|18/100|[from] item: Leftovers\n|upkeep\n|turn|11\n|\n|t:|1774646114\n|move|p2b: Dondozo|Heavy Slam|p1b: Calyrex\n|-supereffective|p1b: Calyrex\n|-damage|p1b: Calyrex|53/100\n|move|p1b: Calyrex|Glacial Lance|p2a: Tatsugiri|[spread] p2b\n|-miss|p1b: Calyrex|p2a: Tatsugiri\n|-supereffective|p2b: Dondozo\n|-damage|p2b: Dondozo|0 fnt\n|faint|p2b: Dondozo\n|-ability|p1b: Calyrex|Chilling Neigh|boost\n|-boost|p1b: Calyrex|atk|1\n|\n|-heal|p1b: Calyrex|59/100|[from] Grassy Terrain\n|-heal|p1b: Calyrex|65/100|[from] item: Leftovers\n|-fieldend|move: Grassy Terrain\n|upkeep\n|\n|t:|1774646122\n|switch|p2b: Kyogre|Kyogre, L50|55/100\n|-weather|RainDance|[from] ability: Drizzle|[of] p2b: Kyogre\n|turn|12\n|\n|t:|1774646136\n|move|p2a: Tatsugiri|Helping Hand|p2b: Kyogre\n|-singleturn|p2b: Kyogre|Helping Hand|[of] p2a: Tatsugiri\n|move|p1b: Calyrex|Protect|p1b: Calyrex\n|-singleturn|p1b: Calyrex|Protect\n|move|p2b: Kyogre|Water Spout|p1b: Calyrex\n|-activate|p1b: Calyrex|move: Protect\n|\n|-weather|RainDance|[upkeep]\n|-heal|p1b: Calyrex|71/100|[from] item: Leftovers\n|upkeep\n|turn|13\n|\n|t:|1774646143\n|move|p2a: Tatsugiri|Helping Hand|p2b: Kyogre\n|-singleturn|p2b: Kyogre|Helping Hand|[of] p2a: Tatsugiri\n|move|p2b: Kyogre|Water Spout|p1b: Calyrex\n|-damage|p1b: Calyrex|4/100\n|move|p1b: Calyrex|Glacial Lance|p2b: Kyogre|[spread] p2a,p2b\n|-resisted|p2b: Kyogre\n|-enditem|p2a: Tatsugiri|Focus Sash\n|-damage|p2a: Tatsugiri|1/100\n|-damage|p2b: Kyogre|22/100\n|\n|-weather|RainDance|[upkeep]\n|-heal|p1b: Calyrex|10/100|[from] item: Leftovers\n|upkeep\n|turn|14\n|\n|t:|1774646151\n|move|p1b: Calyrex|Protect|p1b: Calyrex\n|-singleturn|p1b: Calyrex|Protect\n|move|p2a: Tatsugiri|Muddy Water|p1b: Calyrex\n|-activate|p1b: Calyrex|move: Protect\n|move|p2b: Kyogre|Ice Beam|p1b: Calyrex\n|-activate|p1b: Calyrex|move: Protect\n|\n|-weather|RainDance|[upkeep]\n|-heal|p1b: Calyrex|15/100|[from] item: Leftovers\n|upkeep\n|turn|15\n|\n|t:|1774646159\n|move|p2a: Tatsugiri|Muddy Water|p1b: Calyrex\n|-damage|p1b: Calyrex|0 fnt\n|faint|p1b: Calyrex\n|\n|win|pigs2fly\n|raw|mrguy888's rating: 1516 &rarr; <strong>1499</strong><br />(-17 for losing)\n|raw|pigs2fly's rating: 1562 &rarr; <strong>1579</strong><br />(+17 for winning)\n|l|\u2606mrguy888\n|player|p1|\n|l|\u2606pigs2fly\n|player|p2|\n","uploadtime":1774646431,"views":20,"formatid":"gen9vgc2026regi","rating":1499,"private":0,"password":null}