{"id":"gen9vgc2026regi-2560860458","format":"[Gen 9] VGC 2026 Reg I","players":["San gerger","huanyu0.0"],"log":"|j|\u2606San gerger\n|j|\u2606huanyu0.0\n|t:|1773739080\n|gametype|doubles\n|player|p1|San gerger|101|1403\n|player|p2|huanyu0.0|265|1434\n|gen|9\n|tier|[Gen 9] VGC 2026 Reg I\n|rated|\n|rule|Species Clause: Limit one of each Pok\u00e9mon\n|rule|Item Clause: Limit 1 of each item\n|clearpoke\n|poke|p1|Calyrex-Ice, L50|\n|poke|p1|Miraidon, L50|\n|poke|p1|Landorus, L50, M|\n|poke|p1|Incineroar, L50, M|\n|poke|p1|Flamigo, L50, F|\n|poke|p1|Flutter Mane, L50|\n|poke|p2|Calyrex-Shadow, L50|\n|poke|p2|Zamazenta-*, L50|\n|poke|p2|Rillaboom, L50, F|\n|poke|p2|Incineroar, L50, F|\n|poke|p2|Urshifu-*, L50, F|\n|poke|p2|Tornadus, L50, M|\n|teampreview|4\n|inactive|Battle timer is ON: inactive players will automatically lose when time's up. (requested by huanyu0.0)\n|inactive|huanyu0.0 has 60 seconds left.\n|\n|t:|1773739133\n|teamsize|p1|4\n|teamsize|p2|4\n|start\n|switch|p1a: Flamigo|Flamigo, L50, F|100/100\n|switch|p1b: Calyrex|Calyrex-Ice, L50|100/100\n|switch|p2a: Rillaboom|Rillaboom, L50, F|100/100\n|switch|p2b: Urshifu|Urshifu-Rapid-Strike, L50, F|100/100\n|-ability|p1b: Calyrex|As One\n|-ability|p1b: Calyrex|Unnerve\n|-fieldstart|move: Grassy Terrain|[from] ability: Grassy Surge|[of] p2a: Rillaboom\n|turn|1\n|inactive|San gerger has 30 seconds left.\n|inactive|San gerger has 20 seconds left.\n|inactive|San gerger has 15 seconds left.\n|inactive|San gerger has 10 seconds left.\n|\n|t:|1773739179\n|switch|p1a: Incineroar|Incineroar, L50, M|100/100\n|-ability|p1a: Incineroar|Intimidate|boost\n|-unboost|p2a: Rillaboom|atk|1\n|-unboost|p2b: Urshifu|atk|1\n|switch|p2a: Zamazenta|Zamazenta-Crowned, L50|100/100\n|-ability|p2a: Zamazenta|Dauntless Shield|boost\n|-boost|p2a: Zamazenta|def|1\n|move|p2b: Urshifu|Surging Strikes|p1a: Incineroar\n|-supereffective|p1a: Incineroar\n|-crit|p1a: Incineroar\n|-damage|p1a: Incineroar|67/100\n|-damage|p2b: Urshifu|84/100|[from] item: Rocky Helmet|[of] p1a: Incineroar\n|-supereffective|p1a: Incineroar\n|-crit|p1a: Incineroar\n|-damage|p1a: Incineroar|36/100\n|-damage|p2b: Urshifu|68/100|[from] item: Rocky Helmet|[of] p1a: Incineroar\n|-supereffective|p1a: Incineroar\n|-crit|p1a: Incineroar\n|-damage|p1a: Incineroar|2/100\n|-damage|p2b: Urshifu|51/100|[from] item: Rocky Helmet|[of] p1a: Incineroar\n|-hitcount|p1a: Incineroar|3\n|move|p1b: Calyrex|Trick Room|p1b: Calyrex\n|-fieldstart|move: Trick Room|[of] p1b: Calyrex\n|\n|-heal|p1a: Incineroar|8/100|[from] Grassy Terrain\n|-heal|p2b: Urshifu|57/100|[from] Grassy Terrain\n|upkeep\n|turn|2\n|inactive|San gerger has 30 seconds left.\n|inactive|huanyu0.0 has 30 seconds left.\n|inactive|San gerger has 20 seconds left.\n|inactive|huanyu0.0 has 20 seconds left.\n|\n|t:|1773739217\n|-terastallize|p1b: Calyrex|Fairy\n|move|p1a: Incineroar|Fake Out|p2b: Urshifu\n|-damage|p2b: Urshifu|46/100\n|move|p1b: Calyrex|Leech Seed|p2a: Zamazenta\n|-start|p2a: Zamazenta|move: Leech Seed\n|move|p2a: Zamazenta|Body Press|p1a: Incineroar\n|-supereffective|p1a: Incineroar\n|-damage|p1a: Incineroar|0 fnt\n|-damage|p2a: Zamazenta|84/100|[from] item: Rocky Helmet|[of] p1a: Incineroar\n|faint|p1a: Incineroar\n|cant|p2b: Urshifu|flinch\n|\n|-heal|p2a: Zamazenta|90/100|[from] Grassy Terrain\n|-heal|p2b: Urshifu|52/100|[from] Grassy Terrain\n|-damage|p2a: Zamazenta|78/100|[from] Leech Seed|[of] p1b: Calyrex\n|upkeep\n|\n|t:|1773739235\n|switch|p1a: Flamigo|Flamigo, L50, F|100/100\n|turn|3\n|inactive|San gerger has 30 seconds left.\n|\n|t:|1773739264\n|-terastallize|p2b: Urshifu|Water\n|move|p1a: Flamigo|Feint|p2b: Urshifu\n|-damage|p2b: Urshifu|43/100\n|move|p1b: Calyrex|Glacial Lance|p2a: Zamazenta|[spread] p2a,p2b\n|-resisted|p2a: Zamazenta\n|-resisted|p2b: Urshifu\n|-damage|p2a: Zamazenta|67/100\n|-damage|p2b: Urshifu|15/100\n|move|p2a: Zamazenta|Heavy Slam|p1b: Calyrex\n|-supereffective|p1b: Calyrex\n|-damage|p1b: Calyrex|80/100\n|move|p2b: Urshifu|Surging Strikes|p1a: Flamigo\n|-crit|p1a: Flamigo\n|-damage|p1a: Flamigo|60/100\n|-crit|p1a: Flamigo\n|-damage|p1a: Flamigo|19/100\n|-crit|p1a: Flamigo\n|-damage|p1a: Flamigo|0 fnt\n|faint|p1a: Flamigo\n|-hitcount|p1: Flamigo|3\n|\n|-heal|p1b: Calyrex|86/100|[from] Grassy Terrain\n|-heal|p2a: Zamazenta|73/100|[from] Grassy Terrain\n|-heal|p2b: Urshifu|22/100|[from] Grassy Terrain\n|-damage|p2a: Zamazenta|60/100|[from] Leech Seed|[of] p1b: Calyrex\n|-heal|p1b: Calyrex|98/100|[silent]\n|upkeep\n|\n|t:|1773739288\n|switch|p1a: Miraidon|Miraidon, L50|100/100\n|-fieldstart|move: Electric Terrain|[from] ability: Hadron Engine|[of] p1a: Miraidon\n|turn|4\n|\n|t:|1773739309\n|switch|p2b: Rillaboom|Rillaboom, L50, F|100/100\n|-fieldstart|move: Grassy Terrain|[from] ability: Grassy Surge|[of] p2b: Rillaboom\n|move|p2a: Zamazenta|Wide Guard|p2a: Zamazenta\n|-singleturn|p2a: Zamazenta|Wide Guard\n|move|p1b: Calyrex|Glacial Lance|p2a: Zamazenta|[spread] \n|-activate|p2a: Zamazenta|move: Wide Guard\n|-activate|p2b: Rillaboom|move: Wide Guard\n|move|p1a: Miraidon|Electro Drift|p2a: Zamazenta\n|-damage|p2a: Zamazenta|11/100\n|-damage|p1a: Miraidon|91/100|[from] item: Life Orb\n|\n|-heal|p1b: Calyrex|100/100|[from] Grassy Terrain\n|-heal|p2a: Zamazenta|18/100|[from] Grassy Terrain\n|-heal|p1a: Miraidon|97/100|[from] Grassy Terrain\n|-damage|p2a: Zamazenta|5/100|[from] Leech Seed|[of] p1b: Calyrex\n|upkeep\n|turn|5\n|inactive|San gerger has 30 seconds left.\n|inactive|huanyu0.0 has 30 seconds left.\n|inactive|San gerger has 20 seconds left.\n|inactive|San gerger has 15 seconds left.\n|inactive|San gerger has 10 seconds left.\n|\n|t:|1773739356\n|move|p2b: Rillaboom|Fake Out|p1b: Calyrex\n|-damage|p1b: Calyrex|92/100\n|cant|p1b: Calyrex|flinch\n|move|p2a: Zamazenta|Body Press|p1a: Miraidon\n|-damage|p1a: Miraidon|31/100\n|move|p1a: Miraidon|Electro Drift|p2a: Zamazenta\n|-damage|p2a: Zamazenta|0 fnt\n|faint|p2a: Zamazenta\n|-damage|p1a: Miraidon|22/100|[from] item: Life Orb\n|\n|-heal|p1b: Calyrex|98/100|[from] Grassy Terrain\n|-heal|p1a: Miraidon|28/100|[from] Grassy Terrain\n|-fieldend|move: Trick Room\n|upkeep\n|\n|t:|1773739373\n|switch|p2a: Urshifu|Urshifu-Rapid-Strike, L50, F, tera:Water|22/100\n|turn|6\n|\n|t:|1773739392\n|move|p2a: Urshifu|Surging Strikes|p1b: Calyrex\n|-crit|p1b: Calyrex\n|-damage|p1b: Calyrex|82/100\n|-crit|p1b: Calyrex\n|-damage|p1b: Calyrex|63/100\n|-crit|p1b: Calyrex\n|-damage|p1b: Calyrex|44/100\n|-hitcount|p1b: Calyrex|3\n|move|p1a: Miraidon|Volt Switch|p2a: Urshifu\n|-supereffective|p2a: Urshifu\n|-damage|p2a: Urshifu|0 fnt\n|faint|p2a: Urshifu\n|-damage|p1a: Miraidon|18/100|[from] item: Life Orb\n|move|p2b: Rillaboom|Wood Hammer|p1b: Calyrex\n|-damage|p1b: Calyrex|0 fnt\n|faint|p1b: Calyrex\n|-damage|p2b: Rillaboom|86/100|[from] Recoil\n|\n|-heal|p1a: Miraidon|25/100|[from] Grassy Terrain\n|-heal|p2b: Rillaboom|92/100|[from] Grassy Terrain\n|upkeep\n|-message|San gerger forfeited.\n|\n|win|huanyu0.0\n|raw|San gerger's rating: 1403 &rarr; <strong>1385</strong><br />(-18 for losing)\n|raw|huanyu0.0's rating: 1434 &rarr; <strong>1452</strong><br />(+18 for winning)\n|l|\u2606San gerger\n|player|p1|\n|l|\u2606huanyu0.0\n|player|p2|\n","uploadtime":1773739623,"views":10,"formatid":"gen9vgc2026regi","rating":1385,"private":0,"password":null}