{"id":"gen9vgc2026regi-2576804475","format":"[Gen 9] VGC 2026 Reg I","players":["Sheevp","TFLuke"],"log":"|j|\u2606Sheevp\n|j|\u2606TFLuke\n|t:|1775507068\n|gametype|doubles\n|player|p1|Sheevp|2|1454\n|player|p2|TFLuke|2|1536\n|gen|9\n|tier|[Gen 9] VGC 2026 Reg I\n|rated|\n|rule|Species Clause: Limit one of each Pok\u00e9mon\n|rule|Item Clause: Limit 1 of each item\n|clearpoke\n|poke|p1|Koraidon, L50|\n|poke|p1|Calyrex-Ice, L50|\n|poke|p1|Iron Treads, L50|\n|poke|p1|Volcarona, L50, F|\n|poke|p1|Brute Bonnet, L50|\n|poke|p1|Regieleki, L50|\n|poke|p2|Calyrex-Shadow, L50|\n|poke|p2|Zamazenta-*, L50|\n|poke|p2|Incineroar, L50, F|\n|poke|p2|Rillaboom, L50, F|\n|poke|p2|Primarina, L50, M|\n|poke|p2|Dragonite, L50, F|\n|teampreview|4\n|inactive|Battle timer is ON: inactive players will automatically lose when time's up. (requested by TFLuke)\n|\n|t:|1775507088\n|teamsize|p1|4\n|teamsize|p2|4\n|start\n|switch|p1a: Regieleki|Regieleki, L50|100/100\n|switch|p1b: Koraidon|Koraidon, L50|100/100\n|switch|p2a: Primarina|Primarina, L50, M|100/100\n|switch|p2b: Dragonite|Dragonite, L50, F|100/100\n|-weather|SunnyDay|[from] ability: Orichalcum Pulse|[of] p1b: Koraidon\n|-activate|p1b: Koraidon|Orichalcum Pulse|[source]\n|turn|1\n|\n|t:|1775507109\n|-terastallize|p2b: Dragonite|Fairy\n|move|p1b: Koraidon|Protect|p1b: Koraidon\n|-singleturn|p1b: Koraidon|Protect\n|move|p2a: Primarina|Protect|p2a: Primarina\n|-singleturn|p2a: Primarina|Protect\n|move|p1a: Regieleki|Volt Switch|p2a: Primarina\n|-activate|p2a: Primarina|move: Protect\n|move|p2b: Dragonite|Scale Shot|p1b: Koraidon\n|-activate|p1b: Koraidon|move: Protect\n|\n|-weather|SunnyDay|[upkeep]\n|upkeep\n|turn|2\n|\n|t:|1775507127\n|switch|p2a: Zamazenta|Zamazenta-Crowned, L50|100/100\n|-ability|p2a: Zamazenta|Dauntless Shield|boost\n|-boost|p2a: Zamazenta|def|1\n|-terastallize|p1b: Koraidon|Fire\n|move|p2b: Dragonite|Protect|p2b: Dragonite\n|-singleturn|p2b: Dragonite|Protect\n|move|p1a: Regieleki|Volt Switch|p2a: Zamazenta\n|-damage|p2a: Zamazenta|70/100\n|\n|t:|1775507137\n|switch|p1a: Brute Bonnet|Brute Bonnet, L50|100/100|[from] Volt Switch\n|-activate|p1a: Brute Bonnet|ability: Protosynthesis\n|-start|p1a: Brute Bonnet|protosynthesisdef\n|move|p1b: Koraidon|Flame Charge|p2b: Dragonite\n|-activate|p2b: Dragonite|move: Protect\n|\n|-weather|SunnyDay|[upkeep]\n|upkeep\n|turn|3\n|\n|t:|1775507149\n|move|p2a: Zamazenta|Protect|p2a: Zamazenta\n|-singleturn|p2a: Zamazenta|Protect\n|move|p1b: Koraidon|Flame Charge|p2a: Zamazenta\n|-activate|p2a: Zamazenta|move: Protect\n|move|p2b: Dragonite|Ice Spinner|p1a: Brute Bonnet\n|-supereffective|p1a: Brute Bonnet\n|-damage|p1a: Brute Bonnet|70/100\n|move|p1a: Brute Bonnet|Spore|p2b: Dragonite\n|-status|p2b: Dragonite|slp|[from] move: Spore\n|\n|-weather|SunnyDay|[upkeep]\n|upkeep\n|turn|4\n|\n|t:|1775507169\n|move|p1b: Koraidon|Flame Charge|p2a: Zamazenta\n|-supereffective|p2a: Zamazenta\n|-damage|p2a: Zamazenta|16/100\n|-boost|p1b: Koraidon|spe|1\n|move|p2a: Zamazenta|Body Press|p1a: Brute Bonnet\n|-supereffective|p1a: Brute Bonnet\n|-damage|p1a: Brute Bonnet|0 fnt\n|faint|p1a: Brute Bonnet\n|-end|p1a: Brute Bonnet|Protosynthesis|[silent]\n|cant|p2b: Dragonite|slp\n|\n|-weather|SunnyDay|[upkeep]\n|upkeep\n|\n|t:|1775507174\n|switch|p1a: Regieleki|Regieleki, L50|100/100\n|turn|5\n|\n|t:|1775507189\n|move|p2a: Zamazenta|Protect|p2a: Zamazenta\n|-singleturn|p2a: Zamazenta|Protect\n|move|p1a: Regieleki|Thunderbolt|p2a: Zamazenta\n|-activate|p2a: Zamazenta|move: Protect\n|move|p1b: Koraidon|Flare Blitz|p2b: Dragonite\n|-crit|p2b: Dragonite\n|-damage|p2b: Dragonite|0 fnt\n|faint|p2b: Dragonite\n|-damage|p1b: Koraidon|69/100|[from] Recoil\n|\n|-weather|none\n|upkeep\n|\n|t:|1775507201\n|switch|p2b: Primarina|Primarina, L50, M|100/100\n|turn|6\n|\n|t:|1775507220\n|move|p1b: Koraidon|Protect|p1b: Koraidon\n|-singleturn|p1b: Koraidon|Protect\n|move|p1a: Regieleki|Thunderbolt|p2b: Primarina\n|-supereffective|p2b: Primarina\n|-damage|p2b: Primarina|14/100\n|move|p2a: Zamazenta|Body Press|p1b: Koraidon\n|-activate|p1b: Koraidon|move: Protect\n|move|p2b: Primarina|Hyper Voice|p1a: Regieleki|[spread] p1a\n|-activate|p1b: Koraidon|move: Protect\n|-damage|p1a: Regieleki|38/100\n|\n|-heal|p2b: Primarina|20/100|[from] item: Leftovers\n|upkeep\n|turn|7\n|\n|t:|1775507238\n|move|p2b: Primarina|Protect|p2b: Primarina\n|-singleturn|p2b: Primarina|Protect\n|move|p1a: Regieleki|Thunderbolt|p2b: Primarina\n|-activate|p2b: Primarina|move: Protect\n|move|p1b: Koraidon|Low Kick|p2a: Zamazenta\n|-supereffective|p2a: Zamazenta\n|-damage|p2a: Zamazenta|0 fnt\n|faint|p2a: Zamazenta\n|\n|-heal|p2b: Primarina|26/100|[from] item: Leftovers\n|upkeep\n|\n|t:|1775507240\n|switch|p2a: Calyrex|Calyrex-Shadow, L50|100/100\n|-ability|p2a: Calyrex|As One\n|-ability|p2a: Calyrex|Unnerve\n|turn|8\n|\n|t:|1775507249\n|move|p1a: Regieleki|Electroweb|p2a: Calyrex|[spread] p2a,p2b\n|-supereffective|p2b: Primarina\n|-damage|p2a: Calyrex|74/100\n|-damage|p2b: Primarina|0 fnt\n|-unboost|p2a: Calyrex|spe|1\n|faint|p2b: Primarina\n|move|p1b: Koraidon|Flare Blitz|p2a: Calyrex\n|-damage|p2a: Calyrex|0 fnt\n|faint|p2a: Calyrex\n|-damage|p1b: Koraidon|47/100|[from] Recoil\n|\n|win|Sheevp\n|raw|Sheevp's rating: 1454 &rarr; <strong>1479</strong><br />(+25 for winning)\n|raw|TFLuke's rating: 1536 &rarr; <strong>1511</strong><br />(-25 for losing)\n|l|\u2606Sheevp\n|player|p1|\n|l|\u2606TFLuke\n|player|p2|\n","uploadtime":1775507409,"views":10,"formatid":"gen9vgc2026regi","rating":1479,"private":0,"password":null}