{"id":"gen9vgc2026regi-2570956715","format":"[Gen 9] VGC 2026 Reg I","players":["mintweak","4Test4"],"log":"|j|\u2606mintweak\n|j|\u26064Test4\n|t:|1774873783\n|gametype|doubles\n|player|p1|mintweak|1|1127\n|player|p2|4Test4|blue|1185\n|gen|9\n|tier|[Gen 9] VGC 2026 Reg I\n|rated|\n|rule|Species Clause: Limit one of each Pok\u00e9mon\n|rule|Item Clause: Limit 1 of each item\n|clearpoke\n|poke|p1|Chi-Yu, L50|\n|poke|p1|Koraidon, L50|\n|poke|p1|Indeedee-F, L50, F|\n|poke|p1|Calyrex-Shadow, L50|\n|poke|p1|Brute Bonnet, L50|\n|poke|p1|Flutter Mane, L50|\n|poke|p2|Calyrex-Ice, L50|\n|poke|p2|Miraidon, L50|\n|poke|p2|Klefki, L50, F|\n|poke|p2|Iron Hands, L50|\n|poke|p2|Farigiraf, L50, F|\n|poke|p2|Iron Treads, L50|\n|teampreview|4\n|inactive|Battle timer is ON: inactive players will automatically lose when time's up. (requested by mintweak)\n|\n|t:|1774873817\n|teamsize|p1|4\n|teamsize|p2|4\n|start\n|switch|p1a: Indeedee|Indeedee-F, L50, F|100/100\n|switch|p1b: Koraidon|Koraidon, L50|100/100\n|switch|p2a: Calyrex|Calyrex-Ice, L50|100/100\n|switch|p2b: Iron Treads|Iron Treads, L50|100/100\n|-ability|p2a: Calyrex|As One\n|-ability|p2a: Calyrex|Unnerve\n|-weather|SunnyDay|[from] ability: Orichalcum Pulse|[of] p1b: Koraidon\n|-activate|p1b: Koraidon|Orichalcum Pulse|[source]\n|-fieldstart|move: Psychic Terrain|[from] ability: Psychic Surge|[of] p1a: Indeedee\n|-enditem|p1a: Indeedee|Psychic Seed\n|-boost|p1a: Indeedee|spd|1|[from] item: Psychic Seed\n|turn|1\n|\n|t:|1774873833\n|switch|p2a: Miraidon|Miraidon, L50|100/100\n|-fieldstart|move: Electric Terrain|[from] ability: Hadron Engine|[of] p2a: Miraidon\n|-activate|p2b: Iron Treads|ability: Quark Drive\n|-start|p2b: Iron Treads|quarkdrivespe\n|move|p2b: Iron Treads|Megahorn|p1a: Indeedee\n|-supereffective|p1a: Indeedee\n|-damage|p1a: Indeedee|2/100\n|move|p1b: Koraidon|Close Combat|p2a: Miraidon\n|-damage|p2a: Miraidon|16/100\n|-unboost|p1b: Koraidon|def|1\n|-unboost|p1b: Koraidon|spd|1\n|-damage|p1b: Koraidon|91/100|[from] item: Life Orb\n|move|p1a: Indeedee|Imprison|p1a: Indeedee\n|-start|p1a: Indeedee|move: Imprison\n|\n|-weather|SunnyDay|[upkeep]\n|-heal|p2a: Miraidon|22/100|[from] item: Leftovers\n|upkeep\n|turn|2\n|\n|t:|1774873856\n|move|p2a: Miraidon|Protect|p2a: Miraidon\n|-singleturn|p2a: Miraidon|Protect\n|move|p1a: Indeedee|Follow Me|p1a: Indeedee\n|-singleturn|p1a: Indeedee|move: Follow Me\n|move|p2b: Iron Treads|Megahorn|p1a: Indeedee\n|-supereffective|p1a: Indeedee\n|-damage|p1a: Indeedee|0 fnt\n|faint|p1a: Indeedee\n|move|p1b: Koraidon|Close Combat|p2a: Miraidon\n|-activate|p2a: Miraidon|move: Protect\n|\n|-weather|SunnyDay|[upkeep]\n|-heal|p2a: Miraidon|28/100|[from] item: Leftovers\n|upkeep\n|\n|t:|1774873866\n|switch|p1a: Chi-Yu|Chi-Yu, L50|100/100\n|-ability|p1a: Chi-Yu|Beads of Ruin\n|turn|3\n|\n|t:|1774873882\n|-end|p2b: Iron Treads|Quark Drive|[silent]\n|switch|p2b: Klefki|Klefki, L50, F|100/100\n|move|p1a: Chi-Yu|Heat Wave|p2b: Klefki|[spread] p2a,p2b\n|-resisted|p2a: Miraidon\n|-crit|p2a: Miraidon\n|-supereffective|p2b: Klefki\n|-damage|p2a: Miraidon|0 fnt\n|-damage|p2b: Klefki|0 fnt\n|faint|p2a: Miraidon\n|faint|p2b: Klefki\n|move|p1b: Koraidon|Flame Charge|p2: Miraidon|[notarget]\n|-fail|p1b: Koraidon\n|\n|-weather|SunnyDay|[upkeep]\n|upkeep\n|\n|t:|1774873888\n|switch|p2a: Iron Treads|Iron Treads, L50|100/100\n|switch|p2b: Calyrex|Calyrex-Ice, L50|100/100\n|-ability|p2b: Calyrex|As One\n|-ability|p2b: Calyrex|Unnerve\n|-enditem|p2b: Calyrex|Electric Seed\n|-boost|p2b: Calyrex|def|1|[from] item: Electric Seed\n|-activate|p2a: Iron Treads|ability: Quark Drive\n|-start|p2a: Iron Treads|quarkdrivespe\n|turn|4\n|\n|t:|1774873905\n|-terastallize|p2a: Iron Treads|Ghost\n|move|p2a: Iron Treads|High Horsepower|p1a: Chi-Yu\n|-supereffective|p1a: Chi-Yu\n|-damage|p1a: Chi-Yu|0 fnt\n|faint|p1a: Chi-Yu\n|move|p1b: Koraidon|Close Combat|p2b: Calyrex\n|-damage|p2b: Calyrex|58/100\n|-unboost|p1b: Koraidon|def|1\n|-unboost|p1b: Koraidon|spd|1\n|-damage|p1b: Koraidon|81/100|[from] item: Life Orb\n|move|p2b: Calyrex|Trick Room|p2b: Calyrex\n|-fieldstart|move: Trick Room|[of] p2b: Calyrex\n|\n|-weather|SunnyDay|[upkeep]\n|upkeep\n|\n|t:|1774873913\n|switch|p1a: Calyrex|Calyrex-Shadow, L50|100/100\n|-ability|p1a: Calyrex|As One\n|-ability|p1a: Calyrex|Unnerve\n|turn|5\n|\n|t:|1774873926\n|-terastallize|p1a: Calyrex|Ghost\n|move|p2b: Calyrex|Glacial Lance|p1b: Koraidon|[spread] p1a,p1b\n|-supereffective|p1b: Koraidon\n|-damage|p1a: Calyrex|33/100\n|-damage|p1b: Koraidon|0 fnt\n|faint|p1b: Koraidon\n|-ability|p2b: Calyrex|Chilling Neigh|boost\n|-boost|p2b: Calyrex|atk|1\n|move|p1a: Calyrex|Astral Barrage|p2a: Iron Treads|[spread] p2a,p2b\n|-supereffective|p2a: Iron Treads\n|-supereffective|p2b: Calyrex\n|-damage|p2a: Iron Treads|0 fnt\n|-damage|p2b: Calyrex|0 fnt\n|faint|p2a: Iron Treads\n|-end|p2a: Iron Treads|Quark Drive|[silent]\n|faint|p2b: Calyrex\n|\n|win|mintweak\n|raw|mintweak's rating: 1127 &rarr; <strong>1156</strong><br />(+29 for winning)\n|raw|4Test4's rating: 1185 &rarr; <strong>1156</strong><br />(-29 for losing)\n|l|\u26064Test4\n|player|p2|\n","uploadtime":1774873938,"views":13,"formatid":"gen9vgc2026regi","rating":1156,"private":0,"password":null}