{"id":"gen9vgc2026regi-2584577703","format":"[Gen 9] VGC 2026 Reg I","players":["buggybrain","GalaxianGG"],"log":"|j|\u2606buggybrain\n|j|\u2606GalaxianGG\n|t:|1776269907\n|gametype|doubles\n|player|p1|buggybrain|265|1578\n|player|p2|GalaxianGG|aromalady|1480\n|gen|9\n|tier|[Gen 9] VGC 2026 Reg I\n|rated|\n|rule|Species Clause: Limit one of each Pok\u00e9mon\n|rule|Item Clause: Limit 1 of each item\n|clearpoke\n|poke|p1|Chien-Pao, L50|\n|poke|p1|Zacian-*, L50|\n|poke|p1|Kyogre, L50|\n|poke|p1|Urshifu-*, L50, M|\n|poke|p1|Roaring Moon, L50|\n|poke|p1|Amoonguss, L50, M|\n|poke|p2|Miraidon, L50|\n|poke|p2|Farigiraf, L50, M|\n|poke|p2|Salamence, L50, M|\n|poke|p2|Flutter Mane, L50|\n|poke|p2|Kingambit, L50, F|\n|poke|p2|Kyogre, L50|\n|teampreview|4\n|\n|t:|1776269962\n|teamsize|p1|4\n|teamsize|p2|4\n|start\n|switch|p1a: Stars|Roaring Moon, L50|100/100\n|switch|p1b: Frostbite|Chien-Pao, L50|100/100\n|switch|p2a: Salamence|Salamence, L50, M, shiny|100/100\n|switch|p2b: Kyogre|Kyogre, L50, shiny|100/100\n|-ability|p1b: Frostbite|Sword of Ruin\n|-ability|p2a: Salamence|Intimidate|boost\n|-unboost|p1a: Stars|atk|1\n|-unboost|p1b: Frostbite|atk|1\n|-weather|RainDance|[from] ability: Drizzle|[of] p2b: Kyogre\n|-enditem|p1a: Stars|Booster Energy\n|-activate|p1a: Stars|ability: Protosynthesis|[fromitem]\n|-start|p1a: Stars|protosynthesisspe\n|turn|1\n|\n|t:|1776269988\n|move|p2a: Salamence|Protect|p2a: Salamence\n|-singleturn|p2a: Salamence|Protect\n|move|p1a: Stars|Knock Off|p2b: Kyogre\n|-damage|p2b: Kyogre|61/100\n|-enditem|p2b: Kyogre|Assault Vest|[from] move: Knock Off|[of] p1a: Stars\n|move|p1b: Frostbite|Icicle Crash|p2a: Salamence\n|-activate|p2a: Salamence|move: Protect\n|move|p2b: Kyogre|Origin Pulse|p1a: Stars|[spread] p1a,p1b\n|-resisted|p1a: Stars\n|-damage|p1a: Stars|68/100\n|-enditem|p1b: Frostbite|Focus Sash\n|-damage|p1b: Frostbite|1/100\n|\n|-weather|RainDance|[upkeep]\n|upkeep\n|turn|2\n|\n|t:|1776270025\n|-terastallize|p2a: Salamence|Steel\n|move|p1a: Stars|Knock Off|p2a: Salamence\n|-damage|p2a: Salamence|53/100\n|-enditem|p2a: Salamence|Life Orb|[from] move: Knock Off|[of] p1a: Stars\n|move|p1b: Frostbite|Sacred Sword|p2a: Salamence\n|-supereffective|p2a: Salamence\n|-damage|p2a: Salamence|0 fnt\n|faint|p2a: Salamence\n|move|p2b: Kyogre|Ice Beam|p1a: Stars\n|-supereffective|p1a: Stars\n|-damage|p1a: Stars|11/100\n|\n|-weather|RainDance|[upkeep]\n|upkeep\n|\n|t:|1776270044\n|switch|p2a: Farigiraf|Farigiraf, L50, M|100/100\n|turn|3\n|c|\u2606GalaxianGG|nice read\n|c|\u2606buggybrain|it was a bit dirty but i was too dumb to find anything safe lol\n|c|\u2606GalaxianGG|honestly fair lol\n|\n|t:|1776270090\n|move|p1a: Stars|Knock Off|p2a: Farigiraf\n|-supereffective|p2a: Farigiraf\n|-damage|p2a: Farigiraf|29/100\n|-enditem|p2a: Farigiraf|Electric Seed|[from] move: Knock Off|[of] p1a: Stars\n|move|p1b: Frostbite|Icicle Crash|p2a: Farigiraf\n|-damage|p2a: Farigiraf|0 fnt\n|faint|p2a: Farigiraf\n|move|p2b: Kyogre|Origin Pulse|p1b: Frostbite|[spread] p1b\n|-miss|p2b: Kyogre|p1a: Stars\n|-damage|p1b: Frostbite|0 fnt\n|faint|p1b: Frostbite\n|\n|-weather|RainDance|[upkeep]\n|upkeep\n|\n|t:|1776270104\n|switch|p1b: Vulcan|Urshifu-Rapid-Strike, L50, M|100/100\n|switch|p2a: Miraidon|Miraidon, L50, shiny|100/100\n|-fieldstart|move: Electric Terrain|[from] ability: Hadron Engine|[of] p2a: Miraidon\n|turn|4\n|\n|t:|1776270114\n|move|p1b: Vulcan|Detect|p1b: Vulcan\n|-singleturn|p1b: Vulcan|Protect\n|move|p1a: Stars|Tailwind|p1a: Stars\n|-sidestart|p1: buggybrain|move: Tailwind\n|move|p2a: Miraidon|Electro Drift|p1b: Vulcan\n|-activate|p1b: Vulcan|move: Protect\n|move|p2b: Kyogre|Origin Pulse|p1a: Stars|[spread] \n|-activate|p1b: Vulcan|move: Protect\n|-miss|p2b: Kyogre|p1a: Stars\n|\n|-weather|RainDance|[upkeep]\n|upkeep\n|turn|5\n|c|\u2606GalaxianGG|wow origin pulse is so not good lol\n|-message|GalaxianGG forfeited.\n|\n|win|buggybrain\n|raw|buggybrain's rating: 1578 &rarr; <strong>1593</strong><br />(+15 for winning)\n|raw|GalaxianGG's rating: 1480 &rarr; <strong>1465</strong><br />(-15 for losing)\n","uploadtime":1776270137,"views":9,"formatid":"gen9vgc2026regi","rating":1465,"private":0,"password":null}