{"id":"gen9vgc2026regi-2563925131","format":"[Gen 9] VGC 2026 Reg I","players":["TheManOfSausage","BundleMySon"],"log":"|j|\u2606TheManOfSausage\n|j|\u2606BundleMySon\n|t:|1774085803\n|gametype|doubles\n|player|p1|TheManOfSausage|miku-water|1465\n|player|p2|BundleMySon|265|1384\n|gen|9\n|tier|[Gen 9] VGC 2026 Reg I\n|rated|\n|rule|Species Clause: Limit one of each Pok\u00e9mon\n|rule|Item Clause: Limit 1 of each item\n|clearpoke\n|poke|p1|Calyrex-Shadow, L50|\n|poke|p1|Miraidon, L50|\n|poke|p1|Clefairy, L50, M|\n|poke|p1|Rillaboom, L50, M|\n|poke|p1|Incineroar, L50, M|\n|poke|p1|Urshifu-*, L50, M|\n|poke|p2|Miraidon, L50|\n|poke|p2|Farigiraf, L50, F|\n|poke|p2|Koraidon, L50|\n|poke|p2|Ursaluna, L50, M|\n|poke|p2|Thundurus, L50, M|\n|poke|p2|Iron Moth, L50|\n|teampreview|4\n|inactive|Battle timer is ON: inactive players will automatically lose when time's up. (requested by BundleMySon)\nTheManOfSausage has agreed to open team sheets.\n|inactive|BundleMySon has 60 seconds left.\n|\n|t:|1774085850\n|teamsize|p1|4\n|teamsize|p2|4\n|start\n|switch|p1a: Magical Mirai|Miraidon, L50|100/100\n|switch|p1b: Rice Shower|Calyrex-Shadow, L50|100/100\n|switch|p2a: Koraidon|Koraidon, L50|100/100\n|switch|p2b: Farigiraf|Farigiraf, L50, F|100/100\n|-ability|p1b: Rice Shower|As One\n|-ability|p1b: Rice Shower|Unnerve\n|-fieldstart|move: Electric Terrain|[from] ability: Hadron Engine|[of] p1a: Magical Mirai\n|-enditem|p2b: Farigiraf|Electric Seed\n|-boost|p2b: Farigiraf|def|1|[from] item: Electric Seed\n|-weather|SunnyDay|[from] ability: Orichalcum Pulse|[of] p2a: Koraidon\n|-activate|p2a: Koraidon|Orichalcum Pulse|[source]\n|turn|1\n|\n|t:|1774085872\n|move|p1b: Rice Shower|Protect|p1b: Rice Shower\n|-singleturn|p1b: Rice Shower|Protect\n|move|p2a: Koraidon|Protect|p2a: Koraidon\n|-singleturn|p2a: Koraidon|Protect\n|move|p1a: Magical Mirai|Volt Switch|p2b: Farigiraf\n|-damage|p2b: Farigiraf|35/100\n|\n|t:|1774085883\n|switch|p1a: Incineroar|Incineroar, L50, M, shiny|100/100|[from] Volt Switch\n|-ability|p1a: Incineroar|Intimidate|boost\n|-fail|p2a: Koraidon|unboost|[from] item: Clear Amulet|[of] p2a: Koraidon\n|-unboost|p2b: Farigiraf|atk|1\n|move|p2b: Farigiraf|Foul Play|p1b: Rice Shower\n|-activate|p1b: Rice Shower|move: Protect\n|\n|-weather|SunnyDay|[upkeep]\n|upkeep\n|turn|2\n|\n|t:|1774085895\n|switch|p2a: Thundurus|Thundurus, L50, M|100/100\n|-terastallize|p1b: Rice Shower|Fairy\n|move|p1b: Rice Shower|Nasty Plot|p1b: Rice Shower\n|-boost|p1b: Rice Shower|spa|2\n|move|p1a: Incineroar|Parting Shot|p2b: Farigiraf\n|-unboost|p2b: Farigiraf|atk|1\n|-unboost|p2b: Farigiraf|spa|1\n|\n|t:|1774085907\n|switch|p1a: Magical Mirai|Miraidon, L50|100/100|[from] Parting Shot\n|-activate|p1a: Magical Mirai|ability: Hadron Engine\n|move|p2b: Farigiraf|Foul Play|p1b: Rice Shower\n|-resisted|p1b: Rice Shower\n|-damage|p1b: Rice Shower|92/100\n|\n|-weather|SunnyDay|[upkeep]\n|upkeep\n|turn|3\n|\n|t:|1774085919\n|move|p2b: Farigiraf|Helping Hand|p2a: Thundurus\n|-singleturn|p2a: Thundurus|Helping Hand|[of] p2b: Farigiraf\n|move|p1b: Rice Shower|Protect|p1b: Rice Shower\n|-singleturn|p1b: Rice Shower|Protect\n|move|p1a: Magical Mirai|Volt Switch|p2a: Thundurus\n|-damage|p2a: Thundurus|9/100\n|\n|t:|1774085925\n|switch|p1a: pipi|Clefairy, L50, M|100/100|[from] Volt Switch\n|move|p2a: Thundurus|Wildbolt Storm|p1b: Rice Shower|[spread] \n|-activate|p1b: Rice Shower|move: Protect\n|-miss|p2a: Thundurus|p1a: pipi\n|\n|-weather|SunnyDay|[upkeep]\n|upkeep\n|turn|4\n|\n|t:|1774085938\n|move|p1a: pipi|Follow Me|p1a: pipi\n|-singleturn|p1a: pipi|move: Follow Me\n|move|p2a: Thundurus|Thunder Wave|p1a: pipi\n|-status|p1a: pipi|par\n|move|p1b: Rice Shower|Draining Kiss|p2a: Thundurus\n|-damage|p2a: Thundurus|0 fnt\n|-heal|p1b: Rice Shower|97/100|[from] drain|[of] p2a: Thundurus\n|faint|p2a: Thundurus\n|-ability|p1b: Rice Shower|Grim Neigh|boost\n|-boost|p1b: Rice Shower|spa|1\n|move|p2b: Farigiraf|Foul Play|p1a: pipi\n|-resisted|p1a: pipi\n|-damage|p1a: pipi|96/100 par\n|\n|-weather|SunnyDay|[upkeep]\n|upkeep\n|\n|t:|1774085941\n|switch|p2a: Iron Moth|Iron Moth, L50|100/100\n|-activate|p2a: Iron Moth|ability: Quark Drive\n|-start|p2a: Iron Moth|quarkdrivespa\n|turn|5\n|\n|t:|1774085948\n|-terastallize|p2a: Iron Moth|Fire\n|move|p2b: Farigiraf|Helping Hand|p2a: Iron Moth\n|-singleturn|p2a: Iron Moth|Helping Hand|[of] p2b: Farigiraf\n|move|p1a: pipi|Helping Hand|p1b: Rice Shower\n|-singleturn|p1b: Rice Shower|Helping Hand|[of] p1a: pipi\n|move|p2a: Iron Moth|Heat Wave|p1a: pipi|[spread] p1a,p1b\n|-damage|p1a: pipi|0 fnt\n|-damage|p1b: Rice Shower|0 fnt\n|faint|p1a: pipi\n|faint|p1b: Rice Shower\n|\n|-weather|none\n|-fieldend|move: Electric Terrain\n|-end|p2a: Iron Moth|Quark Drive\n|upkeep\n|\n|t:|1774085956\n|switch|p1b: Incineroar|Incineroar, L50, M, shiny|100/100\n|switch|p1a: Magical Mirai|Miraidon, L50|100/100\n|-fieldstart|move: Electric Terrain|[from] ability: Hadron Engine|[of] p1a: Magical Mirai\n|-activate|p2a: Iron Moth|ability: Quark Drive\n|-start|p2a: Iron Moth|quarkdrivespa\n|-ability|p1b: Incineroar|Intimidate|boost\n|-unboost|p2a: Iron Moth|atk|1\n|-unboost|p2b: Farigiraf|atk|1\n|turn|6\n|\n|t:|1774085970\n|move|p2b: Farigiraf|Helping Hand|p2a: Iron Moth\n|-singleturn|p2a: Iron Moth|Helping Hand|[of] p2b: Farigiraf\n|move|p1a: Magical Mirai|Draco Meteor|p2a: Iron Moth\n|-damage|p2a: Iron Moth|0 fnt\n|-unboost|p1a: Magical Mirai|spa|2\n|faint|p2a: Iron Moth\n|-end|p2a: Iron Moth|Quark Drive|[silent]\n|move|p1b: Incineroar|Knock Off|p2b: Farigiraf\n|-supereffective|p2b: Farigiraf\n|-damage|p2b: Farigiraf|7/100\n|\n|upkeep\n|\n|t:|1774085977\n|switch|p2a: Koraidon|Koraidon, L50|100/100\n|-weather|SunnyDay|[from] ability: Orichalcum Pulse|[of] p2a: Koraidon\n|-activate|p2a: Koraidon|Orichalcum Pulse|[source]\n|turn|7\n|\n|t:|1774085987\n|move|p1a: Magical Mirai|Draco Meteor|p2a: Koraidon\n|-supereffective|p2a: Koraidon\n|-damage|p2a: Koraidon|20/100\n|-unboost|p1a: Magical Mirai|spa|2\n|move|p2a: Koraidon|Collision Course|p1b: Incineroar\n|-supereffective|p1b: Incineroar\n|-crit|p1b: Incineroar\n|-damage|p1b: Incineroar|0 fnt\n|-damage|p2a: Koraidon|4/100|[from] item: Rocky Helmet|[of] p1b: Incineroar\n|faint|p1b: Incineroar\n|move|p2b: Farigiraf|Foul Play|p1a: Magical Mirai\n|-damage|p1a: Magical Mirai|84/100\n|\n|-weather|SunnyDay|[upkeep]\n|upkeep\n|turn|8\n|\n|t:|1774085992\n|move|p2a: Koraidon|Protect|p2a: Koraidon\n|-singleturn|p2a: Koraidon|Protect\n|move|p1a: Magical Mirai|Draco Meteor|p2a: Koraidon\n|-activate|p2a: Koraidon|move: Protect\n|move|p2b: Farigiraf|Trick Room|p2b: Farigiraf\n|-fieldstart|move: Trick Room|[of] p2b: Farigiraf\n|\n|-weather|SunnyDay|[upkeep]\n|upkeep\n|turn|9\n|\n|t:|1774085998\n|move|p2b: Farigiraf|Helping Hand|p2a: Koraidon\n|-singleturn|p2a: Koraidon|Helping Hand|[of] p2b: Farigiraf\n|move|p2a: Koraidon|Collision Course|p1a: Magical Mirai\n|-damage|p1a: Magical Mirai|0 fnt\n|faint|p1a: Magical Mirai\n|\n|win|BundleMySon\n|raw|TheManOfSausage's rating: 1465 &rarr; <strong>1440</strong><br />(-25 for losing)\n|raw|BundleMySon's rating: 1384 &rarr; <strong>1409</strong><br />(+25 for winning)\n|c|\u2606TheManOfSausage|gg\n|l|\u2606TheManOfSausage\n|player|p1|\n|l|\u2606BundleMySon\n|player|p2|\n","uploadtime":1774086007,"views":38,"formatid":"gen9vgc2026regi","rating":1409,"private":0,"password":null}