{"id":"gen9vgc2026regi-2544404784","format":"[Gen 9] VGC 2026 Reg I","players":["alexit93","ImEnigmaa_"],"log":"|j|\u2606alexit93\n|j|\u2606ImEnigmaa_\n|t:|1771703029\n|gametype|doubles\n|player|p1|alexit93|lucas-gen4pt|1256\n|player|p2|ImEnigmaa_|benga|1411\n|gen|9\n|tier|[Gen 9] VGC 2026 Reg I\n|rated|\n|rule|Species Clause: Limit one of each Pok\u00e9mon\n|rule|Item Clause: Limit 1 of each item\n|clearpoke\n|poke|p1|Zamazenta-*, L50|\n|poke|p1|Riolu, L50, F|\n|poke|p1|Incineroar, L50, M|\n|poke|p1|Flutter Mane, L50|\n|poke|p1|Calyrex-Shadow, L50|\n|poke|p1|Indeedee-F, L50, F|\n|poke|p2|Calyrex-Ice, L50|\n|poke|p2|Groudon, L50|\n|poke|p2|Flutter Mane, L50|\n|poke|p2|Raging Bolt, L50|\n|poke|p2|Brute Bonnet, L50|\n|poke|p2|Incineroar, L50, M|\n|teampreview|4\n|inactive|Battle timer is ON: inactive players will automatically lose when time's up. (requested by ImEnigmaa_)\n|inactive|alexit93 has 60 seconds left.\n|inactive|ImEnigmaa_ has 60 seconds left.\n|\n|t:|1771703069\n|teamsize|p1|4\n|teamsize|p2|4\n|start\n|switch|p1a: Calyrex|Calyrex-Shadow, L50|100/100\n|switch|p1b: Indeedee|Indeedee-F, L50, F|100/100\n|switch|p2a: Gordon|Groudon, L50, shiny|100/100\n|switch|p2b: Jimmy Neutron|Flutter Mane, L50, shiny|100/100\n|-ability|p1a: Calyrex|As One\n|-ability|p1a: Calyrex|Unnerve\n|-weather|SunnyDay|[from] ability: Drought|[of] p2a: Gordon\n|-activate|p2b: Jimmy Neutron|ability: Protosynthesis\n|-start|p2b: Jimmy Neutron|protosynthesisspe\n|-fieldstart|move: Psychic Terrain|[from] ability: Psychic Surge|[of] p1b: Indeedee\n|-enditem|p1b: Indeedee|Psychic Seed\n|-boost|p1b: Indeedee|spd|1|[from] item: Psychic Seed\n|turn|1\n|\n|t:|1771703089\n|-terastallize|p1a: Calyrex|Dark\n|move|p1b: Indeedee|Helping Hand|p1a: Calyrex\n|-singleturn|p1a: Calyrex|Helping Hand|[of] p1b: Indeedee\n|move|p2b: Jimmy Neutron|Moonblast|p1a: Calyrex\n|-supereffective|p1a: Calyrex\n|-damage|p1a: Calyrex|1/100\n|move|p1a: Calyrex|Expanding Force|p2b: Jimmy Neutron|[spread] p2a,p2b\n|-damage|p2a: Gordon|0 fnt\n|-enditem|p2b: Jimmy Neutron|Focus Sash\n|-damage|p2b: Jimmy Neutron|1/100\n|faint|p2a: Gordon\n|-ability|p1a: Calyrex|Grim Neigh|boost\n|-boost|p1a: Calyrex|spa|1\n|-damage|p1a: Calyrex|0 fnt|[from] item: Life Orb\n|faint|p1a: Calyrex\n|\n|-weather|SunnyDay|[upkeep]\n|upkeep\n|\n|t:|1771703101\n|switch|p1a: Zamazenta|Zamazenta-Crowned, L50, shiny|100/100\n|switch|p2a: Inceliroar|Incineroar, L50, M, shiny|100/100\n|-ability|p1a: Zamazenta|Dauntless Shield|boost\n|-boost|p1a: Zamazenta|def|1\n|-ability|p2a: Inceliroar|Intimidate|boost\n|-unboost|p1a: Zamazenta|atk|1\n|-unboost|p1b: Indeedee|atk|1\n|turn|2\n|\n|t:|1771703112\n|move|p2b: Jimmy Neutron|Protect|p2b: Jimmy Neutron\n|-singleturn|p2b: Jimmy Neutron|Protect\n|move|p1b: Indeedee|Follow Me|p1b: Indeedee\n|-singleturn|p1b: Indeedee|move: Follow Me\n|move|p1a: Zamazenta|Behemoth Bash|p2b: Jimmy Neutron\n|-activate|p2b: Jimmy Neutron|move: Protect\n|move|p2a: Inceliroar|Flare Blitz|p1b: Indeedee\n|-damage|p1b: Indeedee|33/100\n|-damage|p2a: Inceliroar|81/100|[from] Recoil\n|\n|-weather|SunnyDay|[upkeep]\n|upkeep\n|turn|3\n|\n|t:|1771703126\n|-end|p2b: Jimmy Neutron|Protosynthesis|[silent]\n|switch|p2b: Raging Bingus|Raging Bolt, L50|100/100\n|-activate|p2b: Raging Bingus|ability: Protosynthesis\n|-start|p2b: Raging Bingus|protosynthesisspa\n|move|p1b: Indeedee|Follow Me|p1b: Indeedee\n|-singleturn|p1b: Indeedee|move: Follow Me\n|move|p1a: Zamazenta|Behemoth Bash|p2b: Raging Bingus\n|-resisted|p2b: Raging Bingus\n|-damage|p2b: Raging Bingus|90/100\n|move|p2a: Inceliroar|Parting Shot|p1b: Indeedee\n|-unboost|p1b: Indeedee|atk|1\n|-unboost|p1b: Indeedee|spa|1\n|\n|t:|1771703137\n|switch|p2a: Jimmy Neutron|Flutter Mane, L50, shiny|1/100|[from] Parting Shot\n|-activate|p2a: Jimmy Neutron|ability: Protosynthesis\n|-start|p2a: Jimmy Neutron|protosynthesisspe\n|\n|-weather|SunnyDay|[upkeep]\n|upkeep\n|turn|4\n|\n|t:|1771703159\n|-terastallize|p2b: Raging Bingus|Electric\n|move|p2a: Jimmy Neutron|Protect|p2a: Jimmy Neutron\n|-singleturn|p2a: Jimmy Neutron|Protect\n|move|p1b: Indeedee|Follow Me|p1b: Indeedee\n|-singleturn|p1b: Indeedee|move: Follow Me\n|move|p1a: Zamazenta|Body Press|p2b: Raging Bingus\n|-damage|p2b: Raging Bingus|35/100\n|move|p2b: Raging Bingus|Volt Switch|p1b: Indeedee\n|-damage|p1b: Indeedee|0 fnt\n|faint|p1b: Indeedee\n|\n|t:|1771703172\n|-end|p2b: Raging Bingus|Protosynthesis|[silent]\n|switch|p2b: Inceliroar|Incineroar, L50, M, shiny|81/100|[from] Volt Switch\n|-ability|p2b: Inceliroar|Intimidate|boost\n|-unboost|p1a: Zamazenta|atk|1\n|\n|-weather|SunnyDay|[upkeep]\n|upkeep\n|\n|t:|1771703186\n|switch|p1b: Riolu|Riolu, L50, F|100/100\n|turn|5\n|\n|t:|1771703196\n|-end|p2a: Jimmy Neutron|Protosynthesis|[silent]\n|switch|p2a: Raging Bingus|Raging Bolt, L50, tera:Electric|35/100\n|-activate|p2a: Raging Bingus|ability: Protosynthesis\n|-start|p2a: Raging Bingus|protosynthesisspa\n|move|p1b: Riolu|Coaching|p1a: Zamazenta\n|-boost|p1a: Zamazenta|atk|1\n|-boost|p1a: Zamazenta|def|1\n|move|p1a: Zamazenta|Behemoth Bash|p2a: Raging Bingus\n|-resisted|p2a: Raging Bingus\n|-damage|p2a: Raging Bingus|24/100\n|move|p2b: Inceliroar|Flare Blitz|p1a: Zamazenta\n|-supereffective|p1a: Zamazenta\n|-crit|p1a: Zamazenta\n|-damage|p1a: Zamazenta|0 fnt\n|faint|p1a: Zamazenta\n|-damage|p2b: Inceliroar|53/100|[from] Recoil\n|\n|-weather|none\n|-end|p2a: Raging Bingus|Protosynthesis\n|-fieldend|move: Psychic Terrain\n|upkeep\n|turn|6\n|-message|alexit93 forfeited.\n|\n|win|ImEnigmaa_\n|raw|alexit93's rating: 1256 &rarr; <strong>1241</strong><br />(-15 for losing)\n|raw|ImEnigmaa_'s rating: 1411 &rarr; <strong>1423</strong><br />(+12 for winning)\n","uploadtime":1771703213,"views":22,"formatid":"gen9vgc2026regi","rating":1241,"private":0,"password":null}