{"id":"gen9vgc2026regi-2573113181","format":"[Gen 9] VGC 2026 Reg I","players":["Dqstrqyed","only1003"],"log":"|j|\u2606Dqstrqyed\n|j|\u2606only1003\n|t:|1775092023\n|gametype|doubles\n|player|p1|Dqstrqyed|1|1488\n|player|p2|only1003|101|1426\n|gen|9\n|tier|[Gen 9] VGC 2026 Reg I\n|rated|\n|rule|Species Clause: Limit one of each Pok\u00e9mon\n|rule|Item Clause: Limit 1 of each item\n|clearpoke\n|poke|p1|Volcarona, L50, F|\n|poke|p1|Ursaluna, L50, F|\n|poke|p1|Miraidon, L50|\n|poke|p1|Calyrex-Ice, L50|\n|poke|p1|Grimmsnarl, L50, M|\n|poke|p1|Sneasler, L50, M|\n|poke|p2|Calyrex-Ice, L50|\n|poke|p2|Rillaboom, L50, M|\n|poke|p2|Miraidon, L50|\n|poke|p2|Whimsicott, L50, F|\n|poke|p2|Incineroar, L50, M|\n|poke|p2|Urshifu-*, L50, M|\n|teampreview|4\n|inactive|Battle timer is ON: inactive players will automatically lose when time's up. (requested by Dqstrqyed)\n|\n|t:|1775092076\n|teamsize|p1|4\n|teamsize|p2|4\n|start\n|switch|p1a: Sneasler|Sneasler, L50, M|100/100\n|switch|p1b: Calyrex|Calyrex-Ice, L50|100/100\n|switch|p2a: Whimsicott|Whimsicott, L50, F|100/100\n|switch|p2b: Miraidon|Miraidon, L50, shiny|100/100\n|-ability|p1b: Calyrex|As One\n|-ability|p1b: Calyrex|Unnerve\n|-fieldstart|move: Electric Terrain|[from] ability: Hadron Engine|[of] p2b: Miraidon\n|turn|1\n|inactive|only1003 has 30 seconds left.\n|\n|t:|1775092105\n|-terastallize|p2b: Miraidon|Electric\n|move|p1a: Sneasler|Fake Out|p2b: Miraidon\n|-damage|p2b: Miraidon|89/100\n|move|p2a: Whimsicott|Moonblast|p1b: Calyrex\n|-damage|p1b: Calyrex|83/100\n|cant|p2b: Miraidon|flinch\n|move|p1b: Calyrex|Glacial Lance|p2a: Whimsicott|[spread] p2a,p2b\n|-supereffective|p2a: Whimsicott\n|-damage|p2a: Whimsicott|0 fnt\n|-damage|p2b: Miraidon|41/100\n|faint|p2a: Whimsicott\n|-ability|p1b: Calyrex|Chilling Neigh|boost\n|-boost|p1b: Calyrex|atk|1\n|\n|upkeep\n|\n|t:|1775092121\n|switch|p2a: Incineroar|Incineroar, L50, M|100/100\n|-ability|p2a: Incineroar|Intimidate|boost\n|-unboost|p1a: Sneasler|atk|1\n|-fail|p1b: Calyrex|unboost|[from] item: Clear Amulet|[of] p1b: Calyrex\n|turn|2\n|\n|t:|1775092136\n|-terastallize|p1a: Sneasler|Stellar\n|move|p2a: Incineroar|Fake Out|p1a: Sneasler\n|-damage|p1a: Sneasler|85/100\n|cant|p1a: Sneasler|flinch\n|move|p2b: Miraidon|Electro Drift|p1b: Calyrex\n|-damage|p1b: Calyrex|0 fnt\n|faint|p1b: Calyrex\n|\n|upkeep\n|\n|t:|1775092149\n|switch|p1b: It\u2019s Go Time|Volcarona, L50, F, shiny|100/100\n|-enditem|p1b: It\u2019s Go Time|Electric Seed\n|-boost|p1b: It\u2019s Go Time|def|1|[from] item: Electric Seed\n|turn|3\n|\n|t:|1775092170\n|switch|p2b: Urshifu|Urshifu-Rapid-Strike, L50, M|100/100\n|move|p1a: Sneasler|Dire Claw|p2b: Urshifu\n|-damage|p2b: Urshifu|68/100\n|-status|p2b: Urshifu|psn\n|move|p1b: It\u2019s Go Time|Quiver Dance|p1b: It\u2019s Go Time\n|-boost|p1b: It\u2019s Go Time|spa|1\n|-boost|p1b: It\u2019s Go Time|spd|1\n|-boost|p1b: It\u2019s Go Time|spe|1\n|move|p2a: Incineroar|Parting Shot|p1a: Sneasler\n|-unboost|p1a: Sneasler|atk|1\n|-unboost|p1a: Sneasler|spa|1\n|\n|t:|1775092182\n|switch|p2a: Miraidon|Miraidon, L50, shiny, tera:Electric|41/100|[from] Parting Shot\n|-activate|p2a: Miraidon|ability: Hadron Engine\n|\n|-damage|p2b: Urshifu|56/100 psn|[from] psn\n|upkeep\n|turn|4\n|\n|t:|1775092204\n|switch|p1a: Miraidon|Miraidon, L50|100/100\n|-activate|p1a: Miraidon|ability: Hadron Engine\n|move|p1b: It\u2019s Go Time|Giga Drain|p2b: Urshifu\n|-supereffective|p2b: Urshifu\n|-damage|p2b: Urshifu|0 fnt\n|faint|p2b: Urshifu\n|move|p2a: Miraidon|Electro Drift|p1a: Miraidon\n|-resisted|p1a: Miraidon\n|-damage|p1a: Miraidon|75/100\n|\n|upkeep\n|\n|t:|1775092214\n|switch|p2b: Incineroar|Incineroar, L50, M|100/100\n|-ability|p2b: Incineroar|Intimidate|boost\n|-unboost|p1a: Miraidon|atk|1\n|-unboost|p1b: It\u2019s Go Time|atk|1\n|turn|5\n|-message|only1003 forfeited.\n|\n|win|Dqstrqyed\n|raw|Dqstrqyed's rating: 1488 &rarr; <strong>1504</strong><br />(+16 for winning)\n|raw|only1003's rating: 1426 &rarr; <strong>1410</strong><br />(-16 for losing)\n|l|\u2606only1003\n|player|p2|\n|l|\u2606Dqstrqyed\n|player|p1|\n","uploadtime":1775092442,"views":12,"formatid":"gen9vgc2026regi","rating":1410,"private":0,"password":null}