{"id":"gen9vgc2026regi-2561761080","format":"[Gen 9] VGC 2026 Reg I","players":["tryashy","SnorlaxPikachu1"],"log":"|j|\u2606tryashy\n|j|\u2606SnorlaxPikachu1\n|t:|1773841142\n|gametype|doubles\n|player|p1|tryashy|dawn|1603\n|player|p2|SnorlaxPikachu1|palmer|1614\n|gen|9\n|tier|[Gen 9] VGC 2026 Reg I\n|rated|\n|rule|Species Clause: Limit one of each Pok\u00e9mon\n|rule|Item Clause: Limit 1 of each item\n|clearpoke\n|poke|p1|Lunala, L50|\n|poke|p1|Koraidon, L50|\n|poke|p1|Indeedee-F, L50, F|\n|poke|p1|Grimmsnarl, L50, M|\n|poke|p1|Walking Wake, L50|\n|poke|p1|Flutter Mane, L50|\n|poke|p2|Koraidon, L50|\n|poke|p2|Calyrex-Shadow, L50|\n|poke|p2|Roaring Moon, L50|\n|poke|p2|Ogerpon-Hearthflame, L50, F|\n|poke|p2|Incineroar, L50, M|\n|poke|p2|Flutter Mane, L50|\n|teampreview|4\n|inactive|Battle timer is ON: inactive players will automatically lose when time's up. (requested by tryashy)\n|\n|t:|1773841167\n|teamsize|p1|4\n|teamsize|p2|4\n|start\n|switch|p1a: Lunala|Lunala, L50|100/100\n|switch|p1b: Grimmsnarl|Grimmsnarl, L50, M|100/100\n|switch|p2a: Roaring Moon|Roaring Moon, L50|100/100\n|switch|p2b: Koraidon|Koraidon, L50|100/100\n|-weather|SunnyDay|[from] ability: Orichalcum Pulse|[of] p2b: Koraidon\n|-activate|p2a: Roaring Moon|ability: Protosynthesis\n|-start|p2a: Roaring Moon|protosynthesisspe\n|-activate|p2b: Koraidon|Orichalcum Pulse|[source]\n|turn|1\n|\n|t:|1773841179\n|-terastallize|p2b: Koraidon|Fire\n|-terastallize|p1a: Lunala|Fairy\n|move|p1b: Grimmsnarl|Fake Out|p2b: Koraidon\n|-damage|p2b: Koraidon|90/100\n|move|p2a: Roaring Moon|Taunt|p1a: Lunala\n|-start|p1a: Lunala|move: Taunt\n|cant|p2b: Koraidon|flinch\n|move|p1a: Lunala|Moonblast|p2a: Roaring Moon\n|-supereffective|p2a: Roaring Moon\n|-damage|p2a: Roaring Moon|0 fnt\n|faint|p2a: Roaring Moon\n|-end|p2a: Roaring Moon|Protosynthesis|[silent]\n|\n|-weather|SunnyDay|[upkeep]\n|upkeep\n|\n|t:|1773841192\n|switch|p2a: Incineroar|Incineroar, L50, M|100/100\n|-ability|p2a: Incineroar|Intimidate|boost\n|-unboost|p1a: Lunala|atk|1\n|-unboost|p1b: Grimmsnarl|atk|1\n|turn|2\n|\n|t:|1773841207\n|switch|p1b: Indeedee|Indeedee-F, L50, F|100/100\n|-fieldstart|move: Psychic Terrain|[from] ability: Psychic Surge|[of] p1b: Indeedee\n|move|p2a: Incineroar|Fake Out|p1a: Lunala\n|-activate|p1a: Lunala|move: Psychic Terrain\n|move|p2b: Koraidon|Flame Charge|p1b: Indeedee\n|-crit|p1b: Indeedee\n|-damage|p1b: Indeedee|0 fnt\n|-boost|p2b: Koraidon|spe|1\n|faint|p1b: Indeedee\n|-damage|p2b: Koraidon|80/100|[from] item: Life Orb\n|move|p1a: Lunala|Expanding Force|p2a: Incineroar|[spread] p2b\n|-immune|p2a: Incineroar\n|-damage|p2b: Koraidon|14/100\n|\n|-weather|SunnyDay|[upkeep]\n|upkeep\n|\n|t:|1773841222\n|switch|p1b: Grimmsnarl|Grimmsnarl, L50, M|100/100\n|turn|3\n|\n|t:|1773841231\n|move|p2a: Incineroar|Helping Hand|p2b: Koraidon\n|-singleturn|p2b: Koraidon|Helping Hand|[of] p2a: Incineroar\n|move|p1b: Grimmsnarl|Reflect|p1b: Grimmsnarl\n|-sidestart|p1: tryashy|Reflect\n|move|p2b: Koraidon|Flare Blitz|p1a: Lunala\n|-damage|p1a: Lunala|37/100\n|-damage|p2b: Koraidon|0 fnt|[from] Recoil\n|faint|p2b: Koraidon\n|move|p1a: Lunala|Moonblast|p2a: Incineroar\n|-damage|p2a: Incineroar|50/100\n|\n|-weather|SunnyDay|[upkeep]\n|-heal|p1a: Lunala|43/100|[from] item: Leftovers\n|-end|p1a: Lunala|move: Taunt\n|upkeep\n|\n|t:|1773841238\n|switch|p2b: Calyrex|Calyrex-Shadow, L50|100/100\n|-ability|p2b: Calyrex|As One\n|-ability|p2b: Calyrex|Unnerve\n|turn|4\n|\n|t:|1773841251\n|move|p2a: Incineroar|Helping Hand|p2b: Calyrex\n|-singleturn|p2b: Calyrex|Helping Hand|[of] p2a: Incineroar\n|move|p1b: Grimmsnarl|Light Screen|p1b: Grimmsnarl\n|-sidestart|p1: tryashy|move: Light Screen\n|move|p2b: Calyrex|Psychic|p1a: Lunala\n|-damage|p1a: Lunala|0 fnt\n|faint|p1a: Lunala\n|-ability|p2b: Calyrex|Grim Neigh|boost\n|-boost|p2b: Calyrex|spa|1\n|\n|-weather|SunnyDay|[upkeep]\n|upkeep\n|\n|t:|1773841256\n|switch|p1a: Koraidon|Koraidon, L50|100/100\n|-activate|p1a: Koraidon|ability: Orichalcum Pulse\n|turn|5\n|\n|t:|1773841274\n|move|p1a: Koraidon|Flare Blitz|p2b: Calyrex\n|-enditem|p2b: Calyrex|Focus Sash\n|-damage|p2b: Calyrex|1/100\n|-damage|p1a: Koraidon|70/100|[from] Recoil\n|move|p2b: Calyrex|Psychic|p1a: Koraidon\n|-supereffective|p1a: Koraidon\n|-damage|p1a: Koraidon|0 fnt\n|faint|p1a: Koraidon\n|-ability|p2b: Calyrex|Grim Neigh|boost\n|-boost|p2b: Calyrex|spa|1\n|move|p2a: Incineroar|Flare Blitz|p1b: Grimmsnarl\n|-damage|p1b: Grimmsnarl|53/100\n|-damage|p2a: Incineroar|34/100|[from] Recoil\n|move|p1b: Grimmsnarl|Spirit Break|p2b: Calyrex\n|-damage|p2b: Calyrex|0 fnt\n|faint|p2b: Calyrex\n|\n|-weather|none\n|upkeep\n|turn|6\n|\n|t:|1773841291\n|move|p2a: Incineroar|Flare Blitz|p1b: Grimmsnarl\n|-damage|p1b: Grimmsnarl|19/100\n|-damage|p2a: Incineroar|23/100|[from] Recoil\n|move|p1b: Grimmsnarl|Spirit Break|p2a: Incineroar\n|-damage|p2a: Incineroar|0 fnt\n|-damage|p1b: Grimmsnarl|3/100|[from] item: Rocky Helmet|[of] p2a: Incineroar\n|faint|p2a: Incineroar\n|\n|win|tryashy\n|raw|tryashy's rating: 1603 &rarr; <strong>1624</strong><br />(+21 for winning)\n|raw|SnorlaxPikachu1's rating: 1614 &rarr; <strong>1593</strong><br />(-21 for losing)\n|l|\u2606SnorlaxPikachu1\n|player|p2|\n|l|\u2606tryashy\n|player|p1|\n","uploadtime":1773841452,"views":30,"formatid":"gen9vgc2026regi","rating":1593,"private":0,"password":null}