{"id":"gen9vgc2026regi-2561897615","format":"[Gen 9] VGC 2026 Reg I","players":["Marty Supreme","Mirthinion"],"log":"|j|\u2606Marty Supreme\n|j|\u2606Mirthinion\n|t:|1773852938\n|gametype|doubles\n|player|p1|Marty Supreme|2|1345\n|player|p2|Mirthinion|janitor|1468\n|gen|9\n|tier|[Gen 9] VGC 2026 Reg I\n|rated|\n|rule|Species Clause: Limit one of each Pok\u00e9mon\n|rule|Item Clause: Limit 1 of each item\n|clearpoke\n|poke|p1|Tornadus, L50, M|\n|poke|p1|Urshifu-*, L50, F|\n|poke|p1|Raichu, L50, M|\n|poke|p1|Zacian-*, L50|\n|poke|p1|Chien-Pao, L50|\n|poke|p1|Kyogre, L50|\n|poke|p2|Calyrex-Shadow, L50|\n|poke|p2|Zamazenta-*, L50|\n|poke|p2|Urshifu-*, L50, M|\n|poke|p2|Incineroar, L50, M|\n|poke|p2|Rillaboom, L50, M|\n|poke|p2|Tornadus, L50, M|\n|teampreview|4\n|inactive|Battle timer is ON: inactive players will automatically lose when time's up. (requested by Mirthinion)\nMirthinion rejected open team sheets.\n|inactive|Mirthinion has 60 seconds left.\n|\n|t:|1773852970\n|teamsize|p1|4\n|teamsize|p2|4\n|start\n|switch|p1a: Runner|Tornadus, L50, M, shiny|100/100\n|switch|p1b: EoB|Kyogre, L50, shiny|100/100\n|switch|p2a: Vangwe|Tornadus, L50, M|100/100\n|switch|p2b: Drambor|Zamazenta-Crowned, L50|100/100\n|-ability|p2b: Drambor|Dauntless Shield|boost\n|-boost|p2b: Drambor|def|1\n|-weather|RainDance|[from] ability: Drizzle|[of] p1b: EoB\n|turn|1\n|inactive|Marty Supreme has 30 seconds left.\n|\n|t:|1773853004\n|-terastallize|p2b: Drambor|Grass\n|move|p1a: Runner|Tailwind|p1a: Runner\n|-sidestart|p1: Marty Supreme|move: Tailwind\n|move|p2a: Vangwe|Tailwind|p2a: Vangwe\n|-sidestart|p2: Mirthinion|move: Tailwind\n|move|p2b: Drambor|Body Press|p1b: EoB\n|-crit|p1b: EoB\n|-damage|p1b: EoB|2/100\n|move|p1b: EoB|Hydro Pump|p2b: Drambor\n|-resisted|p2b: Drambor\n|-damage|p2b: Drambor|58/100\n|\n|-weather|RainDance|[upkeep]\n|upkeep\n|turn|2\n|\n|t:|1773853025\n|move|p2b: Drambor|Behemoth Bash|p1a: Runner\n|-damage|p1a: Runner|58/100\n|move|p1a: Runner|Hurricane|p2b: Drambor\n|-supereffective|p2b: Drambor\n|-damage|p2b: Drambor|0 fnt\n|faint|p2b: Drambor\n|move|p2a: Vangwe|Bleakwind Storm|p1a: Runner|[spread] p1a,p1b\n|-damage|p1a: Runner|13/100\n|-damage|p1b: EoB|0 fnt\n|faint|p1b: EoB\n|\n|-weather|RainDance|[upkeep]\n|upkeep\n|inactive|Marty Supreme has 30 seconds left.\n|inactive|Mirthinion has 30 seconds left.\n|inactive|Marty Supreme has 20 seconds left.\n|inactive|Mirthinion has 20 seconds left.\n|inactive|Mirthinion has 15 seconds left.\n|\n|t:|1773853065\n|switch|p2b: Mithrandir|Calyrex-Shadow, L50|100/100\n|switch|p1b: FigureYouOut|Zacian-Crowned, L50|100/100\n|-ability|p2b: Mithrandir|As One\n|-ability|p2b: Mithrandir|Unnerve\n|-ability|p1b: FigureYouOut|Intrepid Sword|boost\n|-boost|p1b: FigureYouOut|atk|1\n|turn|3\n|l|\u2606Marty Supreme\n|inactive|Marty Supreme disconnected and has a minute to reconnect!\n|player|p1|\n|j|\u2606Marty Supreme\n|inactive|Marty Supreme reconnected and has 45 seconds left.\n|player|p1|Marty Supreme|2|\n|inactive|Marty Supreme has 30 seconds left.\n|inactive|Marty Supreme has 20 seconds left.\n|inactive|Marty Supreme has 15 seconds left.\n|\n|t:|1773853106\n|move|p2a: Vangwe|Taunt|p1a: Runner\n|-start|p1a: Runner|move: Taunt\n|move|p2b: Mithrandir|Astral Barrage|p1b: FigureYouOut|[spread] p1a,p1b\n|-damage|p1a: Runner|0 fnt\n|-damage|p1b: FigureYouOut|53/100\n|faint|p1a: Runner\n|-ability|p2b: Mithrandir|Grim Neigh|boost\n|-boost|p2b: Mithrandir|spa|1\n|move|p1b: FigureYouOut|Behemoth Blade|p2a: Vangwe\n|-damage|p2a: Vangwe|0 fnt\n|faint|p2a: Vangwe\n|\n|-weather|RainDance|[upkeep]\n|upkeep\n|c|\u2606Mirthinion|Love the name on Zacian. :)\n|c|\u2606Marty Supreme|Ty boss\n|inactive|Marty Supreme has 30 seconds left.\n|\n|t:|1773853133\n|switch|p1a: On and On|Urshifu-Rapid-Strike, L50, F|100/100\n|switch|p2a: Beowulf|Urshifu-Rapid-Strike, L50, M|100/100\n|turn|4\n|inactive|Mirthinion has 30 seconds left.\n|\n|t:|1773853163\n|-terastallize|p1b: FigureYouOut|Grass\n|move|p1a: On and On|Surging Strikes|p2b: Mithrandir\n|-crit|p2b: Mithrandir\n|-damage|p2b: Mithrandir|65/100\n|-crit|p2b: Mithrandir\n|-damage|p2b: Mithrandir|30/100\n|-crit|p2b: Mithrandir\n|-damage|p2b: Mithrandir|0 fnt\n|faint|p2b: Mithrandir\n|-hitcount|p2: Mithrandir|3\n|move|p1b: FigureYouOut|Play Rough|p2a: Beowulf|[miss]\n|-miss|p1b: FigureYouOut|p2a: Beowulf\n|move|p2a: Beowulf|Surging Strikes|p1b: FigureYouOut\n|-resisted|p1b: FigureYouOut\n|-crit|p1b: FigureYouOut\n|-damage|p1b: FigureYouOut|34/100\n|-resisted|p1b: FigureYouOut\n|-crit|p1b: FigureYouOut\n|-damage|p1b: FigureYouOut|14/100\n|-resisted|p1b: FigureYouOut\n|-crit|p1b: FigureYouOut\n|-damage|p1b: FigureYouOut|0 fnt\n|faint|p1b: FigureYouOut\n|-hitcount|p1: FigureYouOut|3\n|\n|-weather|RainDance|[upkeep]\n|-sideend|p1: Marty Supreme|move: Tailwind\n|-sideend|p2: Mirthinion|move: Tailwind\n|upkeep\n|turn|5\n|inactive|Mirthinion has 30 seconds left.\n|\n|t:|1773853189\n|move|p1a: On and On|Surging Strikes|p2a: Beowulf\n|-resisted|p2a: Beowulf\n|-crit|p2a: Beowulf\n|-damage|p2a: Beowulf|83/100\n|-resisted|p2a: Beowulf\n|-crit|p2a: Beowulf\n|-damage|p2a: Beowulf|65/100\n|-resisted|p2a: Beowulf\n|-crit|p2a: Beowulf\n|-damage|p2a: Beowulf|48/100\n|-hitcount|p2a: Beowulf|3\n|move|p2a: Beowulf|Surging Strikes|p1a: On and On\n|-resisted|p1a: On and On\n|-crit|p1a: On and On\n|-damage|p1a: On and On|76/100\n|-resisted|p1a: On and On\n|-crit|p1a: On and On\n|-damage|p1a: On and On|52/100\n|-resisted|p1a: On and On\n|-crit|p1a: On and On\n|-damage|p1a: On and On|30/100\n|-hitcount|p1a: On and On|3\n|\n|-weather|none\n|upkeep\n|turn|6\n|\n|t:|1773853205\n|move|p1a: On and On|Surging Strikes|p2a: Beowulf\n|-resisted|p2a: Beowulf\n|-crit|p2a: Beowulf\n|-damage|p2a: Beowulf|37/100\n|-resisted|p2a: Beowulf\n|-crit|p2a: Beowulf\n|-damage|p2a: Beowulf|27/100\n|-resisted|p2a: Beowulf\n|-crit|p2a: Beowulf\n|-damage|p2a: Beowulf|15/100\n|-hitcount|p2a: Beowulf|3\n|move|p2a: Beowulf|Surging Strikes|p1a: On and On\n|-resisted|p1a: On and On\n|-crit|p1a: On and On\n|-damage|p1a: On and On|16/100\n|-resisted|p1a: On and On\n|-crit|p1a: On and On\n|-damage|p1a: On and On|0 fnt\n|faint|p1a: On and On\n|-hitcount|p1: On and On|2\n|\n|win|Mirthinion\n|raw|Marty Supreme's rating: 1345 &rarr; <strong>1332</strong><br />(-13 for losing)\n|raw|Mirthinion's rating: 1468 &rarr; <strong>1481</strong><br />(+13 for winning)\n|c|\u2606Marty Supreme|Gg\n|c|\u2606Mirthinion|gg\n|l|\u2606Marty Supreme\n|player|p1|\n","uploadtime":1773853207,"views":124,"formatid":"gen9vgc2026regi","rating":1332,"private":0,"password":null}