{"id":"gen9vgc2026regi-2576886649","format":"[Gen 9] VGC 2026 Reg I","players":["Kwiper","Snowsquall brute"],"log":"|j|\u2606Kwiper\n|j|\u2606Snowsquall brute\n|t:|1775514317\n|gametype|doubles\n|player|p1|Kwiper|sycamore|1515\n|player|p2|Snowsquall brute|veteran|1647\n|gen|9\n|tier|[Gen 9] VGC 2026 Reg I\n|rated|\n|rule|Species Clause: Limit one of each Pok\u00e9mon\n|rule|Item Clause: Limit 1 of each item\n|clearpoke\n|poke|p1|Koraidon, L50|\n|poke|p1|Lunala, L50|\n|poke|p1|Indeedee-F, L50, F|\n|poke|p1|Flutter Mane, L50|\n|poke|p1|Volcarona, L50, F|\n|poke|p1|Ursaluna, L50, F|\n|poke|p2|Miraidon, L50|\n|poke|p2|Landorus-Therian, L50, M|\n|poke|p2|Kingambit, L50, F|\n|poke|p2|Lunala, L50|\n|teampreview|4\n|inactive|Battle timer is ON: inactive players will automatically lose when time's up. (requested by Kwiper)\n|\n|t:|1775514346\n|teamsize|p1|4\n|teamsize|p2|4\n|start\n|switch|p1a: Lunala|Lunala, L50, shiny|100/100\n|switch|p1b: Indeedee|Indeedee-F, L50, F|100/100\n|switch|p2a: Miraidon|Miraidon, L50|100/100\n|switch|p2b: Landorus|Landorus-Therian, L50, M|100/100\n|-fieldstart|move: Electric Terrain|[from] ability: Hadron Engine|[of] p2a: Miraidon\n|-enditem|p2a: Miraidon|Electric Seed\n|-boost|p2a: Miraidon|def|1|[from] item: Electric Seed\n|-ability|p2b: Landorus|Intimidate|boost\n|-unboost|p1a: Lunala|atk|1\n|-unboost|p1b: Indeedee|atk|1\n|-fieldstart|move: Psychic Terrain|[from] ability: Psychic Surge|[of] p1b: Indeedee\n|turn|1\n|\n|t:|1775514357\n|switch|p2b: Kingambit|Kingambit, L50, F|100/100\n|move|p2a: Miraidon|Calm Mind|p2a: Miraidon\n|-boost|p2a: Miraidon|spa|1\n|-boost|p2a: Miraidon|spd|1\n|move|p1a: Lunala|Expanding Force|p2a: Miraidon|[spread] p2a\n|-immune|p2b: Kingambit\n|-damage|p2a: Miraidon|72/100\n|move|p1b: Indeedee|Alluring Voice|p2a: Miraidon\n|-supereffective|p2a: Miraidon\n|-damage|p2a: Miraidon|57/100\n|-start|p2a: Miraidon|confusion\n|\n|upkeep\n|turn|2\n|\n|t:|1775514367\n|switch|p1a: Ursaluna|Ursaluna, L50, F|100/100\n|-activate|p2a: Miraidon|confusion\n|move|p2a: Miraidon|Parabolic Charge|p1b: Indeedee|[spread] p2b,p1b\n|-immune|p1a: Ursaluna\n|-damage|p2b: Kingambit|68/100\n|-heal|p2a: Miraidon|73/100|[from] drain|[of] p2b: Kingambit\n|-damage|p1b: Indeedee|70/100\n|-heal|p2a: Miraidon|86/100|[from] drain|[of] p1b: Indeedee\n|move|p1b: Indeedee|Alluring Voice|p2a: Miraidon\n|-supereffective|p2a: Miraidon\n|-damage|p2a: Miraidon|71/100\n|move|p2b: Kingambit|Kowtow Cleave|p1a: Ursaluna\n|-damage|p1a: Ursaluna|62/100\n|\n|-status|p1a: Ursaluna|brn|[from] item: Flame Orb\n|upkeep\n|turn|3\n|\n|t:|1775514377\n|switch|p2b: Landorus|Landorus-Therian, L50, M|100/100\n|-ability|p2b: Landorus|Intimidate|boost\n|-unboost|p1a: Ursaluna|atk|1\n|-unboost|p1b: Indeedee|atk|1\n|move|p1b: Indeedee|Helping Hand|p1a: Ursaluna\n|-singleturn|p1a: Ursaluna|Helping Hand|[of] p1b: Indeedee\n|-activate|p2a: Miraidon|confusion\n|move|p2a: Miraidon|Protect|p2a: Miraidon\n|-singleturn|p2a: Miraidon|Protect\n|move|p1a: Ursaluna|Facade|p2b: Landorus\n|-damage|p2b: Landorus|0 fnt\n|faint|p2b: Landorus\n|\n|-damage|p1a: Ursaluna|56/100 brn|[from] brn\n|upkeep\n|\n|t:|1775514381\n|switch|p2b: Lunala|Lunala, L50|100/100\n|turn|4\n|\n|t:|1775514392\n|move|p1b: Indeedee|Follow Me|p1b: Indeedee\n|-singleturn|p1b: Indeedee|move: Follow Me\n|-end|p2a: Miraidon|confusion\n|move|p2a: Miraidon|Dragon Pulse|p1b: Indeedee\n|-damage|p1b: Indeedee|19/100\n|move|p2b: Lunala|Icy Wind|p1b: Indeedee|[spread] p1a,p1b\n|-supereffective|p1a: Ursaluna\n|-damage|p1a: Ursaluna|36/100 brn\n|-damage|p1b: Indeedee|6/100\n|-unboost|p1a: Ursaluna|spe|1\n|-unboost|p1b: Indeedee|spe|1\n|move|p1a: Ursaluna|Headlong Rush|p2a: Miraidon\n|-supereffective|p2a: Miraidon\n|-damage|p2a: Miraidon|0 fnt\n|-unboost|p1a: Ursaluna|def|1\n|-unboost|p1a: Ursaluna|spd|1\n|faint|p2a: Miraidon\n|\n|-damage|p1a: Ursaluna|30/100 brn|[from] brn\n|upkeep\n|\n|t:|1775514395\n|switch|p2a: Kingambit|Kingambit, L50, F|68/100\n|turn|5\n|\n|t:|1775514406\n|move|p1b: Indeedee|Follow Me|p1b: Indeedee\n|-singleturn|p1b: Indeedee|move: Follow Me\n|move|p2b: Lunala|Icy Wind|p1b: Indeedee|[spread] p1a,p1b\n|-supereffective|p1a: Ursaluna\n|-damage|p1a: Ursaluna|0 fnt\n|-damage|p1b: Indeedee|0 fnt\n|faint|p1a: Ursaluna\n|faint|p1b: Indeedee\n|move|p2a: Kingambit|Kowtow Cleave|p1: Ursaluna|[notarget]\n|-fail|p2a: Kingambit\n|\n|-fieldend|move: Psychic Terrain\n|upkeep\n|\n|t:|1775514408\n|switch|p1b: Lunala|Lunala, L50, shiny|100/100\n|switch|p1a: Koraidon|Koraidon, L50, shiny|100/100\n|-weather|SunnyDay|[from] ability: Orichalcum Pulse|[of] p1a: Koraidon\n|-activate|p1a: Koraidon|Orichalcum Pulse|[source]\n|turn|6\n|j| oherrodersir\n|\n|t:|1775514423\n|-terastallize|p2b: Lunala|Water\n|-terastallize|p1b: Lunala|Water\n|move|p2a: Kingambit|Protect|p2a: Kingambit\n|-singleturn|p2a: Kingambit|Protect\n|move|p1a: Koraidon|Flare Blitz|p2b: Lunala\n|-resisted|p2b: Lunala\n|-damage|p2b: Lunala|80/100\n|-damage|p1a: Koraidon|91/100|[from] Recoil\n|-damage|p1a: Koraidon|82/100|[from] item: Life Orb\n|move|p2b: Lunala|Moongeist Beam|p1a: Koraidon\n|-damage|p1a: Koraidon|36/100\n|move|p1b: Lunala|Meteor Beam||[still]\n|-prepare|p1b: Lunala|Meteor Beam\n|-boost|p1b: Lunala|spa|1\n|-enditem|p1b: Lunala|Power Herb\n|-anim|p1b: Lunala|Meteor Beam|p2b: Lunala\n|-damage|p2b: Lunala|29/100\n|-enditem|p2b: Lunala|Sitrus Berry|[eat]\n|-heal|p2b: Lunala|54/100|[from] item: Sitrus Berry\n|\n|-weather|SunnyDay|[upkeep]\n|upkeep\n|turn|7\n|\n|t:|1775514435\n|move|p2a: Kingambit|Sucker Punch|p1a: Koraidon\n|-resisted|p1a: Koraidon\n|-damage|p1a: Koraidon|15/100\n|move|p1a: Koraidon|Close Combat|p2a: Kingambit\n|-supereffective|p2a: Kingambit\n|-damage|p2a: Kingambit|0 fnt\n|-unboost|p1a: Koraidon|def|1\n|-unboost|p1a: Koraidon|spd|1\n|faint|p2a: Kingambit\n|-damage|p1a: Koraidon|5/100|[from] item: Life Orb\n|move|p2b: Lunala|Icy Wind|p1a: Koraidon|[spread] p1a,p1b\n|-supereffective|p1a: Koraidon\n|-resisted|p1b: Lunala\n|-damage|p1a: Koraidon|0 fnt\n|-damage|p1b: Lunala|98/100\n|-unboost|p1b: Lunala|spe|1\n|faint|p1a: Koraidon\n|move|p1b: Lunala|Moongeist Beam|p2b: Lunala\n|-damage|p2b: Lunala|0 fnt\n|faint|p2b: Lunala\n|\n|win|Kwiper\n|raw|Kwiper's rating: 1515 &rarr; <strong>1542</strong><br />(+27 for winning)\n|raw|Snowsquall brute's rating: 1647 &rarr; <strong>1620</strong><br />(-27 for losing)\n","uploadtime":1775514435,"views":21,"formatid":"gen9vgc2026regi","rating":1542,"private":0,"password":null}