{"id":"gen9vgc2026regi-2563779807","format":"[Gen 9] VGC 2026 Reg I","players":["itastelikeiron","Rotomotopoto"],"log":"|j|\u2606itastelikeiron\n|j|\u2606Rotomotopoto\n|t:|1774061299\n|gametype|doubles\n|player|p1|itastelikeiron|infielder|1397\n|player|p2|Rotomotopoto|169|1387\n|gen|9\n|tier|[Gen 9] VGC 2026 Reg I\n|rated|\n|rule|Species Clause: Limit one of each Pok\u00e9mon\n|rule|Item Clause: Limit 1 of each item\n|clearpoke\n|poke|p1|Tsareena, L50, F|\n|poke|p1|Kyogre, L50|\n|poke|p1|Basculegion, L50, M|\n|poke|p1|Tornadus, L50, M|\n|poke|p1|Incineroar, L50, M|\n|poke|p1|Zacian-*, L50|\n|poke|p2|Lunala, L50|\n|poke|p2|Ursaluna, L50, M|\n|poke|p2|Urshifu-*, L50, M|\n|poke|p2|Miraidon, L50|\n|poke|p2|Grimmsnarl, L50, M|\n|poke|p2|Incineroar, L50, M|\n|teampreview|4\n|\n|t:|1774061321\n|teamsize|p1|4\n|teamsize|p2|4\n|start\n|switch|p1a: Basculegion|Basculegion, L50, M|100/100\n|switch|p1b: Kyogre|Kyogre, L50|100/100\n|switch|p2a: Miraidon|Miraidon, L50|100/100\n|switch|p2b: Grimmsnarl|Grimmsnarl, L50, M|100/100\n|-weather|RainDance|[from] ability: Drizzle|[of] p1b: Kyogre\n|-fieldstart|move: Electric Terrain|[from] ability: Hadron Engine|[of] p2a: Miraidon\n|turn|1\n|\n|t:|1774061342\n|switch|p1a: Tsareena|Tsareena, L50, F|100/100\n|-terastallize|p1b: Kyogre|Water\n|move|p2b: Grimmsnarl|Reflect|p2b: Grimmsnarl\n|-sidestart|p2: Rotomotopoto|Reflect\n|move|p1b: Kyogre|Water Spout|p2a: Miraidon|[spread] p2a,p2b\n|-resisted|p2a: Miraidon\n|-damage|p2a: Miraidon|65/100\n|-damage|p2b: Grimmsnarl|0 fnt\n|faint|p2b: Grimmsnarl\n|move|p2a: Miraidon|Volt Switch|p1b: Kyogre\n|-supereffective|p1b: Kyogre\n|-damage|p1b: Kyogre|0 fnt\n|faint|p1b: Kyogre\n|j| Therazer456\n|\n|t:|1774061351\n|switch|p2a: Lunala|Lunala, L50|100/100|[from] Volt Switch\n|-enditem|p2a: Lunala|Electric Seed\n|-boost|p2a: Lunala|def|1|[from] item: Electric Seed\n|\n|-weather|RainDance|[upkeep]\n|upkeep\n|\n|t:|1774061355\n|switch|p1b: Basculegion|Basculegion, L50, M|100/100\n|switch|p2b: Miraidon|Miraidon, L50|65/100\n|-activate|p2b: Miraidon|ability: Hadron Engine\n|turn|2\n|\n|t:|1774061374\n|-terastallize|p2a: Lunala|Fairy\n|move|p1b: Basculegion|Last Respects|p2a: Lunala\n|-damage|p2a: Lunala|93/100\n|move|p2b: Miraidon|Electro Drift|p1b: Basculegion\n|-supereffective|p1b: Basculegion\n|-damage|p1b: Basculegion|0 fnt\n|faint|p1b: Basculegion\n|move|p1a: Tsareena|Triple Axel|p2b: Miraidon\n|-supereffective|p2b: Miraidon\n|-damage|p2b: Miraidon|56/100\n|-supereffective|p2b: Miraidon\n|-damage|p2b: Miraidon|39/100\n|-supereffective|p2b: Miraidon\n|-damage|p2b: Miraidon|14/100\n|-hitcount|p2b: Miraidon|3\n|move|p2a: Lunala|Trick Room|p2a: Lunala\n|-fieldstart|move: Trick Room|[of] p2a: Lunala\n|\n|-weather|RainDance|[upkeep]\n|upkeep\n|\n|t:|1774061379\n|switch|p1b: Zacian|Zacian-Crowned, L50|100/100\n|-ability|p1b: Zacian|Intrepid Sword|boost\n|-boost|p1b: Zacian|atk|1\n|turn|3\n|\n|t:|1774061434\n|move|p2a: Lunala|Moongeist Beam|p1a: Tsareena\n|-damage|p1a: Tsareena|30/100\n|move|p1a: Tsareena|Triple Axel|p2b: Miraidon\n|-supereffective|p2b: Miraidon\n|-damage|p2b: Miraidon|5/100\n|-supereffective|p2b: Miraidon\n|-damage|p2b: Miraidon|0 fnt\n|faint|p2b: Miraidon\n|-hitcount|p2: Miraidon|2\n|move|p1b: Zacian|Behemoth Blade|p2a: Lunala\n|-supereffective|p2a: Lunala\n|-damage|p2a: Lunala|44/100\n|\n|-weather|RainDance|[upkeep]\n|upkeep\n|\n|t:|1774061437\n|switch|p2b: Urshifu|Urshifu-Rapid-Strike, L50, M|100/100\n|turn|4\n|\n|t:|1774061448\n|move|p1a: Tsareena|Protect|p1a: Tsareena\n|-singleturn|p1a: Tsareena|Protect\n|move|p2a: Lunala|Moongeist Beam|p1a: Tsareena\n|-activate|p1a: Tsareena|move: Protect\n|move|p2b: Urshifu|Surging Strikes|p1b: Zacian\n|-crit|p1b: Zacian\n|-damage|p1b: Zacian|57/100\n|-crit|p1b: Zacian\n|-damage|p1b: Zacian|20/100\n|-crit|p1b: Zacian\n|-damage|p1b: Zacian|0 fnt\n|faint|p1b: Zacian\n|-hitcount|p1: Zacian|3\n|\n|-weather|RainDance|[upkeep]\n|upkeep\n|turn|5\n|-message|itastelikeiron forfeited.\n|\n|win|Rotomotopoto\n|raw|itastelikeiron's rating: 1397 &rarr; <strong>1376</strong><br />(-21 for losing)\n|raw|Rotomotopoto's rating: 1387 &rarr; <strong>1408</strong><br />(+21 for winning)\n|l|\u2606itastelikeiron\n|player|p1|\n|l|\u2606Rotomotopoto\n|player|p2|\n","uploadtime":1774061660,"views":14,"formatid":"gen9vgc2026regi","rating":1376,"private":0,"password":null}