{"id":"gen9vgc2026regi-2539543052","format":"[Gen 9] VGC 2026 Reg I","players":["hds114514\u82cd\u708e\u5203\u9b3c\u4fa0","blackred123"],"log":"|j|\u2606hds114514\u82cd\u708e\u5203\u9b3c\u4fa0\n|j|\u2606blackred123\n|t:|1771078477\n|gametype|doubles\n|player|p1|hds114514\u82cd\u708e\u5203\u9b3c\u4fa0|cynthia-gen4|1343\n|player|p2|blackred123|iono-masters|1241\n|gen|9\n|tier|[Gen 9] VGC 2026 Reg I\n|rated|\n|rule|Species Clause: Limit one of each Pok\u00e9mon\n|rule|Item Clause: Limit 1 of each item\n|clearpoke\n|poke|p1|Calyrex-Shadow, L50|\n|poke|p1|Miraidon, L50|\n|poke|p1|Rillaboom, L50, M|\n|poke|p1|Grimmsnarl, L50, M|\n|poke|p1|Incineroar, L50, F|\n|poke|p1|Clefairy, L50, M|\n|poke|p2|Calyrex-Shadow, L50|\n|poke|p2|Zamazenta-*, L50|\n|poke|p2|Roaring Moon, L50|\n|poke|p2|Maushold-Four, L50|\n|poke|p2|Weezing, L50, M|\n|poke|p2|Amoonguss, L50, F|\n|teampreview|4\n|inactive|Battle timer is ON: inactive players will automatically lose when time's up. (requested by blackred123)\n|\n|t:|1771078505\n|teamsize|p1|4\n|teamsize|p2|4\n|start\n|switch|p1a: Calyrex|Calyrex-Shadow, L50|100/100\n|switch|p1b: \u9b54\u5899\u4eba\u5076|Grimmsnarl, L50, M, shiny|100/100\n|switch|p2a: Zamazenta|Zamazenta-Crowned, L50|100/100\n|switch|p2b: Roaring Moon|Roaring Moon, L50, shiny|100/100\n|-ability|p1a: Calyrex|As One\n|-ability|p1a: Calyrex|Unnerve\n|-ability|p2a: Zamazenta|Dauntless Shield|boost\n|-boost|p2a: Zamazenta|def|1\n|-enditem|p2b: Roaring Moon|Booster Energy\n|-activate|p2b: Roaring Moon|ability: Protosynthesis|[fromitem]\n|-start|p2b: Roaring Moon|protosynthesisspe\n|turn|1\n|\n|t:|1771078516\n|move|p1a: Calyrex|Protect|p1a: Calyrex\n|-singleturn|p1a: Calyrex|Protect\n|move|p2b: Roaring Moon|Knock Off|p1a: Calyrex\n|-activate|p1a: Calyrex|move: Protect\n|move|p2a: Zamazenta|Heavy Slam|p1a: Calyrex\n|-activate|p1a: Calyrex|move: Protect\n|move|p1b: \u9b54\u5899\u4eba\u5076|Spirit Break|p2b: Roaring Moon\n|-supereffective|p2b: Roaring Moon\n|-damage|p2b: Roaring Moon|0 fnt\n|faint|p2b: Roaring Moon\n|-end|p2b: Roaring Moon|Protosynthesis|[silent]\n|\n|upkeep\n|\n|t:|1771078527\n|switch|p2b: Calyrex|Calyrex-Shadow, L50|100/100\n|-ability|p2b: Calyrex|As One\n|-ability|p2b: Calyrex|Unnerve\n|turn|2\n|\n|t:|1771078541\n|switch|p1a: Incineroar|Incineroar, L50, F|100/100\n|-ability|p1a: Incineroar|Intimidate|boost\n|-unboost|p2a: Zamazenta|atk|1\n|-unboost|p2b: Calyrex|atk|1\n|-terastallize|p2b: Calyrex|Ghost\n|move|p2a: Zamazenta|Wide Guard|p2a: Zamazenta\n|-singleturn|p2a: Zamazenta|Wide Guard\n|move|p1b: \u9b54\u5899\u4eba\u5076|Reflect|p1b: \u9b54\u5899\u4eba\u5076\n|-sidestart|p1: hds114514\u82cd\u708e\u5203\u9b3c\u4fa0|Reflect\n|move|p2b: Calyrex|Astral Barrage|p1b: \u9b54\u5899\u4eba\u5076|[spread] p1a,p1b\n|-resisted|p1a: Incineroar\n|-resisted|p1b: \u9b54\u5899\u4eba\u5076\n|-damage|p1a: Incineroar|57/100\n|-damage|p1b: \u9b54\u5899\u4eba\u5076|48/100\n|\n|upkeep\n|turn|3\n|\n|t:|1771078553\n|move|p1a: Incineroar|Fake Out|p2a: Zamazenta\n|-resisted|p2a: Zamazenta\n|-damage|p2a: Zamazenta|99/100\n|move|p2b: Calyrex|Astral Barrage|p1a: Incineroar|[spread] p1a,p1b\n|-resisted|p1a: Incineroar\n|-resisted|p1b: \u9b54\u5899\u4eba\u5076\n|-damage|p1a: Incineroar|14/100\n|-damage|p1b: \u9b54\u5899\u4eba\u5076|0 fnt\n|faint|p1b: \u9b54\u5899\u4eba\u5076\n|-ability|p2b: Calyrex|Grim Neigh|boost\n|-boost|p2b: Calyrex|spa|1\n|cant|p2a: Zamazenta|flinch\n|\n|upkeep\n|\n|t:|1771078566\n|switch|p1b: Miraidon|Miraidon, L50|100/100\n|-fieldstart|move: Electric Terrain|[from] ability: Hadron Engine|[of] p1b: Miraidon\n|turn|4\n|\n|t:|1771078577\n|-terastallize|p1b: Miraidon|Electric\n|move|p1b: Miraidon|Electro Drift|p2b: Calyrex\n|-damage|p2b: Calyrex|0 fnt\n|faint|p2b: Calyrex\n|move|p2a: Zamazenta|Body Press|p1b: Miraidon\n|-damage|p1b: Miraidon|54/100\n|move|p1a: Incineroar|Parting Shot|p2a: Zamazenta\n|-unboost|p2a: Zamazenta|atk|1\n|-unboost|p2a: Zamazenta|spa|1\n|\n|t:|1771078581\n|switch|p1a: Calyrex|Calyrex-Shadow, L50|100/100|[from] Parting Shot\n|-ability|p1a: Calyrex|As One\n|-ability|p1a: Calyrex|Unnerve\n|\n|upkeep\n|\n|t:|1771078584\n|switch|p2b: Maushold|Maushold-Four, L50|100/100\n|turn|5\n|\n|t:|1771078604\n|move|p2b: Maushold|Helping Hand|p2a: Zamazenta\n|-singleturn|p2a: Zamazenta|Helping Hand|[of] p2b: Maushold\n|move|p1b: Miraidon|Electro Drift|p2b: Maushold\n|-damage|p2b: Maushold|0 fnt\n|faint|p2b: Maushold\n|move|p1a: Calyrex|Calm Mind|p1a: Calyrex\n|-boost|p1a: Calyrex|spa|1\n|-boost|p1a: Calyrex|spd|1\n|move|p2a: Zamazenta|Body Press|p1b: Miraidon\n|-damage|p1b: Miraidon|0 fnt\n|faint|p1b: Miraidon\n|\n|upkeep\n|\n|t:|1771078614\n|switch|p1b: Incineroar|Incineroar, L50, F|14/100\n|-ability|p1b: Incineroar|Intimidate|boost\n|-unboost|p2a: Zamazenta|atk|1\n|turn|6\n|\n|t:|1771078621\n|move|p2a: Zamazenta|Wide Guard|p2a: Zamazenta\n|-singleturn|p2a: Zamazenta|Wide Guard\n|move|p1b: Incineroar|Fake Out|p2a: Zamazenta\n|-resisted|p2a: Zamazenta\n|-damage|p2a: Zamazenta|97/100\n|move|p1a: Calyrex|Astral Barrage|p2a: Zamazenta\n|-activate|p2a: Zamazenta|move: Wide Guard\n|\n|upkeep\n|turn|7\n|\n|t:|1771078630\n|move|p1a: Calyrex|Draining Kiss|p2a: Zamazenta\n|-damage|p2a: Zamazenta|77/100\n|move|p2a: Zamazenta|Heavy Slam|p1a: Calyrex\n|-damage|p1a: Calyrex|85/100\n|move|p1b: Incineroar|Will-O-Wisp|p2a: Zamazenta\n|-status|p2a: Zamazenta|brn\n|\n|-damage|p2a: Zamazenta|71/100 brn|[from] brn\n|upkeep\n|turn|8\n|-message|blackred123 forfeited.\n|\n|win|hds114514\u82cd\u708e\u5203\u9b3c\u4fa0\n|raw|hds114514\u82cd\u708e\u5203\u9b3c\u4fa0's rating: 1343 &rarr; <strong>1357</strong><br />(+14 for winning)\n|raw|blackred123's rating: 1241 &rarr; <strong>1223</strong><br />(-18 for losing)\n|l|\u2606blackred123\n|player|p2|\n|l|\u2606hds114514\u82cd\u708e\u5203\u9b3c\u4fa0\n|player|p1|\n","uploadtime":1771078817,"views":33,"formatid":"gen9vgc2026regi","rating":1223,"private":0,"password":null}