{"id":"gen9vgc2026regi-2561667626","format":"[Gen 9] VGC 2026 Reg I","players":["sheeshshane925","ky123456"],"log":"|j|\u2606sheeshshane925\n|j|\u2606ky123456\n|t:|1773830304\n|gametype|doubles\n|player|p1|sheeshshane925|chuck|1423\n|player|p2|ky123456|cynthia-gen4|1606\n|gen|9\n|tier|[Gen 9] VGC 2026 Reg I\n|rated|\n|rule|Species Clause: Limit one of each Pok\u00e9mon\n|rule|Item Clause: Limit 1 of each item\n|clearpoke\n|poke|p1|Calyrex-Ice, L50|\n|poke|p1|Miraidon, L50|\n|poke|p1|Farigiraf, L50, F|\n|poke|p1|Iron Hands, L50|\n|poke|p1|Scraggy, L50, F|\n|poke|p1|Iron Bundle, L50|\n|poke|p2|Lunala, L50|\n|poke|p2|Miraidon, L50|\n|poke|p2|Whimsicott, L50, M|\n|poke|p2|Ursaluna, L50, M|\n|poke|p2|Urshifu-*, L50, M|\n|poke|p2|Incineroar, L50, M|\n|teampreview|4\n|inactive|Battle timer is ON: inactive players will automatically lose when time's up. (requested by sheeshshane925)\n|\n|t:|1773830335\n|teamsize|p1|4\n|teamsize|p2|4\n|start\n|switch|p1a: Miraidon|Miraidon, L50, shiny|100/100\n|switch|p1b: Iron Bundle|Iron Bundle, L50|100/100\n|switch|p2a: Miraidon|Miraidon, L50|100/100\n|switch|p2b: Lunala|Lunala, L50|100/100\n|-fieldstart|move: Electric Terrain|[from] ability: Hadron Engine|[of] p2a: Miraidon\n|-activate|p1b: Iron Bundle|ability: Quark Drive\n|-start|p1b: Iron Bundle|quarkdrivespe\n|-enditem|p2b: Lunala|Electric Seed\n|-boost|p2b: Lunala|def|1|[from] item: Electric Seed\n|-activate|p1a: Miraidon|ability: Hadron Engine\n|turn|1\n|inactive|ky123456 has 30 seconds left.\n|\n|t:|1773830365\n|-terastallize|p2a: Miraidon|Fairy\n|move|p1b: Iron Bundle|Icy Wind|p2b: Lunala|[spread] p2a,p2b\n|-damage|p2a: Miraidon|81/100\n|-damage|p2b: Lunala|93/100\n|-unboost|p2a: Miraidon|spe|1\n|-unboost|p2b: Lunala|spe|1\n|move|p1a: Miraidon|Electro Drift|p2b: Lunala\n|-crit|p2b: Lunala\n|-damage|p2b: Lunala|0 fnt\n|faint|p2b: Lunala\n|-damage|p1a: Miraidon|91/100|[from] item: Life Orb\n|move|p2a: Miraidon|Dazzling Gleam|p1b: Iron Bundle|[spread] p1a,p1b\n|-supereffective|p1a: Miraidon\n|-damage|p1a: Miraidon|0 fnt\n|-enditem|p1b: Iron Bundle|Focus Sash\n|-damage|p1b: Iron Bundle|1/100\n|faint|p1a: Miraidon\n|\n|upkeep\n|\n|t:|1773830378\n|switch|p1a: Calyrex|Calyrex-Ice, L50|100/100\n|switch|p2b: Incineroar|Incineroar, L50, M|100/100\n|-ability|p1a: Calyrex|As One\n|-ability|p1a: Calyrex|Unnerve\n|-ability|p2b: Incineroar|Intimidate|boost\n|-fail|p1a: Calyrex|unboost|[from] item: Clear Amulet|[of] p1a: Calyrex\n|-unboost|p1b: Iron Bundle|atk|1\n|turn|2\n|\n|t:|1773830403\n|move|p1a: Calyrex|Protect|p1a: Calyrex\n|-singleturn|p1a: Calyrex|Protect\n|move|p2b: Incineroar|Fake Out|p1a: Calyrex\n|-activate|p1a: Calyrex|move: Protect\n|move|p1b: Iron Bundle|Freeze-Dry|p2a: Miraidon\n|-damage|p2a: Miraidon|54/100\n|move|p2a: Miraidon|Dazzling Gleam|p1b: Iron Bundle|[spread] p1b\n|-activate|p1a: Calyrex|move: Protect\n|-damage|p1b: Iron Bundle|0 fnt\n|faint|p1b: Iron Bundle\n|-end|p1b: Iron Bundle|Quark Drive|[silent]\n|\n|upkeep\n|\n|t:|1773830411\n|switch|p1b: Scraggy|Scraggy, L50, F|100/100\n|-ability|p1b: Scraggy|Intimidate|boost\n|-unboost|p2a: Miraidon|atk|1\n|-unboost|p2b: Incineroar|atk|1\n|turn|3\n|\n|t:|1773830432\n|-terastallize|p1a: Calyrex|Fire\n|move|p1b: Scraggy|Fake Out|p2a: Miraidon\n|-damage|p2a: Miraidon|47/100\n|cant|p2a: Miraidon|flinch\n|move|p2b: Incineroar|U-turn|p1a: Calyrex\n|-resisted|p1a: Calyrex\n|-damage|p1a: Calyrex|96/100\n|\n|t:|1773830440\n|switch|p2b: Ursaluna|Ursaluna, L50, M|100/100|[from] U-turn\n|move|p1a: Calyrex|Trick Room|p1a: Calyrex\n|-fieldstart|move: Trick Room|[of] p1a: Calyrex\n|\n|-status|p2b: Ursaluna|brn|[from] item: Flame Orb\n|upkeep\n|turn|4\n|\n|t:|1773830461\n|switch|p2a: Incineroar|Incineroar, L50, M|100/100\n|-ability|p2a: Incineroar|Intimidate|boost\n|-fail|p1a: Calyrex|unboost|[from] item: Clear Amulet|[of] p1a: Calyrex\n|-unboost|p1b: Scraggy|atk|1\n|move|p1b: Scraggy|Coaching|p1a: Calyrex\n|-boost|p1a: Calyrex|atk|1\n|-boost|p1a: Calyrex|def|1\n|move|p2b: Ursaluna|Headlong Rush|p1a: Calyrex\n|-supereffective|p1a: Calyrex\n|-damage|p1a: Calyrex|15/100\n|-unboost|p2b: Ursaluna|def|1\n|-unboost|p2b: Ursaluna|spd|1\n|move|p1a: Calyrex|Glacial Lance|p2b: Ursaluna|[spread] p2a,p2b\n|-resisted|p2a: Incineroar\n|-supereffective|p2b: Ursaluna\n|-damage|p2a: Incineroar|60/100\n|-damage|p2b: Ursaluna|0 fnt\n|faint|p2b: Ursaluna\n|-ability|p1a: Calyrex|Chilling Neigh|boost\n|-boost|p1a: Calyrex|atk|1\n|\n|upkeep\n|\n|t:|1773830476\n|switch|p2b: Miraidon|Miraidon, L50, tera:Fairy|47/100\n|-activate|p2b: Miraidon|ability: Hadron Engine\n|turn|5\n|\n|t:|1773830495\n|move|p1a: Calyrex|Protect|p1a: Calyrex\n|-singleturn|p1a: Calyrex|Protect\n|move|p2a: Incineroar|Fake Out|p1a: Calyrex\n|-activate|p1a: Calyrex|move: Protect\n|move|p1b: Scraggy|Coaching|p1a: Calyrex\n|-boost|p1a: Calyrex|atk|1\n|-boost|p1a: Calyrex|def|1\n|move|p2b: Miraidon|Dazzling Gleam|p1a: Calyrex|[spread] p1b\n|-activate|p1a: Calyrex|move: Protect\n|-supereffective|p1b: Scraggy\n|-damage|p1b: Scraggy|0 fnt\n|faint|p1b: Scraggy\n|\n|-fieldend|move: Electric Terrain\n|upkeep\n|turn|6\n|\n|t:|1773830507\n|move|p1a: Calyrex|Glacial Lance|p2a: Incineroar|[spread] p2a,p2b\n|-resisted|p2a: Incineroar\n|-damage|p2a: Incineroar|0 fnt\n|-damage|p2b: Miraidon|0 fnt\n|faint|p2a: Incineroar\n|faint|p2b: Miraidon\n|\n|win|sheeshshane925\n|raw|sheeshshane925's rating: 1423 &rarr; <strong>1453</strong><br />(+30 for winning)\n|raw|ky123456's rating: 1606 &rarr; <strong>1576</strong><br />(-30 for losing)\n|l|\u2606sheeshshane925\n|player|p1|\n|l|\u2606ky123456\n|player|p2|\n","uploadtime":1773830662,"views":12,"formatid":"gen9vgc2026regi","rating":1453,"private":0,"password":null}