{"id":"gen9vgc2026regi-2560920868","format":"[Gen 9] VGC 2026 Reg I","players":["Spruzzo is back","Jonen"],"log":"|j|\u2606Spruzzo is back\n|j|\u2606Jonen\n|t:|1773747608\n|gametype|doubles\n|player|p1|Spruzzo is back|102|1301\n|player|p2|Jonen|hiker-gen4|1314\n|gen|9\n|tier|[Gen 9] VGC 2026 Reg I\n|rated|\n|rule|Species Clause: Limit one of each Pok\u00e9mon\n|rule|Item Clause: Limit 1 of each item\n|clearpoke\n|poke|p1|Kyogre, L50|\n|poke|p1|Zamazenta-*, L50|\n|poke|p1|Amoonguss, L50, M|\n|poke|p1|Chien-Pao, L50|\n|poke|p1|Landorus, L50, M|\n|poke|p1|Roaring Moon, L50|\n|poke|p2|Groudon, L50|\n|poke|p2|Lunala, L50|\n|poke|p2|Sableye, L50, F|\n|poke|p2|Chi-Yu, L50|\n|poke|p2|Rillaboom, L50, F|\n|poke|p2|Jumpluff, L50, M|\n|teampreview|4\n|inactive|Battle timer is ON: inactive players will automatically lose when time's up. (requested by Spruzzo is back)\n|\n|t:|1773747634\n|teamsize|p1|4\n|teamsize|p2|4\n|start\n|switch|p1a: Raheem|Roaring Moon, L50|100/100\n|switch|p1b: Lo Spruzzo|Kyogre, L50|100/100\n|switch|p2a: Lunala|Lunala, L50|100/100\n|switch|p2b: Sableye|Sableye, L50, F|100/100\n|-weather|RainDance|[from] ability: Drizzle|[of] p1b: Lo Spruzzo\n|-enditem|p1a: Raheem|Booster Energy\n|-activate|p1a: Raheem|ability: Protosynthesis|[fromitem]\n|-start|p1a: Raheem|protosynthesisspe\n|turn|1\n|\n|t:|1773747644\n|move|p2a: Lunala|Protect|p2a: Lunala\n|-singleturn|p2a: Lunala|Protect\n|move|p2b: Sableye|Gravity|p2b: Sableye\n|-fieldstart|move: Gravity\n|move|p1a: Raheem|Knock Off|p2a: Lunala\n|-activate|p2a: Lunala|move: Protect\n|move|p1b: Lo Spruzzo|Hydro Pump|p2a: Lunala\n|-activate|p2a: Lunala|move: Protect\n|\n|-weather|RainDance|[upkeep]\n|upkeep\n|turn|2\n|\n|t:|1773747666\n|move|p2b: Sableye|Quash|p1b: Lo Spruzzo\n|-activate|p1b: Lo Spruzzo|move: Quash\n|move|p1a: Raheem|Knock Off|p2a: Lunala\n|-supereffective|p2a: Lunala\n|-damage|p2a: Lunala|16/100\n|-enditem|p2a: Lunala|Power Herb|[from] move: Knock Off|[of] p1a: Raheem\n|move|p2a: Lunala|Hypnosis|p1b: Lo Spruzzo\n|-status|p1b: Lo Spruzzo|slp|[from] move: Hypnosis\n|cant|p1b: Lo Spruzzo|slp\n|\n|-weather|RainDance|[upkeep]\n|upkeep\n|turn|3\n|\n|t:|1773747690\n|move|p1a: Raheem|Knock Off|p2a: Lunala\n|-supereffective|p2a: Lunala\n|-damage|p2a: Lunala|0 fnt\n|faint|p2a: Lunala\n|-curestatus|p1b: Lo Spruzzo|slp|[msg]\n|move|p1b: Lo Spruzzo|Water Spout|p2b: Sableye\n|-enditem|p2b: Sableye|Focus Sash\n|-damage|p2b: Sableye|1/100\n|move|p2b: Sableye|Foul Play|p1a: Raheem\n|-resisted|p1a: Raheem\n|-damage|p1a: Raheem|75/100\n|\n|-weather|RainDance|[upkeep]\n|upkeep\n|\n|t:|1773747695\n|switch|p2a: Groudon|Groudon, L50|100/100\n|-weather|SunnyDay|[from] ability: Drought|[of] p2a: Groudon\n|turn|4\n|\n|t:|1773747718\n|move|p2b: Sableye|Quash|p1b: Lo Spruzzo\n|-activate|p1b: Lo Spruzzo|move: Quash\n|move|p1a: Raheem|Tailwind|p1a: Raheem\n|-sidestart|p1: Spruzzo is back|move: Tailwind\n|move|p2a: Groudon|Precipice Blades|p1a: Raheem|[spread] p1a,p1b\n|-damage|p1a: Raheem|0 fnt\n|-damage|p1b: Lo Spruzzo|37/100\n|faint|p1a: Raheem\n|-end|p1a: Raheem|Protosynthesis|[silent]\n|-damage|p2a: Groudon|91/100|[from] item: Life Orb\n|move|p1b: Lo Spruzzo|Water Spout|p2b: Sableye|[spread] p2a,p2b\n|-supereffective|p2a: Groudon\n|-damage|p2a: Groudon|60/100\n|-damage|p2b: Sableye|0 fnt\n|faint|p2b: Sableye\n|\n|-weather|SunnyDay|[upkeep]\n|upkeep\n|\n|t:|1773747728\n|switch|p1a: CodyRhodes|Zamazenta-Crowned, L50|100/100\n|switch|p2b: Rillaboom|Rillaboom, L50, F|100/100\n|-ability|p1a: CodyRhodes|Dauntless Shield|boost\n|-boost|p1a: CodyRhodes|def|1\n|-fieldstart|move: Grassy Terrain|[from] ability: Grassy Surge|[of] p2b: Rillaboom\n|turn|5\n|\n|t:|1773747736\n|switch|p1b: Rey Misterio|Chien-Pao, L50|100/100\n|-ability|p1b: Rey Misterio|Sword of Ruin\n|move|p1a: CodyRhodes|Protect|p1a: CodyRhodes\n|-singleturn|p1a: CodyRhodes|Protect\n|move|p2b: Rillaboom|Grassy Glide|p1b: Rey Misterio\n|-damage|p1b: Rey Misterio|54/100\n|move|p2a: Groudon|High Horsepower|p1a: CodyRhodes\n|-activate|p1a: CodyRhodes|move: Protect\n|\n|-weather|SunnyDay|[upkeep]\n|-heal|p1b: Rey Misterio|60/100|[from] Grassy Terrain\n|-heal|p2a: Groudon|66/100|[from] Grassy Terrain\n|-fieldend|move: Gravity\n|upkeep\n|turn|6\n|\n|t:|1773747755\n|-terastallize|p1a: CodyRhodes|Grass\n|-terastallize|p2b: Rillaboom|Water\n|move|p2a: Groudon|Protect|p2a: Groudon\n|-singleturn|p2a: Groudon|Protect\n|move|p1b: Rey Misterio|Sucker Punch|p2b: Rillaboom\n|-damage|p2b: Rillaboom|57/100\n|move|p1a: CodyRhodes|Body Press|p2b: Rillaboom\n|-damage|p2b: Rillaboom|0 fnt\n|faint|p2b: Rillaboom\n|\n|-weather|SunnyDay|[upkeep]\n|-heal|p1b: Rey Misterio|66/100|[from] Grassy Terrain\n|-heal|p2a: Groudon|71/100|[from] Grassy Terrain\n|upkeep\n|turn|7\n|\n|t:|1773747765\n|move|p1b: Rey Misterio|Ice Spinner|p2a: Groudon\n|-supereffective|p2a: Groudon\n|-damage|p2a: Groudon|0 fnt\n|-fieldend|move: Grassy Terrain\n|faint|p2a: Groudon\n|\n|win|Spruzzo is back\n|raw|Spruzzo is back's rating: 1301 &rarr; <strong>1322</strong><br />(+21 for winning)\n|raw|Jonen's rating: 1314 &rarr; <strong>1293</strong><br />(-21 for losing)\n","uploadtime":1773747765,"views":10,"formatid":"gen9vgc2026regi","rating":1293,"private":0,"password":null}