{"id":"gen9vgc2026regi-2567684584","format":"[Gen 9] VGC 2026 Reg I","players":["JERRY RIVERA","CEExy"],"log":"|j|\u2606JERRY RIVERA\n|j|\u2606CEExy\n|t:|1774503532\n|gametype|doubles\n|player|p1|JERRY RIVERA|silver|1374\n|player|p2|CEExy|hilbert|1379\n|gen|9\n|tier|[Gen 9] VGC 2026 Reg I\n|rated|\n|rule|Species Clause: Limit one of each Pok\u00e9mon\n|rule|Item Clause: Limit 1 of each item\n|clearpoke\n|poke|p1|Kyogre, L50|\n|poke|p1|Calyrex-Shadow, L50|\n|poke|p1|Weezing-Galar, L50, F|\n|poke|p1|Dondozo, L50, M|\n|poke|p1|Tatsugiri-Droopy, L50, F|\n|poke|p1|Tornadus, L50, M|\n|poke|p2|Miraidon, L50|\n|poke|p2|Incineroar, L50, F|\n|poke|p2|Ogerpon, L50, F|\n|poke|p2|Chien-Pao, L50|\n|poke|p2|Zamazenta-*, L50|\n|poke|p2|Volcarona, L50, M|\n|teampreview|4\n|\n|t:|1774503594\n|teamsize|p1|4\n|teamsize|p2|4\n|start\n|switch|p1a: Weezing|Weezing-Galar, L50, F|100/100\n|switch|p1b: Vino|Calyrex-Shadow, L50|100/100\n|switch|p2a: Volcarona|Volcarona, L50, M|100/100\n|switch|p2b: Miraidon|Miraidon, L50|100/100\n|-ability|p1a: Weezing|Neutralizing Gas\n|-ability|p1b: Vino|As One\n|-ability|p1b: Vino|Unnerve\n|turn|1\n|\n|t:|1774503628\n|move|p2b: Miraidon|Snarl|p1b: Vino|[spread] p1a,p1b\n|-resisted|p1a: Weezing\n|-supereffective|p1b: Vino\n|-damage|p1a: Weezing|92/100\n|-damage|p1b: Vino|32/100\n|-unboost|p1a: Weezing|spa|1\n|-unboost|p1b: Vino|spa|1\n|move|p1b: Vino|Astral Barrage|p2a: Volcarona|[spread] p2a,p2b\n|-damage|p2a: Volcarona|60/100\n|-damage|p2b: Miraidon|62/100\n|-damage|p1b: Vino|23/100|[from] item: Life Orb\n|move|p2a: Volcarona|Quiver Dance|p2a: Volcarona\n|-boost|p2a: Volcarona|spa|1\n|-boost|p2a: Volcarona|spd|1\n|-boost|p2a: Volcarona|spe|1\n|move|p1a: Weezing|Toxic Spikes|p2a: Volcarona\n|-sidestart|p2: CEExy|move: Toxic Spikes\n|\n|upkeep\n|turn|2\n|\n|t:|1774503647\n|move|p2a: Volcarona|Protect|p2a: Volcarona\n|-singleturn|p2a: Volcarona|Protect\n|move|p1b: Vino|Protect|p1b: Vino\n|-singleturn|p1b: Vino|Protect\n|move|p2b: Miraidon|Snarl|p1b: Vino|[spread] p1a\n|-activate|p1b: Vino|move: Protect\n|-resisted|p1a: Weezing\n|-damage|p1a: Weezing|84/100\n|-unboost|p1a: Weezing|spa|1\n|move|p1a: Weezing|Poison Gas|p2b: Miraidon|[spread] p2b\n|-activate|p2a: Volcarona|move: Protect\n|-status|p2b: Miraidon|psn\n|\n|-damage|p2b: Miraidon|50/100 psn|[from] psn\n|upkeep\n|turn|3\n|\n|t:|1774503674\n|switch|p2a: Zamazenta|Zamazenta-Crowned, L50|100/100\n|switch|p1b: Chorizo|Dondozo, L50, M|100/100\n|move|p2b: Miraidon|Snarl|p1b: Chorizo|[spread] p1a,p1b\n|-resisted|p1a: Weezing\n|-damage|p1a: Weezing|75/100\n|-damage|p1b: Chorizo|90/100\n|-unboost|p1a: Weezing|spa|1\n|-unboost|p1b: Chorizo|spa|1\n|move|p1a: Weezing|Poison Gas|p2a: Zamazenta|[spread] \n|-immune|p2a: Zamazenta\n|-fail|p2b: Miraidon|psn\n|\n|-heal|p1b: Chorizo|96/100|[from] item: Leftovers\n|-damage|p2b: Miraidon|38/100 psn|[from] psn\n|upkeep\n|turn|4\n|\n|t:|1774503693\n|switch|p2b: Chien-Pao|Chien-Pao, L50|100/100\n|-status|p2b: Chien-Pao|psn\n|-end|p1a: Weezing|ability: Neutralizing Gas\n|-ability|p2b: Chien-Pao|Sword of Ruin\n|-ability|p2a: Zamazenta|Dauntless Shield|boost\n|-boost|p2a: Zamazenta|def|1\n|switch|p1a: Tatsugiri|Tatsugiri-Droopy, L50, F|100/100\n|-activate|p1a: Tatsugiri|ability: Commander|[of] p1b: Chorizo\n|-boost|p1b: Chorizo|atk|2\n|-boost|p1b: Chorizo|spa|2\n|-boost|p1b: Chorizo|spe|2\n|-boost|p1b: Chorizo|def|2\n|-boost|p1b: Chorizo|spd|2\n|move|p2a: Zamazenta|Heavy Slam|p1a: Tatsugiri|[miss]\n|-miss|p2a: Zamazenta|p1a: Tatsugiri\n|move|p1b: Chorizo|Order Up|p2b: Chien-Pao\n|-damage|p2b: Chien-Pao|49/100 psn\n|-boost|p1b: Chorizo|def|1\n|\n|-heal|p1b: Chorizo|100/100|[from] item: Leftovers\n|-damage|p2b: Chien-Pao|37/100 psn|[from] psn\n|upkeep\n|turn|5\n|\n|t:|1774503715\n|move|p2b: Chien-Pao|Icicle Crash|p1b: Chorizo\n|-resisted|p1b: Chorizo\n|-damage|p1b: Chorizo|93/100\n|move|p2a: Zamazenta|Body Press|p1b: Chorizo\n|-crit|p1b: Chorizo\n|-damage|p1b: Chorizo|41/100\n|move|p1b: Chorizo|Earthquake|p2b: Chien-Pao|[spread] p2a,p2b\n|-miss|p1b: Chorizo|p1a: Tatsugiri\n|-supereffective|p2a: Zamazenta\n|-damage|p2a: Zamazenta|45/100\n|-damage|p2b: Chien-Pao|0 fnt\n|faint|p2b: Chien-Pao\n|\n|-heal|p1b: Chorizo|47/100|[from] item: Leftovers\n|upkeep\n|\n|t:|1774503724\n|switch|p2b: Volcarona|Volcarona, L50, M|60/100\n|-status|p2b: Volcarona|psn\n|turn|6\n|\n|t:|1774503736\n|-terastallize|p2b: Volcarona|Grass\n|move|p2a: Zamazenta|Body Press|p1b: Chorizo\n|-damage|p1b: Chorizo|36/100\n|move|p2b: Volcarona|Giga Drain|p1b: Chorizo\n|-supereffective|p1b: Chorizo\n|-damage|p1b: Chorizo|11/100\n|-heal|p2b: Volcarona|78/100 psn|[from] drain|[of] p1b: Chorizo\n|move|p1b: Chorizo|Body Press|p2a: Zamazenta\n|-supereffective|p2a: Zamazenta\n|-damage|p2a: Zamazenta|0 fnt\n|faint|p2a: Zamazenta\n|\n|-heal|p1b: Chorizo|17/100|[from] item: Leftovers\n|-damage|p2b: Volcarona|65/100 psn|[from] psn\n|upkeep\n|\n|t:|1774503743\n|switch|p2a: Miraidon|Miraidon, L50|38/100 psn\n|-fieldstart|move: Electric Terrain|[from] ability: Hadron Engine|[of] p2a: Miraidon\n|-enditem|p2b: Volcarona|Electric Seed\n|-boost|p2b: Volcarona|def|1|[from] item: Electric Seed\n|turn|7\n|\n|t:|1774503765\n|move|p1b: Chorizo|Protect|p1b: Chorizo\n|-singleturn|p1b: Chorizo|Protect\n|move|p2a: Miraidon|Electro Drift|p1b: Chorizo\n|-activate|p1b: Chorizo|move: Protect\n|move|p2b: Volcarona|Quiver Dance|p2b: Volcarona\n|-boost|p2b: Volcarona|spa|1\n|-boost|p2b: Volcarona|spd|1\n|-boost|p2b: Volcarona|spe|1\n|\n|-heal|p1b: Chorizo|23/100|[from] item: Leftovers\n|-damage|p2a: Miraidon|26/100 psn|[from] psn\n|-damage|p2b: Volcarona|53/100 psn|[from] psn\n|upkeep\n|turn|8\n|\n|t:|1774503779\n|-terastallize|p1b: Chorizo|Grass\n|move|p2a: Miraidon|Electro Drift|p1b: Chorizo\n|-resisted|p1b: Chorizo\n|-damage|p1b: Chorizo|6/100\n|move|p2b: Volcarona|Quiver Dance|p2b: Volcarona\n|-boost|p2b: Volcarona|spa|1\n|-boost|p2b: Volcarona|spd|1\n|-boost|p2b: Volcarona|spe|1\n|move|p1b: Chorizo|Body Press|p2b: Volcarona\n|-damage|p2b: Volcarona|0 fnt\n|faint|p2b: Volcarona\n|\n|-heal|p1b: Chorizo|12/100|[from] item: Leftovers\n|-damage|p2a: Miraidon|14/100 psn|[from] psn\n|upkeep\n|turn|9\n|-message|CEExy forfeited.\n|\n|win|JERRY RIVERA\n|raw|JERRY RIVERA's rating: 1374 &rarr; <strong>1394</strong><br />(+20 for winning)\n|raw|CEExy's rating: 1379 &rarr; <strong>1359</strong><br />(-20 for losing)\n|l|\u2606CEExy\n|player|p2|\n|l|\u2606JERRY RIVERA\n|player|p1|\n","uploadtime":1774504056,"views":11,"formatid":"gen9vgc2026regi","rating":1359,"private":0,"password":null}