{"id":"gen9vgc2026regi-2532761426","format":"[Gen 9] VGC 2026 Reg I","players":["zebraschinge","lalo's pollos"],"log":"|j|\u2606zebraschinge\n|j|\u2606lalo's pollos\n|t:|1770222086\n|gametype|doubles\n|player|p1|zebraschinge|102|1467\n|player|p2|lalo's pollos|101|1472\n|gen|9\n|tier|[Gen 9] VGC 2026 Reg I\n|rated|\n|rule|Species Clause: Limit one of each Pok\u00e9mon\n|rule|Item Clause: Limit 1 of each item\n|clearpoke\n|poke|p1|Miraidon, L50|\n|poke|p1|Grimmsnarl, L50, M|\n|poke|p1|Calyrex-Ice, L50|\n|poke|p1|Farigiraf, L50, F|\n|poke|p1|Tornadus, L50, M|\n|poke|p1|Diglett, L50, M|\n|poke|p2|Zamazenta-*, L50|\n|poke|p2|Lunala, L50|\n|poke|p2|Rillaboom, L50, F|\n|poke|p2|Incineroar, L50, F|\n|poke|p2|Urshifu-*, L50, F|\n|poke|p2|Tornadus, L50, M|\n|teampreview|4\n|inactive|Battle timer is ON: inactive players will automatically lose when time's up. (requested by zebraschinge)\n|inactive|zebraschinge has 60 seconds left.\n|inactive|lalo's pollos has 60 seconds left.\n|\n|t:|1770222126\n|teamsize|p1|4\n|teamsize|p2|4\n|start\n|switch|p1a: Olangaar|Grimmsnarl, L50, M|100/100\n|switch|p1b: High Horsepow miss|Calyrex-Ice, L50|100/100\n|switch|p2a: Tornadus|Tornadus, L50, M|100/100\n|switch|p2b: Lunala|Lunala, L50|100/100\n|-ability|p1b: High Horsepow miss|As One\n|-ability|p1b: High Horsepow miss|Unnerve\n|-item|p2a: Tornadus|Focus Sash|[from] ability: Frisk|[of] p1a: Olangaar\n|-item|p2b: Lunala|Leftovers|[from] ability: Frisk|[of] p1a: Olangaar\n|turn|1\n|j| yippeee_hooray\n|\n|t:|1770222147\n|-terastallize|p1b: High Horsepow miss|Water\n|move|p2a: Tornadus|Bleakwind Storm|p1a: Olangaar|[spread] p1a,p1b\n|-damage|p1a: Olangaar|77/100\n|-damage|p1b: High Horsepow miss|74/100\n|move|p2b: Lunala|Moonblast|p1a: Olangaar\n|-supereffective|p1a: Olangaar\n|-damage|p1a: Olangaar|28/100\n|move|p1a: Olangaar|Spirit Break|p2b: Lunala\n|-damage|p2b: Lunala|83/100\n|-unboost|p2b: Lunala|spa|1\n|move|p1b: High Horsepow miss|Glacial Lance|p2b: Lunala|[spread] p2a,p2b\n|-supereffective|p2a: Tornadus\n|-enditem|p2a: Tornadus|Focus Sash\n|-damage|p2a: Tornadus|1/100\n|-damage|p2b: Lunala|34/100\n|\n|-heal|p2b: Lunala|40/100|[from] item: Leftovers\n|upkeep\n|turn|2\n|inactive|zebraschinge has 30 seconds left.\n|\n|t:|1770222175\n|switch|p2b: Urshifu|Urshifu-Rapid-Strike, L50, F|100/100\n|move|p1a: Olangaar|Sucker Punch|p2a: Tornadus\n|-damage|p2a: Tornadus|0 fnt\n|faint|p2a: Tornadus\n|move|p1b: High Horsepow miss|Glacial Lance|p2b: Urshifu\n|-resisted|p2b: Urshifu\n|-crit|p2b: Urshifu\n|-damage|p2b: Urshifu|38/100\n|\n|upkeep\n|\n|t:|1770222179\n|switch|p2a: Zamazenta|Zamazenta-Crowned, L50|100/100\n|-ability|p2a: Zamazenta|Dauntless Shield|boost\n|-boost|p2a: Zamazenta|def|1\n|turn|3\n|\n|t:|1770222197\n|move|p2a: Zamazenta|Body Press|p1b: High Horsepow miss\n|-damage|p1b: High Horsepow miss|25/100\n|move|p2b: Urshifu|Surging Strikes|p1a: Olangaar\n|-crit|p1a: Olangaar\n|-damage|p1a: Olangaar|0 fnt\n|faint|p1a: Olangaar\n|-hitcount|p1: Olangaar|1\n|move|p1b: High Horsepow miss|Glacial Lance|p2a: Zamazenta|[spread] p2a,p2b\n|-resisted|p2a: Zamazenta\n|-resisted|p2b: Urshifu\n|-damage|p2a: Zamazenta|89/100\n|-damage|p2b: Urshifu|9/100\n|\n|upkeep\n|j| here's where king!\n|\n|t:|1770222216\n|switch|p1a: Miraidon|Miraidon, L50|100/100\n|-fieldstart|move: Electric Terrain|[from] ability: Hadron Engine|[of] p1a: Miraidon\n|turn|4\n|\n|t:|1770222233\n|move|p2a: Zamazenta|Protect|p2a: Zamazenta\n|-singleturn|p2a: Zamazenta|Protect\n|move|p1a: Miraidon|Electro Drift|p2a: Zamazenta\n|-activate|p2a: Zamazenta|move: Protect\n|move|p2b: Urshifu|Surging Strikes|p1b: High Horsepow miss\n|-resisted|p1b: High Horsepow miss\n|-crit|p1b: High Horsepow miss\n|-damage|p1b: High Horsepow miss|15/100\n|-resisted|p1b: High Horsepow miss\n|-crit|p1b: High Horsepow miss\n|-damage|p1b: High Horsepow miss|6/100\n|-resisted|p1b: High Horsepow miss\n|-crit|p1b: High Horsepow miss\n|-damage|p1b: High Horsepow miss|0 fnt\n|faint|p1b: High Horsepow miss\n|-hitcount|p1: High Horsepow miss|3\n|\n|upkeep\n|l| yippeee_hooray\n|\n|t:|1770222248\n|switch|p1b: Farigiraf|Farigiraf, L50, F|100/100\n|turn|5\n|\n|t:|1770222263\n|move|p2a: Zamazenta|Body Press|p1b: Farigiraf\n|-damage|p1b: Farigiraf|38/100\n|-enditem|p1b: Farigiraf|Sitrus Berry|[eat]\n|-heal|p1b: Farigiraf|62/100|[from] item: Sitrus Berry\n|move|p1a: Miraidon|Electro Drift|p2a: Zamazenta\n|-damage|p2a: Zamazenta|0 fnt\n|faint|p2a: Zamazenta\n|-damage|p1a: Miraidon|91/100|[from] item: Life Orb\n|move|p2b: Urshifu|Close Combat|p1b: Farigiraf\n|-damage|p1b: Farigiraf|0 fnt\n|-unboost|p2b: Urshifu|def|1\n|-unboost|p2b: Urshifu|spd|1\n|faint|p1b: Farigiraf\n|\n|upkeep\n|\n|t:|1770222274\n|switch|p2a: Lunala|Lunala, L50|40/100\n|turn|6\n|\n|t:|1770222282\n|move|p2b: Urshifu|Detect|p2b: Urshifu\n|-singleturn|p2b: Urshifu|Protect\n|move|p2a: Lunala|Protect|p2a: Lunala\n|-singleturn|p2a: Lunala|Protect\n|move|p1a: Miraidon|Parabolic Charge|p2b: Urshifu|[spread] \n|-activate|p2a: Lunala|move: Protect\n|-activate|p2b: Urshifu|move: Protect\n|\n|-heal|p2a: Lunala|46/100|[from] item: Leftovers\n|upkeep\n|turn|7\n|-message|lalo's pollos forfeited.\n|\n|win|zebraschinge\n|raw|zebraschinge's rating: 1467 &rarr; <strong>1487</strong><br />(+20 for winning)\n|raw|lalo&apos;s pollos's rating: 1472 &rarr; <strong>1452</strong><br />(-20 for losing)\n|l|\u2606lalo's pollos\n|player|p2|\n|l| here's where king!\n|l|\u2606zebraschinge\n|player|p1|\n","uploadtime":1770222488,"views":23,"formatid":"gen9vgc2026regi","rating":1452,"private":0,"password":null}