{"id":"gen9vgc2026regi-2558490499","format":"[Gen 9] VGC 2026 Reg I","players":["Sheevp","Loiradotchan16"],"log":"|j|\u2606Sheevp\n|j|\u2606Loiradotchan16\n|t:|1773439852\n|gametype|doubles\n|player|p1|Sheevp|170|1236\n|player|p2|Loiradotchan16|2|1325\n|gen|9\n|tier|[Gen 9] VGC 2026 Reg I\n|rated|\n|rule|Species Clause: Limit one of each Pok\u00e9mon\n|rule|Item Clause: Limit 1 of each item\n|clearpoke\n|poke|p1|Lunala, L50|\n|poke|p1|Koraidon, L50|\n|poke|p1|Flutter Mane, L50|\n|poke|p1|Brute Bonnet, L50|\n|poke|p1|Raichu, L50, M|\n|poke|p1|Heatran, L50, F|\n|poke|p2|Calyrex-Ice, L50|\n|poke|p2|Lunala, L50|\n|poke|p2|Indeedee-F, L50, F|\n|poke|p2|Urshifu-*, L50, M|\n|poke|p2|Flutter Mane, L50|\n|poke|p2|Torkoal, L50, M|\n|teampreview|4\n|inactive|Battle timer is ON: inactive players will automatically lose when time's up. (requested by Loiradotchan16)\n|inactive|Sheevp has 60 seconds left.\n|\n|t:|1773439884\n|teamsize|p1|4\n|teamsize|p2|4\n|start\n|switch|p1a: Brute Bonnet|Brute Bonnet, L50|100/100\n|switch|p1b: R\u00e1pido|Koraidon, L50|100/100\n|switch|p2a: Cavalo|Calyrex-Ice, L50|100/100\n|switch|p2b: Eclipse|Lunala, L50, shiny|100/100\n|-ability|p2a: Cavalo|As One\n|-ability|p2a: Cavalo|Unnerve\n|-weather|SunnyDay|[from] ability: Orichalcum Pulse|[of] p1b: R\u00e1pido\n|-activate|p1a: Brute Bonnet|ability: Protosynthesis\n|-start|p1a: Brute Bonnet|protosynthesisdef\n|-activate|p1b: R\u00e1pido|Orichalcum Pulse|[source]\n|turn|1\n|inactive|Loiradotchan16 has 30 seconds left.\n|\n|t:|1773439911\n|switch|p1b: Heatran|Heatran, L50, F|100/100\n|switch|p2b: Indeedee|Indeedee-F, L50, F|100/100\n|-fieldstart|move: Psychic Terrain|[from] ability: Psychic Surge|[of] p2b: Indeedee\n|move|p2a: Cavalo|Protect|p2a: Cavalo\n|-singleturn|p2a: Cavalo|Protect\n|move|p1a: Brute Bonnet|Spore|p2b: Indeedee\n|-activate|p2b: Indeedee|item: Safety Goggles|Spore\n|\n|-weather|SunnyDay|[upkeep]\n|upkeep\n|turn|2\n|inactive|Sheevp has 30 seconds left.\n|inactive|Loiradotchan16 has 30 seconds left.\n|\n|t:|1773439943\n|-terastallize|p1a: Brute Bonnet|Water\n|move|p2b: Indeedee|Follow Me|p2b: Indeedee\n|-singleturn|p2b: Indeedee|move: Follow Me\n|move|p1b: Heatran|Magma Storm|p2b: Indeedee\n|-damage|p2b: Indeedee|32/100\n|-activate|p2b: Indeedee|move: Magma Storm|[of] p1b: Heatran\n|move|p1a: Brute Bonnet|Seed Bomb|p2b: Indeedee\n|-damage|p2b: Indeedee|0 fnt\n|faint|p2b: Indeedee\n|move|p2a: Cavalo|Glacial Lance|p1a: Brute Bonnet|[spread] p1a,p1b\n|-resisted|p1a: Brute Bonnet\n|-resisted|p1b: Heatran\n|-damage|p1a: Brute Bonnet|87/100\n|-damage|p1b: Heatran|90/100\n|\n|-weather|SunnyDay|[upkeep]\n|upkeep\n|\n|t:|1773439957\n|switch|p2b: Eclipse|Lunala, L50, shiny|100/100\n|turn|3\n|\n|t:|1773439975\n|move|p1b: Heatran|Magma Storm|p2a: Cavalo\n|-supereffective|p2a: Cavalo\n|-damage|p2a: Cavalo|5/100\n|-activate|p2a: Cavalo|move: Magma Storm|[of] p1b: Heatran\n|move|p2b: Eclipse|Expanding Force|p1a: Brute Bonnet|[spread] p1a,p1b\n|-resisted|p1b: Heatran\n|-damage|p1a: Brute Bonnet|33/100\n|-damage|p1b: Heatran|59/100\n|move|p1a: Brute Bonnet|Spore|p2b: Eclipse\n|-status|p2b: Eclipse|slp|[from] move: Spore\n|move|p2a: Cavalo|High Horsepower|p1b: Heatran\n|-supereffective|p1b: Heatran\n|-damage|p1b: Heatran|0 fnt\n|faint|p1b: Heatran\n|-ability|p2a: Cavalo|Chilling Neigh|boost\n|-boost|p2a: Cavalo|atk|1\n|\n|-weather|SunnyDay|[upkeep]\n|-end|p2a: Cavalo|Magma Storm|[partiallytrapped]|[silent]\n|upkeep\n|\n|t:|1773439991\n|switch|p1b: R\u00e1pido|Koraidon, L50|100/100\n|-activate|p1b: R\u00e1pido|ability: Orichalcum Pulse\n|turn|4\n|\n|t:|1773440002\n|move|p2a: Cavalo|Protect|p2a: Cavalo\n|-singleturn|p2a: Cavalo|Protect\n|move|p1b: R\u00e1pido|Breaking Swipe|p2b: Eclipse|[spread] p2b\n|-activate|p2a: Cavalo|move: Protect\n|-damage|p2b: Eclipse|80/100 slp\n|-unboost|p2b: Eclipse|atk|1\n|-damage|p1b: R\u00e1pido|91/100|[from] item: Life Orb\n|cant|p2b: Eclipse|slp\n|move|p1a: Brute Bonnet|Seed Bomb|p2b: Eclipse\n|-damage|p2b: Eclipse|51/100 slp\n|\n|-weather|SunnyDay|[upkeep]\n|-heal|p2b: Eclipse|57/100 slp|[from] item: Leftovers\n|upkeep\n|turn|5\n|inactive|Loiradotchan16 has 30 seconds left.\n|\n|t:|1773440027\n|move|p1b: R\u00e1pido|Flare Blitz|p2b: Eclipse\n|-damage|p2b: Eclipse|0 fnt\n|faint|p2b: Eclipse\n|-damage|p1b: R\u00e1pido|66/100|[from] Recoil\n|-damage|p1b: R\u00e1pido|57/100|[from] item: Life Orb\n|move|p1a: Brute Bonnet|Seed Bomb|p2a: Cavalo\n|-damage|p2a: Cavalo|0 fnt\n|faint|p2a: Cavalo\n|\n|-weather|none\n|-end|p1a: Brute Bonnet|Protosynthesis\n|-fieldend|move: Psychic Terrain\n|upkeep\n|\n|t:|1773440037\n|switch|p2b: Torkoal|Torkoal, L50, M|100/100\n|-weather|SunnyDay|[from] ability: Drought|[of] p2b: Torkoal\n|-activate|p1a: Brute Bonnet|ability: Protosynthesis\n|-start|p1a: Brute Bonnet|protosynthesisdef\n|turn|6\n|\n|t:|1773440043\n|-terastallize|p2b: Torkoal|Fire\n|move|p1b: R\u00e1pido|Close Combat|p2b: Torkoal\n|-damage|p2b: Torkoal|3/100\n|-unboost|p1b: R\u00e1pido|def|1\n|-unboost|p1b: R\u00e1pido|spd|1\n|-damage|p1b: R\u00e1pido|47/100|[from] item: Life Orb\n|move|p1a: Brute Bonnet|Spore|p2b: Torkoal\n|-status|p2b: Torkoal|slp|[from] move: Spore\n|cant|p2b: Torkoal|slp\n|\n|-weather|SunnyDay|[upkeep]\n|upkeep\n|turn|7\n|-message|Loiradotchan16 forfeited.\n|\n|win|Sheevp\n|raw|Sheevp's rating: 1236 &rarr; <strong>1267</strong><br />(+31 for winning)\n|raw|Loiradotchan16's rating: 1325 &rarr; <strong>1300</strong><br />(-25 for losing)\n|l|\u2606Loiradotchan16\n|player|p2|\n|l|\u2606Sheevp\n|player|p1|\n","uploadtime":1773440292,"views":13,"formatid":"gen9vgc2026regi","rating":1267,"private":0,"password":null}