{"id":"gen9vgc2026regi-2576826166","format":"[Gen 9] VGC 2026 Reg I","players":["Sheevp","Obevankenobi"],"log":"|j|\u2606Sheevp\n|j|\u2606Obevankenobi\n|t:|1775508858\n|gametype|doubles\n|player|p1|Sheevp|2|1419\n|player|p2|Obevankenobi|102|1518\n|gen|9\n|tier|[Gen 9] VGC 2026 Reg I\n|rated|\n|rule|Species Clause: Limit one of each Pok\u00e9mon\n|rule|Item Clause: Limit 1 of each item\n|clearpoke\n|poke|p1|Koraidon, L50|\n|poke|p1|Calyrex-Ice, L50|\n|poke|p1|Iron Treads, L50|\n|poke|p1|Volcarona, L50, F|\n|poke|p1|Brute Bonnet, L50|\n|poke|p1|Regieleki, L50|\n|poke|p2|Lunala, L50|\n|poke|p2|Koraidon, L50|\n|poke|p2|Flutter Mane, L50|\n|poke|p2|Brute Bonnet, L50|\n|poke|p2|Chi-Yu, L50|\n|poke|p2|Ursaluna, L50, F|\n|teampreview|4\nObevankenobi rejected open team sheets.\n|inactive|Battle timer is ON: inactive players will automatically lose when time's up. (requested by Obevankenobi)\n|inactive|Obevankenobi has 60 seconds left.\n|\n|t:|1775508907\n|teamsize|p1|4\n|teamsize|p2|4\n|start\n|switch|p1a: Regieleki|Regieleki, L50|100/100\n|switch|p1b: Koraidon|Koraidon, L50|100/100\n|switch|p2a: Clydeon|Koraidon, L50|100/100\n|switch|p2b: Flutter Mane|Flutter Mane, L50|100/100\n|-weather|SunnyDay|[from] ability: Orichalcum Pulse|[of] p2a: Clydeon\n|-activate|p2b: Flutter Mane|ability: Protosynthesis\n|-start|p2b: Flutter Mane|protosynthesisspe\n|-activate|p2a: Clydeon|Orichalcum Pulse|[source]\n|-activate|p1b: Koraidon|ability: Orichalcum Pulse\n|turn|1\n|\n|t:|1775508923\n|-terastallize|p1b: Koraidon|Fire\n|move|p2b: Flutter Mane|Icy Wind|p1a: Regieleki|[spread] p1a,p1b\n|-resisted|p1b: Koraidon\n|-damage|p1a: Regieleki|70/100\n|-damage|p1b: Koraidon|93/100\n|move|p1a: Regieleki|Electroweb|p2a: Clydeon|[spread] p2a,p2b\n|-resisted|p2a: Clydeon\n|-damage|p2a: Clydeon|88/100\n|-damage|p2b: Flutter Mane|75/100\n|-unboost|p2a: Clydeon|spe|1\n|-unboost|p2b: Flutter Mane|spe|1\n|move|p1b: Koraidon|Flame Charge|p2b: Flutter Mane\n|-damage|p2b: Flutter Mane|0 fnt\n|-boost|p1b: Koraidon|spe|1\n|faint|p2b: Flutter Mane\n|-end|p2b: Flutter Mane|Protosynthesis|[silent]\n|move|p2a: Clydeon|Flame Charge|p1a: Regieleki\n|-damage|p1a: Regieleki|0 fnt\n|-boost|p2a: Clydeon|spe|1\n|faint|p1a: Regieleki\n|-damage|p2a: Clydeon|78/100|[from] item: Life Orb\n|\n|-weather|SunnyDay|[upkeep]\n|upkeep\n|inactive|Obevankenobi has 30 seconds left.\n|\n|t:|1775508957\n|switch|p1a: Brute Bonnet|Brute Bonnet, L50|100/100\n|switch|p2b: Brute Bonnie|Brute Bonnet, L50|100/100\n|-activate|p2b: Brute Bonnie|ability: Protosynthesis\n|-start|p2b: Brute Bonnie|protosynthesisdef\n|-activate|p1a: Brute Bonnet|ability: Protosynthesis\n|-start|p1a: Brute Bonnet|protosynthesisdef\n|turn|2\n|inactive|Obevankenobi has 30 seconds left.\n|\n|t:|1775508986\n|-terastallize|p2b: Brute Bonnie|Water\n|move|p1b: Koraidon|Protect|p1b: Koraidon\n|-singleturn|p1b: Koraidon|Protect\n|move|p2b: Brute Bonnie|Rage Powder|p2b: Brute Bonnie\n|-singleturn|p2b: Brute Bonnie|move: Rage Powder\n|move|p2a: Clydeon|Flare Blitz|p1a: Brute Bonnet\n|-supereffective|p1a: Brute Bonnet\n|-damage|p1a: Brute Bonnet|0 fnt\n|faint|p1a: Brute Bonnet\n|-end|p1a: Brute Bonnet|Protosynthesis|[silent]\n|-damage|p2a: Clydeon|37/100|[from] Recoil\n|-damage|p2a: Clydeon|28/100|[from] item: Life Orb\n|\n|-weather|SunnyDay|[upkeep]\n|upkeep\n|\n|t:|1775509000\n|switch|p1a: Calyrex|Calyrex-Ice, L50|100/100\n|-ability|p1a: Calyrex|As One\n|-ability|p1a: Calyrex|Unnerve\n|turn|3\n|\n|t:|1775509017\n|move|p2a: Clydeon|Protect|p2a: Clydeon\n|-singleturn|p2a: Clydeon|Protect\n|move|p1b: Koraidon|Low Kick|p2b: Brute Bonnie\n|-damage|p2b: Brute Bonnie|86/100\n|move|p2b: Brute Bonnie|Spore|p1a: Calyrex\n|-status|p1a: Calyrex|slp|[from] move: Spore\n|cant|p1a: Calyrex|slp\n|\n|-weather|SunnyDay|[upkeep]\n|upkeep\n|turn|4\n|\n|t:|1775509032\n|move|p2b: Brute Bonnie|Rage Powder|p2b: Brute Bonnie\n|-singleturn|p2b: Brute Bonnie|move: Rage Powder\n|move|p1b: Koraidon|Low Kick|p2b: Brute Bonnie\n|-damage|p2b: Brute Bonnie|69/100\n|move|p2a: Clydeon|Flare Blitz|p1a: Calyrex\n|-supereffective|p1a: Calyrex\n|-damage|p1a: Calyrex|0 fnt\n|faint|p1a: Calyrex\n|-damage|p2a: Clydeon|0 fnt|[from] Recoil\n|faint|p2a: Clydeon\n|\n|-weather|SunnyDay|[upkeep]\n|upkeep\n|\n|t:|1775509034\n|switch|p2a: Chi-Yu|Chi-Yu, L50|100/100\n|-ability|p2a: Chi-Yu|Beads of Ruin\n|turn|5\n|\n|t:|1775509044\n|move|p2b: Brute Bonnie|Rage Powder|p2b: Brute Bonnie\n|-singleturn|p2b: Brute Bonnie|move: Rage Powder\n|move|p1b: Koraidon|Flare Blitz|p2b: Brute Bonnie\n|-resisted|p2b: Brute Bonnie\n|-damage|p2b: Brute Bonnie|36/100\n|-enditem|p2b: Brute Bonnie|Sitrus Berry|[eat]\n|-heal|p2b: Brute Bonnie|61/100|[from] item: Sitrus Berry\n|-damage|p1b: Koraidon|82/100|[from] Recoil\n|move|p2a: Chi-Yu|Dark Pulse|p1b: Koraidon\n|-damage|p1b: Koraidon|31/100\n|\n|-weather|none\n|-end|p2b: Brute Bonnie|Protosynthesis\n|upkeep\n|turn|6\n|-message|Sheevp forfeited.\n|\n|win|Obevankenobi\n|raw|Sheevp's rating: 1419 &rarr; <strong>1405</strong><br />(-14 for losing)\n|raw|Obevankenobi's rating: 1518 &rarr; <strong>1532</strong><br />(+14 for winning)\n|l|\u2606Sheevp\n|player|p1|\n","uploadtime":1775509059,"views":273,"formatid":"gen9vgc2026regi","rating":1405,"private":0,"password":null}