{"id":"gen9vgc2026regi-2541395290","format":"[Gen 9] VGC 2026 Reg I","players":["sumire666","j0l0k0"],"log":"|j|\u2606sumire666\n|j|\u2606j0l0k0\n|t:|1771329265\n|gametype|doubles\n|player|p1|sumire666|170|1210\n|player|p2|j0l0k0|brycen|1397\n|gen|9\n|tier|[Gen 9] VGC 2026 Reg I\n|rated|\n|rule|Species Clause: Limit one of each Pok\u00e9mon\n|rule|Item Clause: Limit 1 of each item\n|clearpoke\n|poke|p1|Ho-Oh, L50|\n|poke|p1|Eternatus, L50|\n|poke|p1|Incineroar, L50, F|\n|poke|p1|Grimmsnarl, L50, M|\n|poke|p1|Ting-Lu, L50|\n|poke|p1|Rhydon, L50, F|\n|poke|p2|Calyrex-Ice, L50|\n|poke|p2|Kyogre, L50|\n|poke|p2|Indeedee-F, L50, F|\n|poke|p2|Urshifu-*, L50, F|\n|poke|p2|Amoonguss, L50, F|\n|poke|p2|Landorus, L50, M|\n|teampreview|4\n|inactive|Battle timer is ON: inactive players will automatically lose when time's up. (requested by j0l0k0)\n|inactive|sumire666 also wants the timer to be on.\n|\n|t:|1771329286\n|teamsize|p1|4\n|teamsize|p2|4\n|start\n|switch|p1a: Eternatus|Eternatus, L50|100/100\n|switch|p1b: Incineroar|Incineroar, L50, F|100/100\n|switch|p2a: Indeedee|Indeedee-F, L50, F, shiny|100/100\n|switch|p2b: Calyrex|Calyrex-Ice, L50|100/100\n|-ability|p2b: Calyrex|As One\n|-ability|p2b: Calyrex|Unnerve\n|-ability|p1a: Eternatus|Pressure\n|-fieldstart|move: Psychic Terrain|[from] ability: Psychic Surge|[of] p2a: Indeedee\n|-ability|p1b: Incineroar|Intimidate|boost\n|-unboost|p2a: Indeedee|atk|1\n|-fail|p2b: Calyrex|unboost|[from] item: Clear Amulet|[of] p2b: Calyrex\n|turn|1\n|inactive|sumire666 has 30 seconds left.\n|inactive|j0l0k0 has 30 seconds left.\n|\n|t:|1771329317\n|move|p2a: Indeedee|Follow Me|p2a: Indeedee\n|-singleturn|p2a: Indeedee|move: Follow Me\n|move|p1a: Eternatus|Cosmic Power|p1a: Eternatus\n|-boost|p1a: Eternatus|def|1\n|-boost|p1a: Eternatus|spd|1\n|move|p1b: Incineroar|Roar|p2a: Indeedee\n|drag|p2a: Landorus|Landorus, L50, M, shiny|100/100\n|move|p2b: Calyrex|Trick Room|p2b: Calyrex\n|-fieldstart|move: Trick Room|[of] p2b: Calyrex\n|\n|upkeep\n|turn|2\n|\n|t:|1771329336\n|-terastallize|p2b: Calyrex|Normal\n|-terastallize|p1a: Eternatus|Fairy\n|move|p2b: Calyrex|Glacial Lance|p1b: Incineroar|[spread] p1a,p1b\n|-resisted|p1b: Incineroar\n|-damage|p1a: Eternatus|71/100\n|-damage|p1b: Incineroar|80/100\n|move|p1b: Incineroar|Parting Shot|p2a: Landorus\n|-unboost|p2a: Landorus|atk|1\n|-unboost|p2a: Landorus|spa|1\n|\n|t:|1771329348\n|switch|p1b: Grimmsnarl|Grimmsnarl, L50, M|100/100|[from] Parting Shot\n|move|p2a: Landorus|Sandsear Storm|p1a: Eternatus|[spread] p1a,p1b\n|-damage|p1a: Eternatus|53/100\n|-damage|p1b: Grimmsnarl|54/100\n|move|p1a: Eternatus|Cosmic Power|p1a: Eternatus\n|-boost|p1a: Eternatus|def|1\n|-boost|p1a: Eternatus|spd|1\n|\n|upkeep\n|turn|3\n|\n|t:|1771329371\n|move|p1b: Grimmsnarl|Light Screen|p1b: Grimmsnarl\n|-sidestart|p1: sumire666|move: Light Screen\n|move|p2b: Calyrex|Glacial Lance|p1b: Grimmsnarl|[spread] p1a,p1b\n|-damage|p1a: Eternatus|32/100\n|-damage|p1b: Grimmsnarl|3/100\n|move|p2a: Landorus|Sludge Bomb|p1a: Eternatus\n|-supereffective|p1a: Eternatus\n|-damage|p1a: Eternatus|18/100\n|move|p1a: Eternatus|Recover|p1a: Eternatus\n|-heal|p1a: Eternatus|68/100\n|\n|upkeep\n|turn|4\n|inactive|j0l0k0 has 30 seconds left.\n|\n|t:|1771329399\n|move|p1b: Grimmsnarl|Reflect|p1b: Grimmsnarl\n|-sidestart|p1: sumire666|Reflect\n|move|p2b: Calyrex|Glacial Lance|p1a: Eternatus|[spread] p1a,p1b\n|-damage|p1a: Eternatus|55/100\n|-damage|p1b: Grimmsnarl|0 fnt\n|faint|p1b: Grimmsnarl\n|-ability|p2b: Calyrex|Chilling Neigh|boost\n|-boost|p2b: Calyrex|atk|1\n|move|p2a: Landorus|Sludge Bomb|p1a: Eternatus\n|-supereffective|p1a: Eternatus\n|-damage|p1a: Eternatus|40/100\n|move|p1a: Eternatus|Recover|p1a: Eternatus\n|-heal|p1a: Eternatus|90/100\n|\n|upkeep\n|\n|t:|1771329415\n|switch|p1b: Incineroar|Incineroar, L50, F|80/100\n|-ability|p1b: Incineroar|Intimidate|boost\n|-unboost|p2a: Landorus|atk|1\n|-fail|p2b: Calyrex|unboost|[from] item: Clear Amulet|[of] p2b: Calyrex\n|turn|5\n|\n|t:|1771329427\n|move|p2b: Calyrex|Glacial Lance|p1b: Incineroar|[spread] p1a,p1b\n|-resisted|p1b: Incineroar\n|-damage|p1a: Eternatus|69/100\n|-damage|p1b: Incineroar|58/100\n|move|p2a: Landorus|Sandsear Storm|p1a: Eternatus|[spread] p1a,p1b\n|-supereffective|p1b: Incineroar\n|-damage|p1a: Eternatus|59/100\n|-damage|p1b: Incineroar|3/100\n|move|p1a: Eternatus|Fire Spin|p2a: Landorus\n|-damage|p2a: Landorus|87/100\n|-activate|p2a: Landorus|move: Fire Spin|[of] p1a: Eternatus\n|move|p1b: Incineroar|Roar|p2b: Calyrex\n|drag|p2b: Indeedee|Indeedee-F, L50, F, shiny|100/100\n|\n|-damage|p2a: Landorus|74/100|[from] move: Fire Spin|[partiallytrapped]\n|-fieldend|move: Trick Room\n|-fieldend|move: Psychic Terrain\n|upkeep\n|turn|6\n|\n|t:|1771329452\n|switch|p1b: Ho-Oh|Ho-Oh, L50|100/100\n|move|p1a: Eternatus|Cosmic Power|p1a: Eternatus\n|-boost|p1a: Eternatus|def|1\n|-boost|p1a: Eternatus|spd|1\n|move|p2a: Landorus|Sludge Bomb|p1a: Eternatus\n|-supereffective|p1a: Eternatus\n|-damage|p1a: Eternatus|47/100\n|move|p2b: Indeedee|Trick Room|p2b: Indeedee\n|-fieldstart|move: Trick Room|[of] p2b: Indeedee\n|\n|-damage|p2a: Landorus|62/100|[from] move: Fire Spin|[partiallytrapped]\n|upkeep\n|turn|7\n|\n|t:|1771329474\n|move|p2b: Indeedee|Helping Hand|p2a: Landorus\n|-singleturn|p2a: Landorus|Helping Hand|[of] p2b: Indeedee\n|move|p2a: Landorus|Sludge Bomb|p1b: Ho-Oh\n|-damage|p1b: Ho-Oh|80/100\n|move|p1b: Ho-Oh|Sacred Fire|p2b: Indeedee\n|-crit|p2b: Indeedee\n|-damage|p2b: Indeedee|33/100\n|move|p1a: Eternatus|Fire Spin|p2b: Indeedee\n|-damage|p2b: Indeedee|24/100\n|-activate|p2b: Indeedee|move: Fire Spin|[of] p1a: Eternatus\n|\n|-damage|p2a: Landorus|50/100|[from] move: Fire Spin|[partiallytrapped]\n|-damage|p2b: Indeedee|11/100|[from] move: Fire Spin|[partiallytrapped]\n|upkeep\n|turn|8\n|\n|t:|1771329492\n|move|p2b: Indeedee|Helping Hand|p2a: Landorus\n|-singleturn|p2a: Landorus|Helping Hand|[of] p2b: Indeedee\n|move|p2a: Landorus|Sandsear Storm|p1b: Ho-Oh|[spread] p1a\n|-immune|p1b: Ho-Oh\n|-damage|p1a: Eternatus|36/100\n|move|p1b: Ho-Oh|Brave Bird|p2a: Landorus\n|-damage|p2a: Landorus|0 fnt\n|faint|p2a: Landorus\n|-damage|p1b: Ho-Oh|65/100|[from] Recoil\n|move|p1a: Eternatus|Recover|p1a: Eternatus\n|-heal|p1a: Eternatus|86/100\n|\n|-damage|p2b: Indeedee|0 fnt|[from] move: Fire Spin|[partiallytrapped]\n|faint|p2b: Indeedee\n|upkeep\n|\n|t:|1771329498\n|switch|p2a: Kyogre|Kyogre, L50, shiny|100/100\n|switch|p2b: Calyrex|Calyrex-Ice, L50, tera:Normal|100/100\n|-ability|p2b: Calyrex|As One\n|-ability|p2b: Calyrex|Unnerve\n|-weather|RainDance|[from] ability: Drizzle|[of] p2a: Kyogre\n|turn|9\n|inactive|sumire666 has 30 seconds left.\n|\n|t:|1771329527\n|move|p2b: Calyrex|Close Combat|p1a: Eternatus\n|-resisted|p1a: Eternatus\n|-damage|p1a: Eternatus|81/100\n|-unboost|p2b: Calyrex|def|1\n|-unboost|p2b: Calyrex|spd|1\n|move|p2a: Kyogre|Water Spout|p1a: Eternatus|[spread] p1a,p1b\n|-supereffective|p1b: Ho-Oh\n|-damage|p1a: Eternatus|64/100\n|-damage|p1b: Ho-Oh|0 fnt\n|faint|p1b: Ho-Oh\n|move|p1a: Eternatus|Fire Spin|p2a: Kyogre\n|-resisted|p2a: Kyogre\n|-damage|p2a: Kyogre|99/100\n|-activate|p2a: Kyogre|move: Fire Spin|[of] p1a: Eternatus\n|\n|-weather|RainDance|[upkeep]\n|-damage|p2a: Kyogre|87/100|[from] move: Fire Spin|[partiallytrapped]\n|upkeep\n|\n|t:|1771329543\n|switch|p1b: Incineroar|Incineroar, L50, F|3/100\n|-ability|p1b: Incineroar|Intimidate|boost\n|-unboost|p2a: Kyogre|atk|1\n|-fail|p2b: Calyrex|unboost|[from] item: Clear Amulet|[of] p2b: Calyrex\n|turn|10\n|\n|t:|1771329562\n|move|p1b: Incineroar|Fake Out|p2b: Calyrex\n|-damage|p2b: Calyrex|90/100\n|cant|p2b: Calyrex|flinch\n|move|p2a: Kyogre|Water Spout|p1b: Incineroar|[spread] p1a,p1b\n|-supereffective|p1b: Incineroar\n|-damage|p1a: Eternatus|50/100\n|-damage|p1b: Incineroar|0 fnt\n|faint|p1b: Incineroar\n|move|p1a: Eternatus|Recover|p1a: Eternatus\n|-heal|p1a: Eternatus|99/100\n|\n|-weather|RainDance|[upkeep]\n|-damage|p2a: Kyogre|75/100|[from] move: Fire Spin|[partiallytrapped]\n|-sideend|p1: sumire666|move: Light Screen\n|-fieldend|move: Trick Room\n|upkeep\n|turn|11\n|\n|t:|1771329578\n|move|p1a: Eternatus|Fire Spin|p2b: Calyrex\n|-damage|p2b: Calyrex|85/100\n|-activate|p2b: Calyrex|move: Fire Spin|[of] p1a: Eternatus\n|move|p2a: Kyogre|Hydro Pump|p1a: Eternatus\n|-damage|p1a: Eternatus|75/100\n|move|p2b: Calyrex|Crunch|p1a: Eternatus\n|-resisted|p1a: Eternatus\n|-damage|p1a: Eternatus|71/100\n|\n|-weather|RainDance|[upkeep]\n|-damage|p2a: Kyogre|63/100|[from] move: Fire Spin|[partiallytrapped]\n|-damage|p2b: Calyrex|73/100|[from] move: Fire Spin|[partiallytrapped]\n|-sideend|p1: sumire666|Reflect\n|upkeep\n|turn|12\n|\n|t:|1771329593\n|move|p1a: Eternatus|Protect|p1a: Eternatus\n|-singleturn|p1a: Eternatus|Protect\n|move|p2a: Kyogre|Hydro Pump|p1a: Eternatus\n|-activate|p1a: Eternatus|move: Protect\n|move|p2b: Calyrex|Crunch|p1a: Eternatus\n|-activate|p1a: Eternatus|move: Protect\n|\n|-weather|RainDance|[upkeep]\n|-damage|p2a: Kyogre|51/100|[from] move: Fire Spin|[partiallytrapped]\n|-damage|p2b: Calyrex|61/100|[from] move: Fire Spin|[partiallytrapped]\n|upkeep\n|turn|13\n|inactive|j0l0k0 has 30 seconds left.\n|inactive|j0l0k0 has 20 seconds left.\n|inactive|j0l0k0 has 15 seconds left.\n|\n|t:|1771329636\n|move|p1a: Eternatus|Recover|p1a: Eternatus\n|-heal|p1a: Eternatus|100/100\n|move|p2a: Kyogre|Hydro Pump|p1a: Eternatus|[miss]\n|-miss|p2a: Kyogre|p1a: Eternatus\n|move|p2b: Calyrex|Close Combat|p1a: Eternatus\n|-resisted|p1a: Eternatus\n|-damage|p1a: Eternatus|93/100\n|-unboost|p2b: Calyrex|def|1\n|-unboost|p2b: Calyrex|spd|1\n|\n|-weather|none\n|-damage|p2a: Kyogre|39/100|[from] move: Fire Spin|[partiallytrapped]\n|-damage|p2b: Calyrex|49/100|[from] move: Fire Spin|[partiallytrapped]\n|upkeep\n|turn|14\n|\n|t:|1771329650\n|move|p1a: Eternatus|Cosmic Power|p1a: Eternatus\n|-boost|p1a: Eternatus|def|1\n|-boost|p1a: Eternatus|spd|1\n|move|p2a: Kyogre|Hydro Pump|p1a: Eternatus\n|-damage|p1a: Eternatus|78/100\n|move|p2b: Calyrex|Close Combat|p1a: Eternatus\n|-resisted|p1a: Eternatus\n|-damage|p1a: Eternatus|71/100\n|-unboost|p2b: Calyrex|def|1\n|-unboost|p2b: Calyrex|spd|1\n|\n|-end|p2a: Kyogre|Fire Spin|[partiallytrapped]\n|-damage|p2b: Calyrex|37/100|[from] move: Fire Spin|[partiallytrapped]\n|upkeep\n|turn|15\n|\n|t:|1771329671\n|move|p1a: Eternatus|Protect|p1a: Eternatus\n|-singleturn|p1a: Eternatus|Protect\n|move|p2a: Kyogre|Ice Beam|p1a: Eternatus\n|-activate|p1a: Eternatus|move: Protect\n|move|p2b: Calyrex|Close Combat|p1a: Eternatus\n|-activate|p1a: Eternatus|move: Protect\n|\n|-damage|p2b: Calyrex|25/100|[from] move: Fire Spin|[partiallytrapped]\n|upkeep\n|turn|16\n|\n|t:|1771329683\n|move|p1a: Eternatus|Fire Spin|p2a: Kyogre\n|-resisted|p2a: Kyogre\n|-damage|p2a: Kyogre|37/100\n|-activate|p2a: Kyogre|move: Fire Spin|[of] p1a: Eternatus\n|move|p2a: Kyogre|Ice Beam|p1a: Eternatus\n|-damage|p1a: Eternatus|63/100\n|move|p2b: Calyrex|Trick Room|p2b: Calyrex\n|-fieldstart|move: Trick Room|[of] p2b: Calyrex\n|\n|-end|p2b: Calyrex|Fire Spin|[partiallytrapped]\n|-damage|p2a: Kyogre|25/100|[from] move: Fire Spin|[partiallytrapped]\n|upkeep\n|turn|17\n|\n|t:|1771329699\n|move|p2b: Calyrex|Crunch|p1a: Eternatus\n|-resisted|p1a: Eternatus\n|-damage|p1a: Eternatus|59/100\n|move|p2a: Kyogre|Ice Beam|p1a: Eternatus\n|-damage|p1a: Eternatus|52/100\n|move|p1a: Eternatus|Recover|p1a: Eternatus\n|-heal|p1a: Eternatus|100/100\n|\n|-damage|p2a: Kyogre|13/100|[from] move: Fire Spin|[partiallytrapped]\n|upkeep\n|turn|18\n|\n|t:|1771329711\n|move|p1a: Eternatus|Protect|p1a: Eternatus\n|-singleturn|p1a: Eternatus|Protect\n|move|p2b: Calyrex|Crunch|p1a: Eternatus\n|-activate|p1a: Eternatus|move: Protect\n|move|p2a: Kyogre|Thunder|p1a: Eternatus\n|-activate|p1a: Eternatus|move: Protect\n|\n|-damage|p2a: Kyogre|0 fnt|[from] move: Fire Spin|[partiallytrapped]\n|faint|p2a: Kyogre\n|upkeep\n|turn|19\n|\n|t:|1771329724\n|move|p2b: Calyrex|Crunch|p1a: Eternatus\n|-resisted|p1a: Eternatus\n|-crit|p1a: Eternatus\n|-damage|p1a: Eternatus|82/100\n|move|p1a: Eternatus|Fire Spin|p2b: Calyrex\n|-damage|p2b: Calyrex|5/100\n|-activate|p2b: Calyrex|move: Fire Spin|[of] p1a: Eternatus\n|\n|-damage|p2b: Calyrex|0 fnt|[from] move: Fire Spin|[partiallytrapped]\n|faint|p2b: Calyrex\n|\n|win|sumire666\n|raw|sumire666's rating: 1210 &rarr; <strong>1247</strong><br />(+37 for winning)\n|raw|j0l0k0's rating: 1397 &rarr; <strong>1367</strong><br />(-30 for losing)\n|c|\u2606j0l0k0|ggwp\n|c|\u2606sumire666|hha\n","uploadtime":1771329758,"views":11,"formatid":"gen9vgc2026regi","rating":1247,"private":0,"password":null}