{"id":"gen9vgc2026regi-2530082383","format":"[Gen 9] VGC 2026 Reg I","players":["ky123456","Metatitan"],"log":"|j|\u2606ky123456\n|j|\u2606Metatitan\n|t:|1769873758\n|gametype|doubles\n|player|p1|ky123456|cynthia-gen4|1373\n|player|p2|Metatitan|cynthia-gen4|1301\n|gen|9\n|tier|[Gen 9] VGC 2026 Reg I\n|rated|\n|rule|Species Clause: Limit one of each Pok\u00e9mon\n|rule|Item Clause: Limit 1 of each item\n|clearpoke\n|poke|p1|Calyrex-Shadow, L50|\n|poke|p1|Zamazenta-*, L50|\n|poke|p1|Roaring Moon, L50|\n|poke|p1|Maushold, L50|\n|poke|p1|Weezing, L50, M|\n|poke|p1|Amoonguss, L50, M|\n|poke|p2|Rayquaza, L50|\n|poke|p2|Kyogre, L50|\n|poke|p2|Tornadus, L50, M|\n|poke|p2|Chien-Pao, L50|\n|poke|p2|Rhyperior, L50, F|\n|poke|p2|Gallade, L50, M|\n|teampreview|4\n|\n|t:|1769873792\n|teamsize|p1|4\n|teamsize|p2|4\n|start\n|switch|p1a: Zamazenta|Zamazenta-Crowned, L50|100/100\n|switch|p1b: Roaring Moon|Roaring Moon, L50|100/100\n|switch|p2a: Kyogre|Kyogre, L50|100/100\n|switch|p2b: Tornadus|Tornadus, L50, M|100/100\n|-ability|p1a: Zamazenta|Dauntless Shield|boost\n|-boost|p1a: Zamazenta|def|1\n|-weather|RainDance|[from] ability: Drizzle|[of] p2a: Kyogre\n|-enditem|p1b: Roaring Moon|Booster Energy\n|-activate|p1b: Roaring Moon|ability: Protosynthesis|[fromitem]\n|-start|p1b: Roaring Moon|protosynthesisspe\n|turn|1\n|\n|t:|1769873820\n|-terastallize|p1a: Zamazenta|Dragon\n|move|p2b: Tornadus|Tailwind|p2b: Tornadus\n|-sidestart|p2: Metatitan|move: Tailwind\n|move|p1b: Roaring Moon|Tailwind|p1b: Roaring Moon\n|-sidestart|p1: ky123456|move: Tailwind\n|move|p1a: Zamazenta|Body Press|p2a: Kyogre\n|-damage|p2a: Kyogre|34/100\n|move|p2a: Kyogre|Ice Beam|p1b: Roaring Moon\n|-supereffective|p1b: Roaring Moon\n|-damage|p1b: Roaring Moon|30/100\n|\n|-weather|RainDance|[upkeep]\n|upkeep\n|turn|2\n|\n|t:|1769873838\n|move|p2a: Kyogre|Protect|p2a: Kyogre\n|-singleturn|p2a: Kyogre|Protect\n|move|p1b: Roaring Moon|Knock Off|p2a: Kyogre\n|-activate|p2a: Kyogre|move: Protect\n|move|p2b: Tornadus|Bleakwind Storm|p1a: Zamazenta|[spread] p1a,p1b\n|-damage|p1a: Zamazenta|75/100\n|-damage|p1b: Roaring Moon|0 fnt\n|-unboost|p1a: Zamazenta|spe|1\n|faint|p1b: Roaring Moon\n|-end|p1b: Roaring Moon|Protosynthesis|[silent]\n|move|p1a: Zamazenta|Heavy Slam|p2b: Tornadus\n|-damage|p2b: Tornadus|24/100\n|\n|-weather|RainDance|[upkeep]\n|upkeep\n|\n|t:|1769873843\n|switch|p1b: Calyrex|Calyrex-Shadow, L50|100/100\n|-ability|p1b: Calyrex|As One\n|-ability|p1b: Calyrex|Unnerve\n|turn|3\n|\n|t:|1769873863\n|move|p2b: Tornadus|Scary Face|p1b: Calyrex\n|-unboost|p1b: Calyrex|spe|2\n|move|p2a: Kyogre|Ice Beam|p1a: Zamazenta\n|-supereffective|p1a: Zamazenta\n|-damage|p1a: Zamazenta|24/100\n|move|p1b: Calyrex|Astral Barrage|p2b: Tornadus|[spread] p2a,p2b\n|-damage|p2a: Kyogre|0 fnt\n|-damage|p2b: Tornadus|0 fnt\n|faint|p2a: Kyogre\n|faint|p2b: Tornadus\n|-ability|p1b: Calyrex|Grim Neigh|boost\n|-boost|p1b: Calyrex|spa|2\n|move|p1a: Zamazenta|Body Press|p2: Kyogre|[notarget]\n|-fail|p1a: Zamazenta\n|\n|-weather|RainDance|[upkeep]\n|upkeep\n|\n|t:|1769873871\n|switch|p2b: Gallade|Gallade, L50, M|100/100\n|switch|p2a: Rayquaza|Rayquaza, L50, shiny|100/100\n|-ability|p2a: Rayquaza|Air Lock\n|turn|4\n|\n|t:|1769873900\n|switch|p1b: Maushold|Maushold, L50|100/100\n|move|p2b: Gallade|Wide Guard|p2b: Gallade\n|-singleturn|p2b: Gallade|Wide Guard\n|move|p2a: Rayquaza|Dragon Ascent|p1a: Zamazenta\n|-damage|p1a: Zamazenta|2/100\n|-unboost|p2a: Rayquaza|def|1\n|-unboost|p2a: Rayquaza|spd|1\n|move|p1a: Zamazenta|Heavy Slam|p2b: Gallade\n|-damage|p2b: Gallade|27/100\n|\n|-weather|RainDance|[upkeep]\n|-sideend|p2: Metatitan|move: Tailwind\n|-sideend|p1: ky123456|move: Tailwind\n|upkeep\n|turn|5\n|inactive|Battle timer is ON: inactive players will automatically lose when time's up. (requested by Metatitan)\n|\n|t:|1769873939\n|-terastallize|p2a: Rayquaza|Normal\n|move|p1b: Maushold|Follow Me|p1b: Maushold\n|-singleturn|p1b: Maushold|move: Follow Me\n|move|p2a: Rayquaza|Extreme Speed|p1b: Maushold\n|-damage|p1b: Maushold|49/100\n|move|p1a: Zamazenta|Heavy Slam|p2b: Gallade\n|-damage|p2b: Gallade|0 fnt\n|faint|p2b: Gallade\n|\n|-weather|none\n|upkeep\n|turn|6\n|\n|t:|1769873962\n|move|p1b: Maushold|Follow Me|p1b: Maushold\n|-singleturn|p1b: Maushold|move: Follow Me\n|move|p2a: Rayquaza|Extreme Speed|p1b: Maushold\n|-damage|p1b: Maushold|0 fnt\n|faint|p1b: Maushold\n|move|p1a: Zamazenta|Body Press|p2a: Rayquaza\n|-supereffective|p2a: Rayquaza\n|-enditem|p2a: Rayquaza|Focus Sash\n|-damage|p2a: Rayquaza|1/100\n|\n|upkeep\n|\n|t:|1769873971\n|switch|p1b: Calyrex|Calyrex-Shadow, L50|100/100\n|-ability|p1b: Calyrex|As One\n|-ability|p1b: Calyrex|Unnerve\n|turn|7\n|\n|t:|1769873977\n|move|p2a: Rayquaza|Extreme Speed|p1a: Zamazenta\n|-damage|p1a: Zamazenta|0 fnt\n|faint|p1a: Zamazenta\n|move|p1b: Calyrex|Leaf Storm|p2a: Rayquaza\n|-damage|p2a: Rayquaza|0 fnt\n|-unboost|p1b: Calyrex|spa|2\n|faint|p2a: Rayquaza\n|\n|win|ky123456\n|raw|ky123456's rating: 1373 &rarr; <strong>1389</strong><br />(+16 for winning)\n|raw|Metatitan's rating: 1301 &rarr; <strong>1285</strong><br />(-16 for losing)\n|l|\u2606Metatitan\n|player|p2|\n|l|\u2606ky123456\n|player|p1|\n","uploadtime":1769874162,"views":13,"formatid":"gen9vgc2026regi","rating":1285,"private":0,"password":null}