{"id":"gen9vgc2026regi-2568653849","format":"[Gen 9] VGC 2026 Reg I","players":["D4RKEVA","mojaaa"],"log":"|j|\u2606D4RKEVA\n|j|\u2606mojaaa\n|t:|1774610268\n|gametype|doubles\n|player|p1|D4RKEVA|169|1511\n|player|p2|mojaaa|169|1472\n|gen|9\n|tier|[Gen 9] VGC 2026 Reg I\n|rated|\n|rule|Species Clause: Limit one of each Pok\u00e9mon\n|rule|Item Clause: Limit 1 of each item\n|clearpoke\n|poke|p1|Lunala, L50|\n|poke|p1|Koraidon, L50|\n|poke|p1|Flutter Mane, L50|\n|poke|p1|Brute Bonnet, L50|\n|poke|p1|Chi-Yu, L50|\n|poke|p1|Ursaluna, L50, F|\n|poke|p2|Calyrex-Ice, L50|\n|poke|p2|Miraidon, L50|\n|poke|p2|Grimmsnarl, L50, M|\n|poke|p2|Volcarona, L50, F|\n|poke|p2|Rillaboom, L50, F|\n|poke|p2|Landorus, L50, M|\n|teampreview|4\n|inactive|Battle timer is ON: inactive players will automatically lose when time's up. (requested by D4RKEVA)\nD4RKEVA rejected open team sheets.\n|inactive|D4RKEVA has 60 seconds left.\n|inactive|mojaaa has 60 seconds left.\n|\n|t:|1774610313\n|teamsize|p1|4\n|teamsize|p2|4\n|start\n|switch|p1a: Clydeon|Koraidon, L50|100/100\n|switch|p1b: Flutter Mane|Flutter Mane, L50|100/100\n|switch|p2a: Calyrex|Calyrex-Ice, L50|100/100\n|switch|p2b: Rillaboom|Rillaboom, L50, F|100/100\n|-ability|p2a: Calyrex|As One\n|-ability|p2a: Calyrex|Unnerve\n|-weather|SunnyDay|[from] ability: Orichalcum Pulse|[of] p1a: Clydeon\n|-activate|p1b: Flutter Mane|ability: Protosynthesis\n|-start|p1b: Flutter Mane|protosynthesisspe\n|-activate|p1a: Clydeon|Orichalcum Pulse|[source]\n|-fieldstart|move: Grassy Terrain|[from] ability: Grassy Surge|[of] p2b: Rillaboom\n|turn|1\n|inactive|mojaaa has 30 seconds left.\n|inactive|mojaaa has 20 seconds left.\n|inactive|mojaaa has 15 seconds left.\n|inactive|mojaaa has 10 seconds left.\n|\n|t:|1774610359\n|-end|p1b: Flutter Mane|Protosynthesis|[silent]\n|switch|p1b: Girl Math|Ursaluna, L50, F|100/100\n|switch|p1a: MoonMoon|Lunala, L50|100/100\n|-terastallize|p2a: Calyrex|Water\n|move|p2b: Rillaboom|U-turn|p1b: Girl Math\n|-damage|p1b: Girl Math|82/100\n|\n|t:|1774610367\n|switch|p2b: Grimmsnarl|Grimmsnarl, L50, M|100/100|[from] U-turn\n|move|p2a: Calyrex|Trick Room|p2a: Calyrex\n|-fieldstart|move: Trick Room|[of] p2a: Calyrex\n|\n|-weather|SunnyDay|[upkeep]\n|-heal|p1b: Girl Math|88/100|[from] Grassy Terrain\n|-status|p1b: Girl Math|brn|[from] item: Flame Orb\n|upkeep\n|turn|2\n|\n|t:|1774610386\n|move|p1a: MoonMoon|Wide Guard|p1a: MoonMoon\n|-singleturn|p1a: MoonMoon|Wide Guard\n|move|p2b: Grimmsnarl|Reflect|p2b: Grimmsnarl\n|-sidestart|p2: mojaaa|Reflect\n|move|p2a: Calyrex|High Horsepower|p1b: Girl Math\n|-damage|p1b: Girl Math|55/100 brn\n|move|p1b: Girl Math|Facade|p2b: Grimmsnarl\n|-damage|p2b: Grimmsnarl|36/100\n|\n|-weather|SunnyDay|[upkeep]\n|-heal|p1b: Girl Math|61/100 brn|[from] Grassy Terrain\n|-heal|p2b: Grimmsnarl|42/100|[from] Grassy Terrain\n|-damage|p1b: Girl Math|55/100 brn|[from] brn\n|upkeep\n|turn|3\n|\n|t:|1774610404\n|move|p1a: MoonMoon|Wide Guard|p1a: MoonMoon\n|-singleturn|p1a: MoonMoon|Wide Guard\n|move|p2b: Grimmsnarl|Parting Shot|p1b: Girl Math\n|-unboost|p1b: Girl Math|atk|1\n|-unboost|p1b: Girl Math|spa|1\n|\n|t:|1774610417\n|switch|p2b: Rillaboom|Rillaboom, L50, F|100/100|[from] Parting Shot\n|move|p2a: Calyrex|High Horsepower|p1b: Girl Math\n|-crit|p1b: Girl Math\n|-damage|p1b: Girl Math|11/100 brn\n|move|p1b: Girl Math|Facade|p2a: Calyrex\n|-damage|p2a: Calyrex|68/100\n|\n|-weather|SunnyDay|[upkeep]\n|-heal|p2a: Calyrex|74/100|[from] Grassy Terrain\n|-heal|p1b: Girl Math|17/100 brn|[from] Grassy Terrain\n|-damage|p1b: Girl Math|11/100 brn|[from] brn\n|upkeep\n|turn|4\n|inactive|mojaaa has 30 seconds left.\n|\n|t:|1774610449\n|move|p1b: Girl Math|Protect|p1b: Girl Math\n|-singleturn|p1b: Girl Math|Protect\n|move|p2b: Rillaboom|Grassy Glide|p1a: MoonMoon\n|-damage|p1a: MoonMoon|87/100\n|move|p2a: Calyrex|Glacial Lance|p1b: Girl Math|[spread] p1a\n|-activate|p1b: Girl Math|move: Protect\n|-damage|p1a: MoonMoon|46/100\n|move|p1a: MoonMoon|Meteor Beam||[still]\n|-prepare|p1a: MoonMoon|Meteor Beam\n|-boost|p1a: MoonMoon|spa|1\n|-enditem|p1a: MoonMoon|Power Herb\n|-anim|p1a: MoonMoon|Meteor Beam|p2a: Calyrex\n|-damage|p2a: Calyrex|33/100\n|\n|-weather|SunnyDay|[upkeep]\n|-heal|p2a: Calyrex|38/100|[from] Grassy Terrain\n|-heal|p1b: Girl Math|17/100 brn|[from] Grassy Terrain\n|-heal|p1a: MoonMoon|52/100|[from] Grassy Terrain\n|-damage|p1b: Girl Math|11/100 brn|[from] brn\n|upkeep\n|turn|5\n|j| Machinationz\n|inactive|mojaaa has 30 seconds left.\n|inactive|mojaaa has 20 seconds left.\n|inactive|mojaaa has 15 seconds left.\n|\n|t:|1774610490\n|move|p1a: MoonMoon|Wide Guard|p1a: MoonMoon\n|-singleturn|p1a: MoonMoon|Wide Guard\n|move|p2a: Calyrex|High Horsepower|p1b: Girl Math\n|-damage|p1b: Girl Math|0 fnt\n|faint|p1b: Girl Math\n|-ability|p2a: Calyrex|Chilling Neigh|boost\n|-boost|p2a: Calyrex|atk|1\n|move|p2b: Rillaboom|U-turn|p1a: MoonMoon\n|-damage|p1a: MoonMoon|34/100\n|\n|t:|1774610499\n|switch|p2b: Grimmsnarl|Grimmsnarl, L50, M|42/100|[from] U-turn\n|\n|-weather|none\n|-heal|p2a: Calyrex|44/100|[from] Grassy Terrain\n|-heal|p2b: Grimmsnarl|48/100|[from] Grassy Terrain\n|-heal|p1a: MoonMoon|40/100|[from] Grassy Terrain\n|-fieldend|move: Trick Room\n|-fieldend|move: Grassy Terrain\n|upkeep\n|c|\u2606D4RKEVA|losing 3 speed ties...\n|inactive|D4RKEVA has 30 seconds left.\n|\n|t:|1774610526\n|switch|p1b: Clydeon|Koraidon, L50|100/100\n|-weather|SunnyDay|[from] ability: Orichalcum Pulse|[of] p1b: Clydeon\n|-activate|p1b: Clydeon|Orichalcum Pulse|[source]\n|turn|6\n|\n|t:|1774610545\n|move|p2a: Calyrex|Protect|p2a: Calyrex\n|-singleturn|p2a: Calyrex|Protect\n|move|p1b: Clydeon|Close Combat|p2a: Calyrex\n|-activate|p2a: Calyrex|move: Protect\n|move|p1a: MoonMoon|Moongeist Beam|p2a: Calyrex\n|-activate|p2a: Calyrex|move: Protect\n|move|p2b: Grimmsnarl|Foul Play|p1a: MoonMoon\n|-supereffective|p1a: MoonMoon\n|-damage|p1a: MoonMoon|0 fnt\n|faint|p1a: MoonMoon\n|\n|-weather|SunnyDay|[upkeep]\n|upkeep\n|\n|t:|1774610548\n|switch|p1a: Flutter Mane|Flutter Mane, L50|100/100\n|-activate|p1a: Flutter Mane|ability: Protosynthesis\n|-start|p1a: Flutter Mane|protosynthesisspe\n|turn|7\n|inactive|D4RKEVA has 30 seconds left.\n|inactive|mojaaa has 30 seconds left.\n|\n|t:|1774610580\n|-terastallize|p1b: Clydeon|Fire\n|move|p2b: Grimmsnarl|Light Screen|p2b: Grimmsnarl\n|-sidestart|p2: mojaaa|move: Light Screen\n|move|p1a: Flutter Mane|Moonblast|p2a: Calyrex\n|-damage|p2a: Calyrex|22/100\n|move|p1b: Clydeon|Flame Charge|p2a: Calyrex\n|-resisted|p2a: Calyrex\n|-damage|p2a: Calyrex|5/100\n|-boost|p1b: Clydeon|spe|1\n|-damage|p1b: Clydeon|91/100|[from] item: Life Orb\n|move|p2a: Calyrex|Glacial Lance|p1b: Clydeon|[spread] p1a,p1b\n|-crit|p1a: Flutter Mane\n|-resisted|p1b: Clydeon\n|-enditem|p1a: Flutter Mane|Focus Sash\n|-damage|p1a: Flutter Mane|1/100\n|-damage|p1b: Clydeon|51/100\n|\n|-weather|SunnyDay|[upkeep]\n|upkeep\n|turn|8\n|inactive|mojaaa has 30 seconds left.\n|\n|t:|1774610609\n|move|p2b: Grimmsnarl|Parting Shot|p1b: Clydeon\n|-unboost|p1b: Clydeon|atk|1\n|-unboost|p1b: Clydeon|spa|1\n|\n|t:|1774610614\n|switch|p2b: Landorus|Landorus, L50, M|100/100|[from] Parting Shot\n|move|p1b: Clydeon|Flame Charge|p2a: Calyrex\n|-resisted|p2a: Calyrex\n|-crit|p2a: Calyrex\n|-damage|p2a: Calyrex|0 fnt\n|-boost|p1b: Clydeon|spe|1\n|faint|p2a: Calyrex\n|-damage|p1b: Clydeon|41/100|[from] item: Life Orb\n|move|p1a: Flutter Mane|Moonblast|p2b: Landorus\n|-damage|p2b: Landorus|71/100\n|\n|-weather|SunnyDay|[upkeep]\n|upkeep\n|\n|t:|1774610627\n|switch|p2a: Rillaboom|Rillaboom, L50, F|100/100\n|-fieldstart|move: Grassy Terrain|[from] ability: Grassy Surge|[of] p2a: Rillaboom\n|turn|9\n|\n|t:|1774610636\n|move|p1b: Clydeon|Protect|p1b: Clydeon\n|-singleturn|p1b: Clydeon|Protect\n|move|p1a: Flutter Mane|Protect|p1a: Flutter Mane\n|-singleturn|p1a: Flutter Mane|Protect\n|move|p2a: Rillaboom|Fake Out|p1b: Clydeon\n|-activate|p1b: Clydeon|move: Protect\n|move|p2b: Landorus|Earth Power|p1a: Flutter Mane\n|-activate|p1a: Flutter Mane|move: Protect\n|\n|-weather|SunnyDay|[upkeep]\n|-heal|p1b: Clydeon|48/100|[from] Grassy Terrain\n|-heal|p1a: Flutter Mane|7/100|[from] Grassy Terrain\n|-sideend|p2: mojaaa|Reflect\n|upkeep\n|turn|10\n|\n|t:|1774610650\n|move|p1a: Flutter Mane|Protect|p1a: Flutter Mane\n|-singleturn|p1a: Flutter Mane|Protect\n|move|p2a: Rillaboom|Grassy Glide|p1a: Flutter Mane\n|-activate|p1a: Flutter Mane|move: Protect\n|move|p1b: Clydeon|Flare Blitz|p2b: Landorus\n|-damage|p2b: Landorus|0 fnt\n|faint|p2b: Landorus\n|-damage|p1b: Clydeon|22/100|[from] Recoil\n|-damage|p1b: Clydeon|12/100|[from] item: Life Orb\n|\n|-weather|none\n|-end|p1a: Flutter Mane|Protosynthesis\n|-heal|p1b: Clydeon|19/100|[from] Grassy Terrain\n|-heal|p1a: Flutter Mane|13/100|[from] Grassy Terrain\n|upkeep\n|\n|t:|1774610662\n|switch|p2b: Grimmsnarl|Grimmsnarl, L50, M|48/100\n|turn|11\n|inactive|D4RKEVA has 30 seconds left.\n|\n|t:|1774610691\n|move|p2a: Rillaboom|Grassy Glide|p1a: Flutter Mane\n|-crit|p1a: Flutter Mane\n|-damage|p1a: Flutter Mane|0 fnt\n|faint|p1a: Flutter Mane\n|-end|p1a: Flutter Mane|Protosynthesis|[silent]\n|move|p1b: Clydeon|Close Combat|p2b: Grimmsnarl\n|-damage|p2b: Grimmsnarl|0 fnt\n|-unboost|p1b: Clydeon|def|1\n|-unboost|p1b: Clydeon|spd|1\n|faint|p2b: Grimmsnarl\n|-damage|p1b: Clydeon|9/100|[from] item: Life Orb\n|\n|-heal|p1b: Clydeon|15/100|[from] Grassy Terrain\n|upkeep\n|turn|12\n|\n|t:|1774610704\n|move|p1b: Clydeon|Protect|p1b: Clydeon\n|-singleturn|p1b: Clydeon|Protect\n|move|p2a: Rillaboom|Grassy Glide|p1b: Clydeon\n|-activate|p1b: Clydeon|move: Protect\n|\n|-heal|p1b: Clydeon|22/100|[from] Grassy Terrain\n|upkeep\n|turn|13\n|inactive|D4RKEVA has 30 seconds left.\n|\n|t:|1774610732\n|move|p1b: Clydeon|Protect|p1b: Clydeon\n|-singleturn|p1b: Clydeon|Protect\n|move|p2a: Rillaboom|Grassy Glide|p1b: Clydeon\n|-activate|p1b: Clydeon|move: Protect\n|\n|-heal|p1b: Clydeon|28/100|[from] Grassy Terrain\n|-fieldend|move: Grassy Terrain\n|upkeep\n|turn|14\n|\n|t:|1774610740\n|move|p1b: Clydeon|Flame Charge|p2a: Rillaboom\n|-supereffective|p2a: Rillaboom\n|-damage|p2a: Rillaboom|44/100\n|-boost|p1b: Clydeon|spe|1\n|-damage|p1b: Clydeon|18/100|[from] item: Life Orb\n|move|p2a: Rillaboom|Wood Hammer|p1b: Clydeon\n|-resisted|p1b: Clydeon\n|-crit|p1b: Clydeon\n|-damage|p1b: Clydeon|0 fnt\n|faint|p1b: Clydeon\n|-damage|p2a: Rillaboom|39/100|[from] Recoil\n|\n|win|mojaaa\n|raw|D4RKEVA's rating: 1511 &rarr; <strong>1489</strong><br />(-22 for losing)\n|raw|mojaaa's rating: 1472 &rarr; <strong>1494</strong><br />(+22 for winning)\n|l| Machinationz\n|l|\u2606mojaaa\n|player|p2|\n|l|\u2606D4RKEVA\n|player|p1|\n","uploadtime":1774611012,"views":19,"formatid":"gen9vgc2026regi","rating":1489,"private":0,"password":null}