{"id":"gen9vgc2026regi-2519195599","format":"[Gen 9] VGC 2026 Reg I","players":["marcxhenry","YuJiminLuver"],"log":"|j|\u2606marcxhenry\n|j|\u2606YuJiminLuver\n|t:|1768482666\n|gametype|doubles\n|player|p1|marcxhenry|hilbert-wonderlauncher|1292\n|player|p2|YuJiminLuver|bellelba|1215\n|gen|9\n|tier|[Gen 9] VGC 2026 Reg I\n|rated|\n|rule|Species Clause: Limit one of each Pok\u00e9mon\n|rule|Item Clause: Limit 1 of each item\n|clearpoke\n|poke|p1|Calyrex-Shadow, L50|\n|poke|p1|Urshifu-*, L50, M|\n|poke|p1|Roaring Moon, L50|\n|poke|p1|Kyogre, L50|\n|poke|p1|Tsareena, L50, F|\n|poke|p1|Kingambit, L50, M|\n|poke|p2|Amoonguss, L50, F|\n|poke|p2|Calyrex-Ice, L50|\n|poke|p2|Ursaluna-Bloodmoon, L50, M|\n|poke|p2|Lunala, L50|\n|poke|p2|Torkoal, L50, F|\n|poke|p2|Indeedee-F, L50, F|\n|teampreview|4\n|inactive|Battle timer is ON: inactive players will automatically lose when time's up. (requested by YuJiminLuver)\n|\n|t:|1768482703\n|teamsize|p1|4\n|teamsize|p2|4\n|start\n|switch|p1a: Rhein\u00fcbung|Urshifu-Rapid-Strike, L50, M|100/100\n|switch|p1b: Eva|Tsareena, L50, F, shiny|100/100\n|switch|p2a: Lunala|Lunala, L50|100/100\n|switch|p2b: Indeedee|Indeedee-F, L50, F, shiny|100/100\n|-fieldstart|move: Psychic Terrain|[from] ability: Psychic Surge|[of] p2b: Indeedee\n|-enditem|p2b: Indeedee|Psychic Seed\n|-boost|p2b: Indeedee|spd|1|[from] item: Psychic Seed\n|turn|1\n|inactive|YuJiminLuver has 30 seconds left.\n|\n|t:|1768482736\n|move|p2b: Indeedee|Follow Me|p2b: Indeedee\n|-singleturn|p2b: Indeedee|move: Follow Me\n|move|p1a: Rhein\u00fcbung|U-turn|p2b: Indeedee\n|-supereffective|p2b: Indeedee\n|-damage|p2b: Indeedee|45/100\n|\n|t:|1768482741\n|switch|p1a: Hermann|Kingambit, L50, M, shiny|100/100|[from] U-turn\n|move|p1b: Eva|Taunt|p2b: Indeedee\n|-start|p2b: Indeedee|move: Taunt\n|move|p2a: Lunala|Trick Room|p2a: Lunala\n|-fieldstart|move: Trick Room|[of] p2a: Lunala\n|\n|upkeep\n|turn|2\n|\n|t:|1768482763\n|switch|p2a: Torkoal|Torkoal, L50, F, shiny|100/100\n|-weather|SunnyDay|[from] ability: Drought|[of] p2a: Torkoal\n|move|p1a: Hermann|Kowtow Cleave|p2b: Indeedee\n|-supereffective|p2b: Indeedee\n|-damage|p2b: Indeedee|0 fnt\n|faint|p2b: Indeedee\n|move|p1b: Eva|Power Whip|p2a: Torkoal\n|-resisted|p2a: Torkoal\n|-damage|p2a: Torkoal|78/100\n|\n|-weather|SunnyDay|[upkeep]\n|upkeep\n|\n|t:|1768482767\n|switch|p2b: Lunala|Lunala, L50|100/100\n|turn|3\n|\n|t:|1768482783\n|switch|p1a: Tripitz|Kyogre, L50, shiny|100/100\n|-weather|RainDance|[from] ability: Drizzle|[of] p1a: Tripitz\n|-terastallize|p1b: Eva|Water\n|move|p2a: Torkoal|Eruption|p1a: Tripitz|[spread] p1a,p1b\n|-resisted|p1a: Tripitz\n|-resisted|p1b: Eva\n|-damage|p1a: Tripitz|89/100\n|-damage|p1b: Eva|86/100\n|move|p2b: Lunala|Moonblast|p1a: Tripitz\n|-damage|p1a: Tripitz|62/100\n|-unboost|p1a: Tripitz|spa|1\n|move|p1b: Eva|Power Whip|p2b: Lunala\n|-damage|p2b: Lunala|77/100\n|\n|-weather|RainDance|[upkeep]\n|upkeep\n|turn|4\n|\n|t:|1768482805\n|switch|p2a: Calyrex|Calyrex-Ice, L50|100/100\n|-ability|p2a: Calyrex|As One\n|-ability|p2a: Calyrex|Unnerve\n|move|p1a: Tripitz|Protect|p1a: Tripitz\n|-singleturn|p1a: Tripitz|Protect\n|move|p2b: Lunala|Wide Guard|p2b: Lunala\n|-singleturn|p2b: Lunala|Wide Guard\n|move|p1b: Eva|Power Whip|p2a: Calyrex\n|-damage|p2a: Calyrex|58/100\n|\n|-weather|RainDance|[upkeep]\n|upkeep\n|turn|5\n|\n|t:|1768482824\n|switch|p1a: Hermann|Kingambit, L50, M, shiny|100/100\n|move|p1b: Eva|Protect|p1b: Eva\n|-singleturn|p1b: Eva|Protect\n|move|p2a: Calyrex|Glacial Lance|p1b: Eva|[spread] p1a\n|-activate|p1b: Eva|move: Protect\n|-resisted|p1a: Hermann\n|-damage|p1a: Hermann|78/100\n|move|p2b: Lunala|Moongeist Beam|p1b: Eva\n|-activate|p1b: Eva|move: Protect\n|\n|-weather|RainDance|[upkeep]\n|-fieldend|move: Trick Room\n|-fieldend|move: Psychic Terrain\n|upkeep\n|turn|6\n|\n|t:|1768482846\n|-terastallize|p2b: Lunala|Fairy\n|move|p2a: Calyrex|Protect|p2a: Calyrex\n|-singleturn|p2a: Calyrex|Protect\n|move|p1b: Eva|Power Whip|p2b: Lunala\n|-damage|p2b: Lunala|30/100\n|move|p1a: Hermann|Iron Head|p2b: Lunala\n|-supereffective|p2b: Lunala\n|-damage|p2b: Lunala|0 fnt\n|faint|p2b: Lunala\n|\n|-weather|RainDance|[upkeep]\n|upkeep\n|-message|YuJiminLuver forfeited.\n|\n|win|marcxhenry\n|raw|marcxhenry's rating: 1292 &rarr; <strong>1312</strong><br />(+20 for winning)\n|raw|YuJiminLuver's rating: 1215 &rarr; <strong>1195</strong><br />(-20 for losing)\n|l|\u2606YuJiminLuver\n|player|p2|\n|l|\u2606marcxhenry\n|player|p1|\n","uploadtime":1768483093,"views":14,"formatid":"gen9vgc2026regi","rating":1195,"private":0,"password":null}