{"id":"gen9vgc2026regi-2561360294","format":"[Gen 9] VGC 2026 Reg I","players":["NorthGDH","terafireflareblitz"],"log":"|j|\u2606NorthGDH\n|j|\u2606terafireflareblitz\n|t:|1773787762\n|gametype|doubles\n|player|p1|NorthGDH|pokemonranger-gen4|1425\n|player|p2|terafireflareblitz|sycamore|1513\n|gen|9\n|tier|[Gen 9] VGC 2026 Reg I\n|rated|\n|rule|Species Clause: Limit one of each Pok\u00e9mon\n|rule|Item Clause: Limit 1 of each item\n|clearpoke\n|poke|p1|Lunala, L50|\n|poke|p1|Whimsicott, L50, F|\n|poke|p1|Miraidon, L50|\n|poke|p1|Ursaluna, L50, F|\n|poke|p1|Farigiraf, L50, M|\n|poke|p1|Incineroar, L50, F|\n|poke|p2|Koraidon, L50|\n|poke|p2|Lunala, L50|\n|poke|p2|Indeedee-F, L50, F|\n|poke|p2|Flutter Mane, L50|\n|poke|p2|Volcarona, L50, F|\n|poke|p2|Ursaluna, L50, M|\n|teampreview|4\n|inactive|Battle timer is ON: inactive players will automatically lose when time's up. (requested by terafireflareblitz)\n|inactive|NorthGDH also wants the timer to be on.\n|\n|t:|1773787779\n|teamsize|p1|4\n|teamsize|p2|4\n|start\n|switch|p1a: Tetia|Lunala, L50|100/100\n|switch|p1b: Qiffrey|Whimsicott, L50, F, shiny|100/100\n|switch|p2a: Lunala|Lunala, L50, shiny|100/100\n|switch|p2b: Indeedee|Indeedee-F, L50, F|100/100\n|-fieldstart|move: Psychic Terrain|[from] ability: Psychic Surge|[of] p2b: Indeedee\n|turn|1\n|\n|t:|1773787790\n|switch|p2a: Ursaluna|Ursaluna, L50, M|100/100\n|move|p1b: Qiffrey|Light Screen|p1b: Qiffrey\n|-sidestart|p1: NorthGDH|move: Light Screen\n|move|p1a: Tetia|Meteor Beam||[still]\n|-prepare|p1a: Tetia|Meteor Beam\n|-boost|p1a: Tetia|spa|1\n|-enditem|p1a: Tetia|Power Herb\n|-anim|p1a: Tetia|Meteor Beam|p2b: Indeedee\n|-damage|p2b: Indeedee|34/100\n|move|p2b: Indeedee|Trick Room|p2b: Indeedee\n|-fieldstart|move: Trick Room|[of] p2b: Indeedee\n|\n|-status|p2a: Ursaluna|brn|[from] item: Flame Orb\n|upkeep\n|turn|2\n|\n|t:|1773787815\n|switch|p2b: Lunala|Lunala, L50, shiny|100/100\n|switch|p1a: Coco|Miraidon, L50|100/100\n|-fieldstart|move: Electric Terrain|[from] ability: Hadron Engine|[of] p1a: Coco\n|move|p1b: Qiffrey|Encore||[still]\n|-fail|p1b: Qiffrey\n|move|p2a: Ursaluna|Facade|p1b: Qiffrey\n|-damage|p1b: Qiffrey|0 fnt\n|faint|p1b: Qiffrey\n|\n|-damage|p2a: Ursaluna|95/100 brn|[from] brn\n|upkeep\n|c|\u2606NorthGDH|Huuuuge\n|c|\u2606NorthGDH|ggwp\n|\n|t:|1773787826\n|switch|p1b: Richeh|Ursaluna, L50, F|100/100\n|turn|3\n|\n|t:|1773787834\n|move|p1b: Richeh|Protect|p1b: Richeh\n|-singleturn|p1b: Richeh|Protect\n|move|p2a: Ursaluna|Headlong Rush|p1a: Coco\n|-supereffective|p1a: Coco\n|-damage|p1a: Coco|0 fnt\n|-unboost|p2a: Ursaluna|def|1\n|-unboost|p2a: Ursaluna|spd|1\n|faint|p1a: Coco\n|move|p2b: Lunala|Meteor Beam||[still]\n|-prepare|p2b: Lunala|Meteor Beam\n|-boost|p2b: Lunala|spa|1\n|-enditem|p2b: Lunala|Power Herb\n|-anim|p2b: Lunala|Meteor Beam|p1b: Richeh\n|-activate|p1b: Richeh|move: Protect\n|\n|-damage|p2a: Ursaluna|89/100 brn|[from] brn\n|-status|p1b: Richeh|brn|[from] item: Flame Orb\n|upkeep\n|\n|t:|1773787835\n|switch|p1a: Tetia|Lunala, L50|100/100\n|turn|4\n|\n|t:|1773787851\n|switch|p2a: Indeedee|Indeedee-F, L50, F|34/100\n|-fieldstart|move: Psychic Terrain|[from] ability: Psychic Surge|[of] p2a: Indeedee\n|-terastallize|p1b: Richeh|Ghost\n|-terastallize|p2b: Lunala|Water\n|move|p1b: Richeh|Earthquake|p2a: Indeedee|[spread] p1a,p2a,p2b\n|-damage|p1a: Tetia|76/100\n|-damage|p2a: Indeedee|0 fnt\n|-damage|p2b: Lunala|73/100\n|faint|p2a: Indeedee\n|move|p1a: Tetia|Moongeist Beam|p2b: Lunala\n|-damage|p2b: Lunala|33/100\n|move|p2b: Lunala|Expanding Force|p1b: Richeh|[spread] p1a,p1b\n|-resisted|p1a: Tetia\n|-damage|p1a: Tetia|52/100\n|-damage|p1b: Richeh|37/100 brn\n|\n|-damage|p1b: Richeh|31/100 brn|[from] brn\n|upkeep\n|\n|t:|1773787856\n|switch|p2a: Koraidon|Koraidon, L50, shiny|100/100\n|-weather|SunnyDay|[from] ability: Orichalcum Pulse|[of] p2a: Koraidon\n|-activate|p2a: Koraidon|Orichalcum Pulse|[source]\n|turn|5\n|\n|t:|1773787868\n|move|p2a: Koraidon|Protect|p2a: Koraidon\n|-singleturn|p2a: Koraidon|Protect\n|move|p2b: Lunala|Wide Guard|p2b: Lunala\n|-singleturn|p2b: Lunala|Wide Guard\n|move|p1b: Richeh|Facade|p2a: Koraidon\n|-activate|p2a: Koraidon|move: Protect\n|move|p1a: Tetia|Moongeist Beam|p2b: Lunala\n|-damage|p2b: Lunala|0 fnt\n|faint|p2b: Lunala\n|\n|-weather|SunnyDay|[upkeep]\n|-damage|p1b: Richeh|25/100 brn|[from] brn\n|-sideend|p1: NorthGDH|move: Light Screen\n|-fieldend|move: Trick Room\n|upkeep\n|\n|t:|1773787870\n|switch|p2b: Ursaluna|Ursaluna, L50, M|89/100 brn\n|turn|6\n|\n|t:|1773787887\n|move|p1b: Richeh|Protect|p1b: Richeh\n|-singleturn|p1b: Richeh|Protect\n|move|p2a: Koraidon|Flare Blitz|p1a: Tetia\n|-damage|p1a: Tetia|0 fnt\n|faint|p1a: Tetia\n|-damage|p2a: Koraidon|77/100|[from] Recoil\n|-damage|p2a: Koraidon|67/100|[from] item: Life Orb\n|move|p2b: Ursaluna|Headlong Rush|p1b: Richeh\n|-activate|p1b: Richeh|move: Protect\n|\n|-weather|SunnyDay|[upkeep]\n|-damage|p1b: Richeh|19/100 brn|[from] brn\n|-damage|p2b: Ursaluna|83/100 brn|[from] brn\n|upkeep\n|turn|7\n|-message|NorthGDH forfeited.\n|\n|win|terafireflareblitz\n|raw|NorthGDH's rating: 1425 &rarr; <strong>1410</strong><br />(-15 for losing)\n|raw|terafireflareblitz's rating: 1513 &rarr; <strong>1528</strong><br />(+15 for winning)\n","uploadtime":1773787890,"views":11,"formatid":"gen9vgc2026regi","rating":1410,"private":0,"password":null}