{"id":"gen9vgc2026regi-2562100670","format":"[Gen 9] VGC 2026 Reg I","players":["Dag291","Cello L."],"log":"|j|\u203dDag291\n|j|\u2606Cello L.\n|t:|1773871130\n|gametype|doubles\n|player|p1|Dag291|265|1272\n|player|p2|Cello L.|2|1446\n|gen|9\n|tier|[Gen 9] VGC 2026 Reg I\n|rated|\n|rule|Species Clause: Limit one of each Pok\u00e9mon\n|rule|Item Clause: Limit 1 of each item\n|clearpoke\n|poke|p1|Tornadus, L50, M|\n|poke|p1|Incineroar, L50, F|\n|poke|p1|Urshifu-*, L50, M|\n|poke|p1|Calyrex-Shadow, L50|\n|poke|p1|Zacian-*, L50|\n|poke|p1|Rillaboom, L50, F|\n|poke|p2|Kyogre, L50|\n|poke|p2|Calyrex-Ice, L50|\n|poke|p2|Flutter Mane, L50|\n|poke|p2|Urshifu-*, L50, F|\n|poke|p2|Rillaboom, L50, M|\n|poke|p2|Amoonguss, L50, F|\n|teampreview|4\n|inactive|Battle timer is ON: inactive players will automatically lose when time's up. (requested by Dag291)\n|\n|t:|1773871158\n|teamsize|p1|4\n|teamsize|p2|4\n|start\n|switch|p1a: Calyrex|Calyrex-Shadow, L50|100/100\n|switch|p1b: Zacian|Zacian-Crowned, L50|100/100\n|switch|p2a: Calyrex|Calyrex-Ice, L50|100/100\n|switch|p2b: Amoonguss|Amoonguss, L50, F|100/100\n|-ability|p1a: Calyrex|As One\n|-ability|p1a: Calyrex|Unnerve\n|-ability|p2a: Calyrex|As One\n|-ability|p2a: Calyrex|Unnerve\n|-ability|p1b: Zacian|Intrepid Sword|boost\n|-boost|p1b: Zacian|atk|1\n|turn|1\n|\n|t:|1773871173\n|-terastallize|p2a: Calyrex|Fairy\n|move|p2b: Amoonguss|Rage Powder|p2b: Amoonguss\n|-singleturn|p2b: Amoonguss|move: Rage Powder\n|move|p1a: Calyrex|Astral Barrage|p2b: Amoonguss|[spread] p2a,p2b\n|-damage|p2a: Calyrex|72/100\n|-damage|p2b: Amoonguss|63/100\n|move|p1b: Zacian|Behemoth Blade|p2b: Amoonguss\n|-damage|p2b: Amoonguss|0 fnt\n|-damage|p1b: Zacian|84/100|[from] item: Rocky Helmet|[of] p2b: Amoonguss\n|faint|p2b: Amoonguss\n|move|p2a: Calyrex|Trick Room|p2a: Calyrex\n|-fieldstart|move: Trick Room|[of] p2a: Calyrex\n|\n|-heal|p2a: Calyrex|77/100|[from] item: Leftovers\n|upkeep\n|\n|t:|1773871187\n|switch|p2b: Kyogre|Kyogre, L50|100/100\n|-weather|RainDance|[from] ability: Drizzle|[of] p2b: Kyogre\n|turn|2\n|inactive|Dag291 has 30 seconds left.\n|inactive|Dag291 has 20 seconds left.\n|\n|t:|1773871223\n|switch|p1b: Rillaboom|Rillaboom, L50, F|100/100\n|-fieldstart|move: Grassy Terrain|[from] ability: Grassy Surge|[of] p1b: Rillaboom\n|move|p1a: Calyrex|Protect|p1a: Calyrex\n|-singleturn|p1a: Calyrex|Protect\n|move|p2a: Calyrex|Glacial Lance|p1a: Calyrex|[spread] p1b\n|-activate|p1a: Calyrex|move: Protect\n|-supereffective|p1b: Rillaboom\n|-damage|p1b: Rillaboom|11/100\n|move|p2b: Kyogre|Water Spout|p1b: Rillaboom|[spread] p1b\n|-activate|p1a: Calyrex|move: Protect\n|-resisted|p1b: Rillaboom\n|-damage|p1b: Rillaboom|0 fnt\n|faint|p1b: Rillaboom\n|\n|-weather|RainDance|[upkeep]\n|-heal|p2a: Calyrex|83/100|[from] Grassy Terrain\n|-heal|p2a: Calyrex|89/100|[from] item: Leftovers\n|upkeep\n|\n|t:|1773871239\n|switch|p1b: Urshifu|Urshifu-Rapid-Strike, L50, M|100/100\n|turn|3\n|inactive|Dag291 has 30 seconds left.\n|inactive|Dag291 has 20 seconds left.\n|inactive|Dag291 has 15 seconds left.\n|inactive|Dag291 has 10 seconds left.\n|inactive|Dag291 has 5 seconds left.\n|\n|t:|1773871293\n|-terastallize|p1a: Calyrex|Water\n|move|p2a: Calyrex|Glacial Lance|p1b: Urshifu|[spread] p1a,p1b\n|-resisted|p1a: Calyrex\n|-resisted|p1b: Urshifu\n|-damage|p1a: Calyrex|78/100\n|-damage|p1b: Urshifu|78/100\n|move|p2b: Kyogre|Water Spout|p1b: Urshifu|[spread] p1a,p1b\n|-resisted|p1a: Calyrex\n|-resisted|p1b: Urshifu\n|-damage|p1a: Calyrex|28/100\n|-damage|p1b: Urshifu|0 fnt\n|faint|p1b: Urshifu\n|move|p1a: Calyrex|Astral Barrage|p2b: Kyogre|[spread] p2a,p2b\n|-damage|p2a: Calyrex|60/100\n|-damage|p2b: Kyogre|68/100\n|\n|-weather|RainDance|[upkeep]\n|-heal|p2a: Calyrex|66/100|[from] Grassy Terrain\n|-heal|p2a: Calyrex|72/100|[from] item: Leftovers\n|-heal|p2b: Kyogre|73/100|[from] Grassy Terrain\n|-heal|p1a: Calyrex|34/100|[from] Grassy Terrain\n|-heal|p1a: Calyrex|40/100|[from] item: Leftovers\n|upkeep\n|\n|t:|1773871314\n|switch|p1b: Zacian|Zacian-Crowned, L50|84/100\n|turn|4\n|\n|t:|1773871318\n|move|p1b: Zacian|Protect|p1b: Zacian\n|-singleturn|p1b: Zacian|Protect\n|move|p1a: Calyrex|Protect|p1a: Calyrex\n|-singleturn|p1a: Calyrex|Protect\n|move|p2a: Calyrex|Glacial Lance|p1b: Zacian|[spread] \n|-activate|p1a: Calyrex|move: Protect\n|-activate|p1b: Zacian|move: Protect\n|move|p2b: Kyogre|Water Spout|p1a: Calyrex|[spread] \n|-activate|p1a: Calyrex|move: Protect\n|-activate|p1b: Zacian|move: Protect\n|\n|-weather|RainDance|[upkeep]\n|-heal|p2a: Calyrex|77/100|[from] Grassy Terrain\n|-heal|p2a: Calyrex|83/100|[from] item: Leftovers\n|-heal|p2b: Kyogre|79/100|[from] Grassy Terrain\n|-heal|p1b: Zacian|90/100|[from] Grassy Terrain\n|-heal|p1a: Calyrex|46/100|[from] Grassy Terrain\n|-heal|p1a: Calyrex|52/100|[from] item: Leftovers\n|upkeep\n|turn|5\n|\n|t:|1773871339\n|move|p2a: Calyrex|Glacial Lance|p1b: Zacian|[spread] p1a,p1b\n|-resisted|p1a: Calyrex\n|-resisted|p1b: Zacian\n|-damage|p1a: Calyrex|30/100\n|-damage|p1b: Zacian|71/100\n|move|p2b: Kyogre|Water Spout|p1a: Calyrex|[spread] p1a,p1b\n|-resisted|p1a: Calyrex\n|-crit|p1a: Calyrex\n|-damage|p1a: Calyrex|0 fnt\n|-damage|p1b: Zacian|0 fnt\n|faint|p1a: Calyrex\n|faint|p1b: Zacian\n|\n|win|Cello L.\n|raw|Dag291's rating: 1272 &rarr; <strong>1259</strong><br />(-13 for losing)\n|raw|Cello L.'s rating: 1446 &rarr; <strong>1457</strong><br />(+11 for winning)\n|l|\u203dDag291\n|player|p1|\n","uploadtime":1773871365,"views":14,"formatid":"gen9vgc2026regi","rating":1259,"private":0,"password":null}