{"id":"gen9vgc2026regi-2546761452","format":"[Gen 9] VGC 2026 Reg I","players":["Kvaaan","Zorse Mentality"],"log":"|j|\u2606Kvaaan\n|j|\u2606Zorse Mentality\n|t:|1772007103\n|gametype|doubles\n|player|p1|Kvaaan|veteran|1368\n|player|p2|Zorse Mentality|101|1446\n|gen|9\n|tier|[Gen 9] VGC 2026 Reg I\n|rated|\n|rule|Species Clause: Limit one of each Pok\u00e9mon\n|rule|Item Clause: Limit 1 of each item\n|clearpoke\n|poke|p1|Kyogre, L50|\n|poke|p1|Calyrex-Ice, L50|\n|poke|p1|Tornadus, L50, M|\n|poke|p1|Wo-Chien, L50|\n|poke|p1|Landorus, L50, M|\n|poke|p1|Grimmsnarl, L50, M|\n|poke|p2|Calyrex-Ice, L50|\n|poke|p2|Kyogre, L50|\n|poke|p2|Tornadus, L50, M|\n|poke|p2|Urshifu-*, L50, M|\n|poke|p2|Indeedee-F, L50, F|\n|poke|p2|Torkoal, L50, F|\n|teampreview|4\n|inactive|Battle timer is ON: inactive players will automatically lose when time's up. (requested by Zorse Mentality)\n|\n|t:|1772007122\n|teamsize|p1|4\n|teamsize|p2|4\n|start\n|switch|p1a: Grimmsnarl|Grimmsnarl, L50, M, shiny|100/100\n|switch|p1b: Calyrex|Calyrex-Ice, L50|100/100\n|switch|p2a: Tornadus|Tornadus, L50, M|100/100\n|switch|p2b: Kyogre|Kyogre, L50|100/100\n|-ability|p1b: Calyrex|As One\n|-ability|p1b: Calyrex|Unnerve\n|-weather|RainDance|[from] ability: Drizzle|[of] p2b: Kyogre\n|turn|1\n|j| missouri mott\n|inactive|Zorse Mentality has 30 seconds left.\n|\n|t:|1772007159\n|move|p1a: Grimmsnarl|Light Screen|p1a: Grimmsnarl\n|-sidestart|p1: Kvaaan|move: Light Screen\n|move|p2a: Tornadus|Bleakwind Storm|p1a: Grimmsnarl|[spread] p1a,p1b\n|-damage|p1a: Grimmsnarl|77/100\n|-damage|p1b: Calyrex|86/100\n|move|p2b: Kyogre|Water Spout|p1a: Grimmsnarl|[spread] p1a,p1b\n|-damage|p1a: Grimmsnarl|3/100\n|-damage|p1b: Calyrex|34/100\n|move|p1b: Calyrex|Trick Room|p1b: Calyrex\n|-fieldstart|move: Trick Room|[of] p1b: Calyrex\n|\n|-weather|RainDance|[upkeep]\n|upkeep\n|turn|2\n|inactive|Zorse Mentality has 30 seconds left.\n|inactive|Kvaaan has 30 seconds left.\n|\n|t:|1772007191\n|switch|p1a: Wo-Chien|Wo-Chien, L50|100/100\n|-ability|p1a: Wo-Chien|Tablets of Ruin\n|-terastallize|p1b: Calyrex|Water\n|move|p2a: Tornadus|Protect|p2a: Tornadus\n|-singleturn|p2a: Tornadus|Protect\n|move|p1b: Calyrex|High Horsepower|p2b: Kyogre\n|-damage|p2b: Kyogre|68/100\n|move|p2b: Kyogre|Water Spout|p1a: Wo-Chien|[spread] p1a,p1b\n|-resisted|p1a: Wo-Chien\n|-resisted|p1b: Calyrex\n|-damage|p1a: Wo-Chien|82/100\n|-damage|p1b: Calyrex|18/100\n|\n|-weather|RainDance|[upkeep]\n|-heal|p1a: Wo-Chien|88/100|[from] item: Leftovers\n|upkeep\n|turn|3\n|\n|t:|1772007213\n|move|p1b: Calyrex|Glacial Lance|p2b: Kyogre|[spread] p2a,p2b\n|-supereffective|p2a: Tornadus\n|-resisted|p2b: Kyogre\n|-crit|p2b: Kyogre\n|-enditem|p2a: Tornadus|Focus Sash\n|-damage|p2a: Tornadus|1/100\n|-damage|p2b: Kyogre|35/100\n|move|p1a: Wo-Chien|Pollen Puff|p1b: Calyrex\n|-heal|p1b: Calyrex|68/100\n|move|p2b: Kyogre|Thunder|p1b: Calyrex\n|-supereffective|p1b: Calyrex\n|-crit|p1b: Calyrex\n|-damage|p1b: Calyrex|0 fnt\n|faint|p1b: Calyrex\n|move|p2a: Tornadus|Bleakwind Storm|p1a: Wo-Chien\n|-supereffective|p1a: Wo-Chien\n|-damage|p1a: Wo-Chien|35/100\n|-unboost|p1a: Wo-Chien|spe|1\n|\n|-weather|RainDance|[upkeep]\n|-heal|p1a: Wo-Chien|42/100|[from] item: Leftovers\n|upkeep\n|\n|t:|1772007232\n|switch|p1b: Kyogre|Kyogre, L50, shiny|100/100\n|turn|4\n|inactive|Zorse Mentality has 30 seconds left.\n|inactive|Zorse Mentality has 20 seconds left.\n|\n|t:|1772007270\n|move|p2a: Tornadus|Protect|p2a: Tornadus\n|-singleturn|p2a: Tornadus|Protect\n|move|p1a: Wo-Chien|Pollen Puff|p2b: Kyogre\n|-damage|p2b: Kyogre|19/100\n|move|p1b: Kyogre|Water Spout|p2b: Kyogre|[spread] p2b\n|-activate|p2a: Tornadus|move: Protect\n|-resisted|p2b: Kyogre\n|-damage|p2b: Kyogre|0 fnt\n|faint|p2b: Kyogre\n|\n|-weather|RainDance|[upkeep]\n|-heal|p1a: Wo-Chien|48/100|[from] item: Leftovers\n|upkeep\n|\n|t:|1772007285\n|switch|p2b: Torkoal|Torkoal, L50, F|100/100\n|-weather|SunnyDay|[from] ability: Drought|[of] p2b: Torkoal\n|turn|5\n|\n|t:|1772007308\n|switch|p1b: Grimmsnarl|Grimmsnarl, L50, M, shiny|3/100\n|-terastallize|p2b: Torkoal|Fire\n|move|p1a: Wo-Chien|Protect|p1a: Wo-Chien\n|-singleturn|p1a: Wo-Chien|Protect\n|move|p2a: Tornadus|Tailwind|p2a: Tornadus\n|-sidestart|p2: Zorse Mentality|move: Tailwind\n|move|p2b: Torkoal|Eruption|p1b: Grimmsnarl|[spread] p1b\n|-activate|p1a: Wo-Chien|move: Protect\n|-damage|p1b: Grimmsnarl|0 fnt\n|faint|p1b: Grimmsnarl\n|\n|-weather|SunnyDay|[upkeep]\n|-heal|p1a: Wo-Chien|54/100|[from] item: Leftovers\n|-fieldend|move: Trick Room\n|upkeep\n|\n|t:|1772007316\n|switch|p1b: Kyogre|Kyogre, L50, shiny|100/100\n|-weather|RainDance|[from] ability: Drizzle|[of] p1b: Kyogre\n|turn|6\n|inactive|Kvaaan has 30 seconds left.\n|\n|t:|1772007341\n|move|p2a: Tornadus|Bleakwind Storm|p1b: Kyogre|[spread] p1a,p1b\n|-supereffective|p1a: Wo-Chien\n|-damage|p1a: Wo-Chien|19/100\n|-damage|p1b: Kyogre|90/100\n|move|p1b: Kyogre|Water Spout|p2b: Torkoal|[spread] p2a,p2b\n|-supereffective|p2b: Torkoal\n|-damage|p2a: Tornadus|0 fnt\n|-damage|p2b: Torkoal|0 fnt\n|faint|p2a: Tornadus\n|faint|p2b: Torkoal\n|move|p1a: Wo-Chien|Ruination|p2: Tornadus|[notarget]\n|-fail|p1a: Wo-Chien\n|\n|-weather|RainDance|[upkeep]\n|-heal|p1a: Wo-Chien|25/100|[from] item: Leftovers\n|upkeep\n|\n|t:|1772007357\n|switch|p2a: Calyrex|Calyrex-Ice, L50|100/100\n|-ability|p2a: Calyrex|As One\n|-ability|p2a: Calyrex|Unnerve\n|turn|7\n|\n|t:|1772007372\n|move|p2a: Calyrex|Glacial Lance|p1b: Kyogre|[spread] p1a,p1b\n|-supereffective|p1a: Wo-Chien\n|-resisted|p1b: Kyogre\n|-damage|p1a: Wo-Chien|0 fnt\n|-damage|p1b: Kyogre|67/100\n|faint|p1a: Wo-Chien\n|-ability|p2a: Calyrex|Chilling Neigh|boost\n|-boost|p2a: Calyrex|atk|1\n|-damage|p2a: Calyrex|91/100|[from] item: Life Orb\n|move|p1b: Kyogre|Water Spout|p2a: Calyrex\n|-damage|p2a: Calyrex|24/100\n|\n|-weather|RainDance|[upkeep]\n|upkeep\n|turn|8\n|\n|t:|1772007397\n|move|p2a: Calyrex|Lash Out|p1b: Kyogre\n|-damage|p1b: Kyogre|16/100\n|-damage|p2a: Calyrex|14/100|[from] item: Life Orb\n|move|p1b: Kyogre|Thunder|p2a: Calyrex\n|-damage|p2a: Calyrex|0 fnt\n|faint|p2a: Calyrex\n|\n|win|Kvaaan\n|raw|Kvaaan's rating: 1368 &rarr; <strong>1392</strong><br />(+24 for winning)\n|raw|Zorse Mentality's rating: 1446 &rarr; <strong>1422</strong><br />(-24 for losing)\n|l|\u2606Zorse Mentality\n|player|p2|\n|l| missouri mott\n|l|\u2606Kvaaan\n|player|p1|\n","uploadtime":1772007554,"views":13,"formatid":"gen9vgc2026regi","rating":1392,"private":0,"password":null}