{"id":"gen9vgc2026regi-2566893492","format":"[Gen 9] VGC 2026 Reg I","players":["Most Cornbread","Hazweioh"],"log":"|j|\u2606Most Cornbread\n|j|\u2606Hazweioh\n|t:|1774425805\n|gametype|doubles\n|player|p1|Most Cornbread|janitor|1225\n|player|p2|Hazweioh|170|1378\n|gen|9\n|tier|[Gen 9] VGC 2026 Reg I\n|rated|\n|rule|Species Clause: Limit one of each Pok\u00e9mon\n|rule|Item Clause: Limit 1 of each item\n|clearpoke\n|poke|p1|Zamazenta-*, L50|\n|poke|p1|Calyrex-Shadow, L50|\n|poke|p1|Ditto, L50|\n|poke|p1|Sneasler, L50, F|\n|poke|p1|Indeedee-F, L50, F|\n|poke|p1|Iron Crown, L50|\n|poke|p2|Koraidon, L50|\n|poke|p2|Ogerpon-Cornerstone, L50, F|\n|poke|p2|Calyrex-Shadow, L50|\n|poke|p2|Smeargle, L50, M|\n|poke|p2|Incineroar, L50, F|\n|poke|p2|Rillaboom, L50, F|\n|teampreview|4\n|\n|t:|1774425866\n|teamsize|p1|4\n|teamsize|p2|4\n|start\n|switch|p1a: Igaram|Indeedee-F, L50, F|100/100\n|switch|p1b: Miyagi|Iron Crown, L50|100/100\n|switch|p2a: Incineroar|Incineroar, L50, F|100/100\n|switch|p2b: Calyrex|Calyrex-Shadow, L50|100/100\n|-ability|p2b: Calyrex|As One\n|-ability|p2b: Calyrex|Unnerve\n|-fieldstart|move: Psychic Terrain|[from] ability: Psychic Surge|[of] p1a: Igaram\n|-ability|p2a: Incineroar|Intimidate|boost\n|-unboost|p1a: Igaram|atk|1\n|-unboost|p1b: Miyagi|atk|1\n|-enditem|p1b: Miyagi|Booster Energy\n|-activate|p1b: Miyagi|ability: Quark Drive|[fromitem]\n|-start|p1b: Miyagi|quarkdrivespe\n|turn|1\n|\n|t:|1774425897\n|switch|p2b: Rillaboom|Rillaboom, L50, F|100/100\n|-fieldstart|move: Grassy Terrain|[from] ability: Grassy Surge|[of] p2b: Rillaboom\n|-terastallize|p1b: Miyagi|Dragon\n|move|p1a: Igaram|Follow Me|p1a: Igaram\n|-singleturn|p1a: Igaram|move: Follow Me\n|move|p1b: Miyagi|Calm Mind|p1b: Miyagi\n|-boost|p1b: Miyagi|spa|1\n|-boost|p1b: Miyagi|spd|1\n|move|p2a: Incineroar|Knock Off|p1a: Igaram\n|-supereffective|p1a: Igaram\n|-damage|p1a: Igaram|16/100\n|-enditem|p1a: Igaram|Safety Goggles|[from] move: Knock Off|[of] p2a: Incineroar\n|\n|-heal|p1a: Igaram|22/100|[from] Grassy Terrain\n|upkeep\n|turn|2\n|\n|t:|1774425914\n|switch|p1a: Zamazenta|Zamazenta-Crowned, L50|100/100\n|-ability|p1a: Zamazenta|Dauntless Shield|boost\n|-boost|p1a: Zamazenta|def|1\n|move|p1b: Miyagi|Protect|p1b: Miyagi\n|-singleturn|p1b: Miyagi|Protect\n|move|p2b: Rillaboom|Fake Out|p1b: Miyagi\n|-activate|p1b: Miyagi|move: Protect\n|move|p2a: Incineroar|Knock Off|p1a: Zamazenta\n|-resisted|p1a: Zamazenta\n|-damage|p1a: Zamazenta|95/100\n|\n|-heal|p1a: Zamazenta|100/100|[from] Grassy Terrain\n|upkeep\n|turn|3\n|\n|t:|1774425946\n|-terastallize|p2a: Incineroar|Bug\n|move|p1b: Miyagi|Calm Mind|p1b: Miyagi\n|-boost|p1b: Miyagi|spa|1\n|-boost|p1b: Miyagi|spd|1\n|move|p1a: Zamazenta|Body Press|p2b: Rillaboom\n|-damage|p2b: Rillaboom|37/100\n|move|p2b: Rillaboom|U-turn|p1b: Miyagi\n|-damage|p1b: Miyagi|78/100\n|inactive|Battle timer is ON: inactive players will automatically lose when time's up. (requested by Hazweioh)\n|\n|t:|1774425957\n|switch|p2b: Smeargle|Smeargle, L50, M|100/100|[from] U-turn\n|move|p2a: Incineroar|Parting Shot|p1b: Miyagi\n|-unboost|p1b: Miyagi|atk|1\n|-unboost|p1b: Miyagi|spa|1\n|\n|t:|1774425967\n|switch|p2a: Calyrex|Calyrex-Shadow, L50|100/100|[from] Parting Shot\n|-ability|p2a: Calyrex|As One\n|-ability|p2a: Calyrex|Unnerve\n|\n|-heal|p1b: Miyagi|83/100|[from] Grassy Terrain\n|-ability|p2b: Smeargle|Moody|boost\n|-boost|p2b: Smeargle|spa|2\n|-unboost|p2b: Smeargle|spe|1\n|upkeep\n|turn|4\n|\n|t:|1774425989\n|move|p2b: Smeargle|Spiky Shield|p2b: Smeargle\n|-singleturn|p2b: Smeargle|move: Protect\n|move|p1b: Miyagi|Tachyon Cutter|p2b: Smeargle\n|-activate|p2b: Smeargle|move: Protect\n|move|p2a: Calyrex|Nasty Plot|p2a: Calyrex\n|-boost|p2a: Calyrex|spa|2\n|move|p1a: Zamazenta|Heavy Slam|p2a: Calyrex\n|-damage|p2a: Calyrex|46/100\n|\n|-heal|p1b: Miyagi|89/100|[from] Grassy Terrain\n|-heal|p2a: Calyrex|52/100|[from] Grassy Terrain\n|-ability|p2b: Smeargle|Moody|boost\n|-boost|p2b: Smeargle|atk|2\n|-unboost|p2b: Smeargle|spe|1\n|upkeep\n|turn|5\n|inactive|Hazweioh has 30 seconds left.\n|inactive|Hazweioh has 20 seconds left.\n|inactive|Hazweioh has 15 seconds left.\n|\n|t:|1774426034\n|move|p2a: Calyrex|Protect|p2a: Calyrex\n|-singleturn|p2a: Calyrex|Protect\n|move|p1a: Zamazenta|Wide Guard|p1a: Zamazenta\n|-singleturn|p1a: Zamazenta|Wide Guard\n|move|p1b: Miyagi|Tachyon Cutter|p2b: Smeargle\n|-damage|p2b: Smeargle|7/100\n|-damage|p2b: Smeargle|0 fnt\n|faint|p2b: Smeargle\n|-hitcount|p2: Smeargle|2\n|\n|-heal|p1b: Miyagi|95/100|[from] Grassy Terrain\n|-heal|p2a: Calyrex|57/100|[from] Grassy Terrain\n|-fieldend|move: Grassy Terrain\n|upkeep\n|\n|t:|1774426051\n|switch|p2b: Incineroar|Incineroar, L50, F, tera:Bug|100/100\n|-ability|p2b: Incineroar|Intimidate|boost\n|-unboost|p1a: Zamazenta|atk|1\n|-unboost|p1b: Miyagi|atk|1\n|turn|6\n|\n|t:|1774426073\n|move|p1b: Miyagi|Protect|p1b: Miyagi\n|-singleturn|p1b: Miyagi|Protect\n|move|p1a: Zamazenta|Wide Guard|p1a: Zamazenta\n|-singleturn|p1a: Zamazenta|Wide Guard\n|move|p2b: Incineroar|Fake Out|p1b: Miyagi\n|-activate|p1b: Miyagi|move: Protect\n|move|p2a: Calyrex|Psychic|p1b: Miyagi\n|-activate|p1b: Miyagi|move: Protect\n|\n|upkeep\n|turn|7\n|\n|t:|1774426092\n|move|p2a: Calyrex|Protect|p2a: Calyrex\n|-singleturn|p2a: Calyrex|Protect\n|move|p1b: Miyagi|Tachyon Cutter|p2a: Calyrex\n|-activate|p2a: Calyrex|move: Protect\n|move|p1a: Zamazenta|Heavy Slam|p2b: Incineroar\n|-damage|p2b: Incineroar|75/100\n|move|p2b: Incineroar|Parting Shot|p1b: Miyagi\n|-unboost|p1b: Miyagi|atk|1\n|-unboost|p1b: Miyagi|spa|1\n|\n|t:|1774426104\n|switch|p2b: Rillaboom|Rillaboom, L50, F|37/100|[from] Parting Shot\n|-fieldstart|move: Grassy Terrain|[from] ability: Grassy Surge|[of] p2b: Rillaboom\n|\n|-heal|p1b: Miyagi|100/100|[from] Grassy Terrain\n|-heal|p2a: Calyrex|63/100|[from] Grassy Terrain\n|-heal|p2b: Rillaboom|43/100|[from] Grassy Terrain\n|upkeep\n|turn|8\n|\n|t:|1774426114\n|move|p1a: Zamazenta|Wide Guard|p1a: Zamazenta\n|-singleturn|p1a: Zamazenta|Wide Guard\n|move|p1b: Miyagi|Calm Mind|p1b: Miyagi\n|-boost|p1b: Miyagi|spa|1\n|-boost|p1b: Miyagi|spd|1\n|move|p2a: Calyrex|Psychic|p1a: Zamazenta\n|-damage|p1a: Zamazenta|18/100\n|move|p2b: Rillaboom|U-turn|p1a: Zamazenta\n|-resisted|p1a: Zamazenta\n|-damage|p1a: Zamazenta|16/100\n|\n|t:|1774426124\n|switch|p2b: Incineroar|Incineroar, L50, F, tera:Bug|75/100|[from] U-turn\n|-ability|p2b: Incineroar|Intimidate|boost\n|-unboost|p1a: Zamazenta|atk|1\n|-unboost|p1b: Miyagi|atk|1\n|\n|-heal|p2a: Calyrex|69/100|[from] Grassy Terrain\n|-heal|p1a: Zamazenta|22/100|[from] Grassy Terrain\n|-heal|p2b: Incineroar|81/100|[from] Grassy Terrain\n|upkeep\n|turn|9\n|\n|t:|1774426148\n|move|p1a: Zamazenta|Wide Guard|p1a: Zamazenta\n|-singleturn|p1a: Zamazenta|Wide Guard\n|move|p1b: Miyagi|Tachyon Cutter|p2a: Calyrex\n|-damage|p2a: Calyrex|38/100\n|-damage|p2a: Calyrex|6/100\n|-hitcount|p2a: Calyrex|2\n|move|p2a: Calyrex|Psychic|p1a: Zamazenta\n|-damage|p1a: Zamazenta|0 fnt\n|faint|p1a: Zamazenta\n|-ability|p2a: Calyrex|Grim Neigh|boost\n|-boost|p2a: Calyrex|spa|1\n|move|p2b: Incineroar|Parting Shot|p1b: Miyagi\n|-unboost|p1b: Miyagi|atk|1\n|-unboost|p1b: Miyagi|spa|1\n|\n|t:|1774426163\n|switch|p2b: Rillaboom|Rillaboom, L50, F|43/100|[from] Parting Shot\n|\n|-heal|p2a: Calyrex|12/100|[from] Grassy Terrain\n|-heal|p2b: Rillaboom|49/100|[from] Grassy Terrain\n|upkeep\n|\n|t:|1774426168\n|switch|p1a: Igaram|Indeedee-F, L50, F|22/100\n|-fieldstart|move: Psychic Terrain|[from] ability: Psychic Surge|[of] p1a: Igaram\n|turn|10\n|\n|t:|1774426182\n|switch|p1a: Calyrex|Calyrex-Shadow, L50|100/100\n|-ability|p1a: Calyrex|As One\n|-ability|p1a: Calyrex|Unnerve\n|move|p2a: Calyrex|Protect|p2a: Calyrex\n|-singleturn|p2a: Calyrex|Protect\n|move|p1b: Miyagi|Calm Mind|p1b: Miyagi\n|-boost|p1b: Miyagi|spa|1\n|-boost|p1b: Miyagi|spd|1\n|move|p2b: Rillaboom|U-turn|p1a: Calyrex\n|-damage|p1a: Calyrex|73/100\n|inactive|Hazweioh has 30 seconds left.\n|\n|t:|1774426209\n|switch|p2b: Incineroar|Incineroar, L50, F, tera:Bug|81/100|[from] U-turn\n|-ability|p2b: Incineroar|Intimidate|boost\n|-unboost|p1a: Calyrex|atk|1\n|-unboost|p1b: Miyagi|atk|0\n|\n|upkeep\n|turn|11\n|\n|t:|1774426233\n|switch|p2a: Rillaboom|Rillaboom, L50, F|49/100\n|-fieldstart|move: Grassy Terrain|[from] ability: Grassy Surge|[of] p2a: Rillaboom\n|move|p1b: Miyagi|Expanding Force|p2a: Rillaboom\n|-crit|p2a: Rillaboom\n|-damage|p2a: Rillaboom|0 fnt\n|faint|p2a: Rillaboom\n|move|p1a: Calyrex|Astral Barrage|p2b: Incineroar\n|-damage|p2b: Incineroar|0 fnt\n|faint|p2b: Incineroar\n|-ability|p1a: Calyrex|Grim Neigh|boost\n|-boost|p1a: Calyrex|spa|1\n|-damage|p1a: Calyrex|63/100|[from] item: Life Orb\n|\n|-heal|p1a: Calyrex|69/100|[from] Grassy Terrain\n|upkeep\n|inactive|Hazweioh has 30 seconds left.\n|\n|t:|1774426263\n|switch|p2b: Calyrex|Calyrex-Shadow, L50|12/100\n|-ability|p2b: Calyrex|As One\n|-ability|p2b: Calyrex|Unnerve\n|turn|12\n|\n|t:|1774426267\n|move|p1b: Miyagi|Tachyon Cutter|p2b: Calyrex\n|-damage|p2b: Calyrex|0 fnt\n|faint|p2b: Calyrex\n|-hitcount|p2: Calyrex|1\n|\n|win|Most Cornbread\n|raw|Most Cornbread's rating: 1225 &rarr; <strong>1260</strong><br />(+35 for winning)\n|raw|Hazweioh's rating: 1378 &rarr; <strong>1350</strong><br />(-28 for losing)\n|l|\u2606Hazweioh\n|player|p2|\n|l|\u2606Most Cornbread\n|player|p1|\n","uploadtime":1774426440,"views":5,"formatid":"gen9vgc2026regi","rating":1260,"private":0,"password":null}