{"id":"gen9vgc2026regi-2526437575","format":"[Gen 9] VGC 2026 Reg I","players":["ImpulsiveFear","i\u2764\u5a1c\u7984forever"],"log":"|j|\u2606ImpulsiveFear\n|j|\u2606i\u2764\u5a1c\u7984forever\n|t:|1769414761\n|gametype|doubles\n|player|p1|ImpulsiveFear|scientist-gen4dp|1119\n|player|p2|i\u2764\u5a1c\u7984forever|youngcouple-gen4dp|1207\n|gen|9\n|tier|[Gen 9] VGC 2026 Reg I\n|rated|\n|rule|Species Clause: Limit one of each Pok\u00e9mon\n|rule|Item Clause: Limit 1 of each item\n|clearpoke\n|poke|p1|Calyrex-Ice, L50|\n|poke|p1|Scraggy, L50, F|\n|poke|p1|Miraidon, L50|\n|poke|p1|Farigiraf, L50, M|\n|poke|p1|Iron Treads, L50|\n|poke|p1|Iron Hands, L50|\n|poke|p2|Groudon, L50|\n|poke|p2|Kyurem-White, L50|\n|poke|p2|Sableye, L50, F|\n|poke|p2|Brute Bonnet, L50|\n|poke|p2|Heatran, L50, M|\n|poke|p2|Urshifu-*, L50, F|\n|teampreview|4\n|\n|t:|1769414828\n|teamsize|p1|4\n|teamsize|p2|4\n|start\n|switch|p1a: Calyrex|Calyrex-Ice, L50|100/100\n|switch|p1b: Scraggy|Scraggy, L50, F|100/100\n|switch|p2a: Sableye|Sableye, L50, F|100/100\n|switch|p2b: Groudon|Groudon, L50|100/100\n|-ability|p1a: Calyrex|As One\n|-ability|p1a: Calyrex|Unnerve\n|-weather|SunnyDay|[from] ability: Drought|[of] p2b: Groudon\n|-ability|p1b: Scraggy|Intimidate|boost\n|-unboost|p2a: Sableye|atk|1\n|-unboost|p2b: Groudon|atk|1\n|turn|1\n|\n|t:|1769414837\n|switch|p2b: Heatran|Heatran, L50, M|100/100\n|move|p1a: Calyrex|Protect|p1a: Calyrex\n|-singleturn|p1a: Calyrex|Protect\n|move|p2a: Sableye|Fake Out|p1a: Calyrex\n|-activate|p1a: Calyrex|move: Protect\n|move|p1b: Scraggy|Coaching|p1a: Calyrex\n|-boost|p1a: Calyrex|atk|1\n|-boost|p1a: Calyrex|def|1\n|\n|-weather|SunnyDay|[upkeep]\n|upkeep\n|turn|2\n|\n|t:|1769414855\n|-terastallize|p1a: Calyrex|Fire\n|move|p2a: Sableye|Encore|p1a: Calyrex\n|-start|p1a: Calyrex|Encore\n|move|p2b: Heatran|Substitute|p2b: Heatran\n|-start|p2b: Heatran|Substitute\n|-damage|p2b: Heatran|76/100\n|move|p1b: Scraggy|Coaching|p1a: Calyrex\n|-boost|p1a: Calyrex|atk|1\n|-boost|p1a: Calyrex|def|1\n|move|p1a: Calyrex|Protect||[still]\n|-fail|p1a: Calyrex\n|\n|-weather|SunnyDay|[upkeep]\n|-heal|p2b: Heatran|82/100|[from] item: Leftovers\n|upkeep\n|turn|3\n|\n|t:|1769414895\n|switch|p1b: Farigiraf|Farigiraf, L50, M|100/100\n|move|p1a: Calyrex|Protect|p1a: Calyrex\n|-singleturn|p1a: Calyrex|Protect\n|move|p2b: Heatran|Heat Wave|p1b: Farigiraf|[spread] p1b\n|-activate|p1a: Calyrex|move: Protect\n|-damage|p1b: Farigiraf|56/100\n|move|p2a: Sableye|Foul Play|p1a: Calyrex\n|-activate|p1a: Calyrex|move: Protect\n|\n|-weather|SunnyDay|[upkeep]\n|-heal|p2b: Heatran|88/100|[from] item: Leftovers\n|upkeep\n|turn|4\n|\n|t:|1769414946\n|move|p1a: Calyrex|Protect||[still]\n|-fail|p1a: Calyrex\n|move|p2b: Heatran|Heat Wave|p1a: Calyrex|[spread] \n|-miss|p2b: Heatran|p1a: Calyrex\n|-miss|p2b: Heatran|p1b: Farigiraf\n|move|p2a: Sableye|Foul Play|p1b: Farigiraf\n|-supereffective|p1b: Farigiraf\n|-damage|p1b: Farigiraf|21/100\n|move|p1b: Farigiraf|Trick Room|p1b: Farigiraf\n|-fieldstart|move: Trick Room|[of] p1b: Farigiraf\n|\n|-weather|SunnyDay|[upkeep]\n|-heal|p2b: Heatran|94/100|[from] item: Leftovers\n|-end|p1a: Calyrex|Encore\n|upkeep\n|turn|5\n|\n|t:|1769414971\n|move|p1b: Farigiraf|Helping Hand|p1a: Calyrex\n|-singleturn|p1a: Calyrex|Helping Hand|[of] p1b: Farigiraf\n|move|p2b: Heatran|Protect|p2b: Heatran\n|-singleturn|p2b: Heatran|Protect\n|move|p1a: Calyrex|Glacial Lance|p2a: Sableye|[spread] p2a\n|-activate|p2b: Heatran|move: Protect\n|-damage|p2a: Sableye|0 fnt\n|faint|p2a: Sableye\n|-ability|p1a: Calyrex|Chilling Neigh|boost\n|-boost|p1a: Calyrex|atk|1\n|\n|-weather|none\n|-heal|p2b: Heatran|99/100|[from] item: Leftovers\n|upkeep\n|\n|t:|1769414987\n|switch|p2a: Groudon|Groudon, L50|100/100\n|-weather|SunnyDay|[from] ability: Drought|[of] p2a: Groudon\n|turn|6\n|\n|t:|1769414995\n|switch|p1b: Scraggy|Scraggy, L50, F|100/100\n|-ability|p1b: Scraggy|Intimidate|boost\n|-unboost|p2a: Groudon|atk|1\n|-immune|p2b: Heatran\n|-terastallize|p2a: Groudon|Water\n|move|p1a: Calyrex|High Horsepower|p2a: Groudon\n|-damage|p2a: Groudon|36/100\n|move|p2b: Heatran|Earth Power|p1a: Calyrex\n|-supereffective|p1a: Calyrex\n|-damage|p1a: Calyrex|62/100\n|move|p2a: Groudon|Precipice Blades|p1b: Scraggy|[spread] p1b\n|-miss|p2a: Groudon|p1a: Calyrex\n|-damage|p1b: Scraggy|66/100\n|\n|-weather|SunnyDay|[upkeep]\n|-heal|p2b: Heatran|100/100|[from] item: Leftovers\n|upkeep\n|turn|7\n|\n|t:|1769415020\n|move|p1b: Scraggy|Fake Out|p2a: Groudon\n|-damage|p2a: Groudon|30/100\n|move|p1a: Calyrex|Glacial Lance|p2b: Heatran|[spread] p2a,p2b\n|-resisted|p2b: Heatran\n|-end|p2b: Heatran|Substitute\n|-resisted|p2a: Groudon\n|-damage|p2a: Groudon|0 fnt\n|faint|p2a: Groudon\n|-ability|p1a: Calyrex|Chilling Neigh|boost\n|-boost|p1a: Calyrex|atk|1\n|move|p2b: Heatran|Earth Power|p1a: Calyrex\n|-supereffective|p1a: Calyrex\n|-crit|p1a: Calyrex\n|-damage|p1a: Calyrex|4/100\n|\n|-weather|SunnyDay|[upkeep]\n|upkeep\n|\n|t:|1769415033\n|switch|p2a: Kyurem|Kyurem-White, L50|100/100\n|-ability|p2a: Kyurem|Turboblaze\n|turn|8\n|\n|t:|1769415063\n|switch|p1b: Farigiraf|Farigiraf, L50, M|21/100\n|move|p2b: Heatran|Protect|p2b: Heatran\n|-singleturn|p2b: Heatran|Protect\n|move|p1a: Calyrex|Glacial Lance|p2b: Heatran|[spread] p2a\n|-activate|p2b: Heatran|move: Protect\n|-damage|p2a: Kyurem|0 fnt\n|faint|p2a: Kyurem\n|-ability|p1a: Calyrex|Chilling Neigh|boost\n|-boost|p1a: Calyrex|atk|1\n|\n|-weather|SunnyDay|[upkeep]\n|-fieldend|move: Trick Room\n|upkeep\n|turn|9\n|\n|t:|1769415081\n|move|p1a: Calyrex|Protect|p1a: Calyrex\n|-singleturn|p1a: Calyrex|Protect\n|move|p2b: Heatran|Heat Wave|p1b: Farigiraf|[spread] p1b\n|-activate|p1a: Calyrex|move: Protect\n|-damage|p1b: Farigiraf|0 fnt\n|faint|p1b: Farigiraf\n|\n|-weather|SunnyDay|[upkeep]\n|upkeep\n|\n|t:|1769415092\n|switch|p1b: Scraggy|Scraggy, L50, F|66/100\n|-ability|p1b: Scraggy|Intimidate|boost\n|-unboost|p2b: Heatran|atk|1\n|turn|10\n|\n|t:|1769415105\n|move|p2b: Heatran|Protect|p2b: Heatran\n|-singleturn|p2b: Heatran|Protect\n|move|p1b: Scraggy|Fake Out|p2b: Heatran\n|-activate|p2b: Heatran|move: Protect\n|move|p1a: Calyrex|Trick Room|p1a: Calyrex\n|-fieldstart|move: Trick Room|[of] p1a: Calyrex\n|\n|-weather|none\n|upkeep\n|turn|11\n|\n|t:|1769415117\n|move|p1b: Scraggy|Coaching|p1a: Calyrex\n|-boost|p1a: Calyrex|atk|1\n|-boost|p1a: Calyrex|def|1\n|move|p1a: Calyrex|High Horsepower|p2b: Heatran\n|-supereffective|p2b: Heatran\n|-damage|p2b: Heatran|0 fnt\n|faint|p2b: Heatran\n|\n|win|ImpulsiveFear\n|raw|ImpulsiveFear's rating: 1119 &rarr; <strong>1150</strong><br />(+31 for winning)\n|raw|i\u2764\u5a1c\u7984forever's rating: 1207 &rarr; <strong>1176</strong><br />(-31 for losing)\n|l|\u2606i\u2764\u5a1c\u7984forever\n|player|p2|\n|l|\u2606ImpulsiveFear\n|player|p1|\n","uploadtime":1769415491,"views":11,"formatid":"gen9vgc2026regi","rating":1150,"private":0,"password":null}