{"id":"gen9vgc2026regi-2577987230","format":"[Gen 9] VGC 2026 Reg I","players":["KaiMVGC","mokoulove (\u2312_\u309d\u2312)"],"log":"|j|\u2606KaiMVGC\n|j|\u2606mokoulove (\u2312_\u309d\u2312)\n|t:|1775631338\n|gametype|doubles\n|player|p1|KaiMVGC|boarder|1561\n|player|p2|mokoulove (\u2312_\u309d\u2312)|1|1550\n|gen|9\n|tier|[Gen 9] VGC 2026 Reg I\n|rated|\n|rule|Species Clause: Limit one of each Pok\u00e9mon\n|rule|Item Clause: Limit 1 of each item\n|clearpoke\n|poke|p1|Calyrex-Shadow, L50|\n|poke|p1|Zamazenta-*, L50|\n|poke|p1|Rillaboom, L50, M|\n|poke|p1|Raging Bolt, L50|\n|poke|p1|Smeargle, L50, F|\n|poke|p1|Tornadus, L50, M|\n|poke|p2|Weezing-Galar, L50, M|\n|poke|p2|Murkrow, L50, M|\n|poke|p2|Terapagos, L50, M|\n|poke|p2|Smeargle, L50, M|\n|poke|p2|Lunala, L50|\n|poke|p2|Urshifu-*, L50, F|\n|teampreview|4\n|\n|t:|1775631343\n|teamsize|p1|4\n|teamsize|p2|4\n|start\n|switch|p1a: T-Wind|Tornadus, L50, M|100/100\n|switch|p1b: Dark Void X|Smeargle, L50, F|100/100\n|switch|p2a: Weezing|Weezing-Galar, L50, M|100/100\n|switch|p2b: Murkrow|Murkrow, L50, M|100/100\n|-ability|p2a: Weezing|Neutralizing Gas\n|-block|p2b: Murkrow|item: Ability Shield\n|turn|1\n|inactive|Battle timer is ON: inactive players will automatically lose when time's up. (requested by mokoulove (\u2312_\u309d\u2312))\n|\n|t:|1775631356\n|move|p2a: Weezing|Protect|p2a: Weezing\n|-singleturn|p2a: Weezing|Protect\n|move|p1b: Dark Void X|Fake Out|p2b: Murkrow\n|-damage|p2b: Murkrow|95/100\n|cant|p2b: Murkrow|flinch\n|move|p1a: T-Wind|Bleakwind Storm|p2b: Murkrow|[spread] \n|-activate|p2a: Weezing|move: Protect\n|-miss|p1a: T-Wind|p2b: Murkrow\n|\n|upkeep\n|turn|2\n|inactive|mokoulove (\u2312_\u309d\u2312) has 30 seconds left.\n|\n|t:|1775631382\n|move|p1b: Dark Void X|Follow Me|p1b: Dark Void X\n|-singleturn|p1b: Dark Void X|move: Follow Me\n|move|p2b: Murkrow|Taunt|p1b: Dark Void X\n|-start|p1b: Dark Void X|move: Taunt\n|move|p1a: T-Wind|Bleakwind Storm|p2a: Weezing|[spread] \n|-miss|p1a: T-Wind|p2a: Weezing\n|-miss|p1a: T-Wind|p2b: Murkrow\n|move|p2a: Weezing|Taunt||[still]\n|-fail|p2a: Weezing\n|\n|upkeep\n|turn|3\n|\n|t:|1775631407\n|switch|p1b: 50 Zent|Zamazenta-Crowned, L50|100/100\n|move|p2b: Murkrow|Protect|p2b: Murkrow\n|-singleturn|p2b: Murkrow|Protect\n|move|p1a: T-Wind|Bleakwind Storm|p2b: Murkrow|[spread] p2a\n|-activate|p2b: Murkrow|move: Protect\n|-damage|p2a: Weezing|25/100\n|-unboost|p2a: Weezing|spe|1\n|move|p2a: Weezing|Taunt|p1a: T-Wind\n|-start|p1a: T-Wind|move: Taunt\n|\n|upkeep\n|turn|4\n|\n|t:|1775631422\n|move|p2b: Murkrow|Tailwind|p2b: Murkrow\n|-sidestart|p2: mokoulove (\u2312_\u309d\u2312)|move: Tailwind\n|move|p2a: Weezing|Misty Explosion|p1a: T-Wind|[spread] p2b,p1a,p1b\n|-supereffective|p2b: Murkrow\n|-damage|p2b: Murkrow|0 fnt\n|-damage|p1a: T-Wind|60/100\n|-damage|p1b: 50 Zent|74/100\n|faint|p2a: Weezing\n|-end|p2a: Weezing|ability: Neutralizing Gas\n|-ability|p1b: 50 Zent|Dauntless Shield|boost\n|-boost|p1b: 50 Zent|def|1\n|faint|p2b: Murkrow\n|move|p1b: 50 Zent|Body Press|p2: Weezing|[notarget]\n|-fail|p1b: 50 Zent\n|move|p1a: T-Wind|Bleakwind Storm|p2: Weezing|[notarget]\n|-fail|p1a: T-Wind\n|\n|upkeep\n|j| AreS414141\n|\n|t:|1775631437\n|switch|p2a: Terapagos|Terapagos, L50, M|100/100\n|switch|p2b: Smeargle|Smeargle, L50, M|100/100\n|-activate|p2a: Terapagos|ability: Tera Shift\n|detailschange|p2a: Terapagos|Terapagos-Terastal, L50, M\n|-heal|p2a: Terapagos|100/100|[silent]\n|turn|5\n|\n|t:|1775631447\n|switch|p1a: Dark Void X|Smeargle, L50, F|100/100\n|-terastallize|p2a: Terapagos|Stellar\n|detailschange|p2a: Terapagos|Terapagos-Stellar, L50, M, tera:Stellar\n|-heal|p2a: Terapagos|100/100|[silent]\n|move|p1b: 50 Zent|Protect|p1b: 50 Zent\n|-singleturn|p1b: 50 Zent|Protect\n|move|p2b: Smeargle|Decorate|p2a: Terapagos\n|-boost|p2a: Terapagos|atk|2\n|-boost|p2a: Terapagos|spa|2\n|move|p2a: Terapagos|Tera Starstorm|p1b: 50 Zent|[spread] p1a\n|-activate|p1b: 50 Zent|move: Protect\n|-enditem|p1a: Dark Void X|Focus Sash\n|-damage|p1a: Dark Void X|1/100\n|\n|-ability|p1a: Dark Void X|Moody|boost\n|-boost|p1a: Dark Void X|spa|2\n|-unboost|p1a: Dark Void X|atk|1\n|upkeep\n|turn|6\n|\n|t:|1775631470\n|move|p1b: 50 Zent|Wide Guard|p1b: 50 Zent\n|-singleturn|p1b: 50 Zent|Wide Guard\n|move|p2b: Smeargle|Feint|p1a: Dark Void X\n|-activate|p1a: Dark Void X|move: Feint\n|-damage|p1a: Dark Void X|0 fnt\n|faint|p1a: Dark Void X\n|move|p2a: Terapagos|Tera Starstorm|p1b: 50 Zent\n|-damage|p1b: 50 Zent|0 fnt\n|faint|p1b: 50 Zent\n|\n|upkeep\n|\n|t:|1775631478\n|switch|p1b: Notorious CSR|Calyrex-Shadow, L50|100/100\n|switch|p1a: T-Wind|Tornadus, L50, M|60/100\n|-ability|p1b: Notorious CSR|As One\n|-ability|p1b: Notorious CSR|Unnerve\n|turn|7\n|\n|t:|1775631488\n|move|p2b: Smeargle|Follow Me|p2b: Smeargle\n|-singleturn|p2b: Smeargle|move: Follow Me\n|move|p2a: Terapagos|Tera Starstorm|p1b: Notorious CSR|[spread] p1a,p1b\n|-damage|p1a: T-Wind|0 fnt\n|-damage|p1b: Notorious CSR|0 fnt\n|faint|p1a: T-Wind\n|faint|p1b: Notorious CSR\n|\n|win|mokoulove (\u2312_\u309d\u2312)\n|raw|KaiMVGC's rating: 1561 &rarr; <strong>1540</strong><br />(-21 for losing)\n|raw|mokoulove (\u2312_\u309d\u2312)'s rating: 1550 &rarr; <strong>1571</strong><br />(+21 for winning)\n|l|\u2606KaiMVGC\n|player|p1|\n|l|\u2606mokoulove (\u2312_\u309d\u2312)\n|player|p2|\n","uploadtime":1775631759,"views":13,"formatid":"gen9vgc2026regi","rating":1540,"private":0,"password":null}