{"id":"gen9vgc2026regi-2540368972","format":"[Gen 9] VGC 2026 Reg I","players":["infinitygroudon","SEITA"],"log":"|j|\u2606infinitygroudon\n|j|\u2606SEITA\n|t:|1771193776\n|gametype|doubles\n|player|p1|infinitygroudon|1|1431\n|player|p2|SEITA|lucas-gen4pt|1453\n|gen|9\n|tier|[Gen 9] VGC 2026 Reg I\n|rated|\n|rule|Species Clause: Limit one of each Pok\u00e9mon\n|rule|Item Clause: Limit 1 of each item\n|clearpoke\n|poke|p1|Kyogre, L50|\n|poke|p1|Palkia-Origin, L50|\n|poke|p1|Farigiraf, L50, M|\n|poke|p1|Archaludon, L50, M|\n|poke|p1|Iron Jugulis, L50|\n|poke|p1|Raging Bolt, L50|\n|poke|p2|Zamazenta-*, L50|\n|poke|p2|Kyogre, L50|\n|poke|p2|Wo-Chien, L50|\n|poke|p2|Grimmsnarl, L50, M|\n|poke|p2|Rhyperior, L50, M|\n|poke|p2|Ditto, L50|\n|teampreview|4\n|\n|t:|1771193795\n|teamsize|p1|4\n|teamsize|p2|4\n|start\n|switch|p1a: Archibald|Archaludon, L50, M, shiny|100/100\n|switch|p1b: Piratebeard|Kyogre, L50|100/100\n|switch|p2a: Grimmsnarl|Grimmsnarl, L50, M|100/100\n|switch|p2b: Zamazenta|Zamazenta-Crowned, L50|100/100\n|-weather|RainDance|[from] ability: Drizzle|[of] p1b: Piratebeard\n|-ability|p2b: Zamazenta|Dauntless Shield|boost\n|-boost|p2b: Zamazenta|def|1\n|turn|1\n|\n|t:|1771193820\n|switch|p1b: Jorris|Iron Jugulis, L50|100/100\n|-enditem|p1b: Jorris|Booster Energy\n|-activate|p1b: Jorris|ability: Quark Drive|[fromitem]\n|-start|p1b: Jorris|quarkdrivespe\n|-terastallize|p2b: Zamazenta|Grass\n|move|p2a: Grimmsnarl|Light Screen|p2a: Grimmsnarl\n|-sidestart|p2: SEITA|move: Light Screen\n|move|p2b: Zamazenta|Body Press|p1a: Archibald\n|-supereffective|p1a: Archibald\n|-damage|p1a: Archibald|2/100\n|-ability|p1a: Archibald|Stamina|boost\n|-boost|p1a: Archibald|def|1\n|move|p1a: Archibald|Electro Shot||[still]\n|-prepare|p1a: Archibald|Electro Shot\n|-boost|p1a: Archibald|spa|1\n|-anim|p1a: Archibald|Electro Shot|p2a: Grimmsnarl\n|-damage|p2a: Grimmsnarl|55/100\n|\n|-weather|RainDance|[upkeep]\n|upkeep\n|turn|2\n|\n|t:|1771193853\n|move|p1b: Jorris|Tailwind|p1b: Jorris\n|-sidestart|p1: infinitygroudon|move: Tailwind\n|move|p1a: Archibald|Electro Shot||[still]\n|-prepare|p1a: Archibald|Electro Shot\n|-boost|p1a: Archibald|spa|1\n|-anim|p1a: Archibald|Electro Shot|p2a: Grimmsnarl\n|-damage|p2a: Grimmsnarl|0 fnt\n|faint|p2a: Grimmsnarl\n|move|p2b: Zamazenta|Body Press|p1a: Archibald\n|-supereffective|p1a: Archibald\n|-damage|p1a: Archibald|0 fnt\n|faint|p1a: Archibald\n|\n|-weather|RainDance|[upkeep]\n|upkeep\n|\n|t:|1771193870\n|switch|p1a: Secretariat|Palkia-Origin, L50|100/100\n|switch|p2a: Kyogre|Kyogre, L50|100/100\n|-ability|p1a: Secretariat|Pressure\n|turn|3\n|\n|t:|1771193891\n|move|p1b: Jorris|Dragon Cheer|p1a: Secretariat\n|-start|p1a: Secretariat|move: Dragon Cheer\n|move|p1a: Secretariat|Spacial Rend|p2a: Kyogre\n|-crit|p2a: Kyogre\n|-damage|p2a: Kyogre|42/100\n|move|p2b: Zamazenta|Body Press|p1a: Secretariat\n|-damage|p1a: Secretariat|51/100\n|move|p2a: Kyogre|Thunder|p1a: Secretariat\n|-damage|p1a: Secretariat|16/100\n|\n|-weather|RainDance|[upkeep]\n|-heal|p2a: Kyogre|48/100|[from] item: Leftovers\n|upkeep\n|turn|4\n|\n|t:|1771193915\n|move|p2a: Kyogre|Protect|p2a: Kyogre\n|-singleturn|p2a: Kyogre|Protect\n|move|p1b: Jorris|Hurricane|p2b: Zamazenta\n|-supereffective|p2b: Zamazenta\n|-damage|p2b: Zamazenta|58/100\n|move|p1a: Secretariat|Spacial Rend|p2b: Zamazenta\n|-crit|p2b: Zamazenta\n|-damage|p2b: Zamazenta|0 fnt\n|faint|p2b: Zamazenta\n|\n|-weather|RainDance|[upkeep]\n|-heal|p2a: Kyogre|54/100|[from] item: Leftovers\n|upkeep\n|\n|t:|1771193928\n|switch|p2b: Wo-Chien|Wo-Chien, L50|100/100\n|-ability|p2b: Wo-Chien|Tablets of Ruin\n|turn|5\n|\n|t:|1771193941\n|move|p2a: Kyogre|Protect||[still]\n|-fail|p2a: Kyogre\n|move|p1b: Jorris|Hurricane|p2b: Wo-Chien\n|-supereffective|p2b: Wo-Chien\n|-damage|p2b: Wo-Chien|55/100\n|move|p1a: Secretariat|Spacial Rend|p2a: Kyogre\n|-crit|p2a: Kyogre\n|-damage|p2a: Kyogre|0 fnt\n|faint|p2a: Kyogre\n|move|p2b: Wo-Chien|Foul Play|p1a: Secretariat\n|-damage|p1a: Secretariat|0 fnt\n|faint|p1a: Secretariat\n|\n|-weather|none\n|-sideend|p1: infinitygroudon|move: Tailwind\n|upkeep\n|-message|SEITA forfeited.\n|\n|win|infinitygroudon\n|raw|infinitygroudon's rating: 1431 &rarr; <strong>1452</strong><br />(+21 for winning)\n|raw|SEITA's rating: 1453 &rarr; <strong>1432</strong><br />(-21 for losing)\n|l|\u2606SEITA\n|player|p2|\n|l|\u2606infinitygroudon\n|player|p1|\n","uploadtime":1771194191,"views":42,"formatid":"gen9vgc2026regi","rating":1432,"private":0,"password":null}