{"id":"gen9vgc2026regi-2547880531","format":"[Gen 9] VGC 2026 Reg I","players":["EllenJoe2026","Luh_simoes-04"],"log":"|j|\u2606EllenJoe2026\n|j|\u2606Luh_simoes-04\n|t:|1772140885\n|gametype|doubles\n|player|p1|EllenJoe2026|iono|1524\n|player|p2|Luh_simoes-04|drayden|1534\n|gen|9\n|tier|[Gen 9] VGC 2026 Reg I\n|rated|\n|rule|Species Clause: Limit one of each Pok\u00e9mon\n|rule|Item Clause: Limit 1 of each item\n|clearpoke\n|poke|p1|Calyrex-Shadow, L50|\n|poke|p1|Zamazenta-*, L50|\n|poke|p1|Incineroar, L50, F|\n|poke|p1|Rillaboom, L50, F|\n|poke|p1|Ogerpon-Cornerstone, L50, F|\n|poke|p1|Tornadus, L50, M|\n|poke|p2|Lunala, L50|\n|poke|p2|Ogerpon-Cornerstone, L50, F|\n|poke|p2|Calyrex-Ice, L50|\n|poke|p2|Urshifu-*, L50, M|\n|poke|p2|Chi-Yu, L50|\n|poke|p2|Landorus, L50, M|\n|teampreview|4\n|inactive|Battle timer is ON: inactive players will automatically lose when time's up. (requested by Luh_simoes-04)\n|inactive|EllenJoe2026 also wants the timer to be on.\n|inactive|EllenJoe2026 has 60 seconds left.\n|\n|t:|1772140929\n|teamsize|p1|4\n|teamsize|p2|4\n|start\n|switch|p1a: Calyrex|Calyrex-Shadow, L50|100/100\n|switch|p1b: Incineroar|Incineroar, L50, F, shiny|100/100\n|switch|p2a: Ogerpon|Ogerpon-Cornerstone, L50, F|100/100\n|switch|p2b: Lunala|Lunala, L50|100/100\n|-ability|p1a: Calyrex|As One\n|-ability|p1a: Calyrex|Unnerve\n|-ability|p1b: Incineroar|Intimidate|boost\n|-unboost|p2a: Ogerpon|atk|1\n|-unboost|p2b: Lunala|atk|1\n|turn|1\n|l|\u2606Luh_simoes-04\n|inactive|Luh_simoes-04 disconnected and has a minute to reconnect!\n|player|p2|\n|j|\u2606Luh_simoes-04\n|inactive|Luh_simoes-04 reconnected and has 45 seconds left.\n|player|p2|Luh_simoes-04|drayden|\n|\n|t:|1772140952\n|-terastallize|p1a: Calyrex|Dark\n|-terastallize|p2b: Lunala|Fairy\n|move|p1b: Incineroar|Fake Out|p2a: Ogerpon\n|-resisted|p2a: Ogerpon\n|-damage|p2a: Ogerpon|94/100\n|move|p1a: Calyrex|Astral Barrage|p2a: Ogerpon|[spread] p2a,p2b\n|-damage|p2a: Ogerpon|26/100\n|-damage|p2b: Lunala|78/100\n|cant|p2a: Ogerpon|flinch\n|move|p2b: Lunala|Trick Room|p2b: Lunala\n|-fieldstart|move: Trick Room|[of] p2b: Lunala\n|\n|upkeep\n|turn|2\n|\n|t:|1772140970\n|move|p1a: Calyrex|Protect|p1a: Calyrex\n|-singleturn|p1a: Calyrex|Protect\n|move|p1b: Incineroar|Parting Shot|p2b: Lunala\n|-unboost|p2b: Lunala|atk|1\n|-unboost|p2b: Lunala|spa|1\n|\n|t:|1772140978\n|switch|p1b: Zamazenta|Zamazenta-Crowned, L50, shiny|100/100|[from] Parting Shot\n|-ability|p1b: Zamazenta|Dauntless Shield|boost\n|-boost|p1b: Zamazenta|def|1\n|move|p2b: Lunala|Meteor Beam||[still]\n|-prepare|p2b: Lunala|Meteor Beam\n|-boost|p2b: Lunala|spa|1\n|-enditem|p2b: Lunala|Power Herb\n|-anim|p2b: Lunala|Meteor Beam|p1b: Zamazenta\n|-resisted|p1b: Zamazenta\n|-damage|p1b: Zamazenta|92/100\n|move|p2a: Ogerpon|Ivy Cudgel|p1a: Calyrex|[anim] Ivy Cudgel Rock\n|-activate|p1a: Calyrex|move: Protect\n|\n|upkeep\n|turn|3\n|l|\u2606Luh_simoes-04\n|inactive|Luh_simoes-04 disconnected and has a minute to reconnect!\n|player|p2|\n|j|\u2606Luh_simoes-04\n|inactive|Luh_simoes-04 reconnected and has 50 seconds left.\n|player|p2|Luh_simoes-04|drayden|\n|\n|t:|1772141002\n|switch|p1a: Rillaboom|Rillaboom, L50, F, shiny|100/100\n|-fieldstart|move: Grassy Terrain|[from] ability: Grassy Surge|[of] p1a: Rillaboom\n|move|p2b: Lunala|Moongeist Beam|p1b: Zamazenta\n|-damage|p1b: Zamazenta|50/100\n|move|p2a: Ogerpon|Ivy Cudgel|p1a: Rillaboom|[anim] Ivy Cudgel Rock\n|-damage|p1a: Rillaboom|58/100\n|move|p1b: Zamazenta|Heavy Slam|p2b: Lunala\n|-supereffective|p2b: Lunala\n|-damage|p2b: Lunala|3/100\n|\n|-heal|p2b: Lunala|9/100|[from] Grassy Terrain\n|-heal|p1a: Rillaboom|64/100|[from] Grassy Terrain\n|-heal|p2a: Ogerpon|32/100|[from] Grassy Terrain\n|-heal|p1b: Zamazenta|56/100|[from] Grassy Terrain\n|upkeep\n|turn|4\n|\n|t:|1772141024\n|move|p1a: Rillaboom|Grassy Glide|p2b: Lunala\n|-damage|p2b: Lunala|0 fnt\n|faint|p2b: Lunala\n|move|p2a: Ogerpon|Ivy Cudgel|p1a: Rillaboom|[anim] Ivy Cudgel Rock\n|-damage|p1a: Rillaboom|23/100\n|move|p1b: Zamazenta|Body Press|p2a: Ogerpon\n|-supereffective|p2a: Ogerpon\n|-damage|p2a: Ogerpon|0 fnt\n|faint|p2a: Ogerpon\n|\n|-heal|p1a: Rillaboom|29/100|[from] Grassy Terrain\n|-heal|p1b: Zamazenta|62/100|[from] Grassy Terrain\n|upkeep\n|\n|t:|1772141028\n|switch|p2b: Chi-Yu|Chi-Yu, L50|100/100\n|switch|p2a: Urshifu|Urshifu, L50, M|100/100\n|-ability|p2b: Chi-Yu|Beads of Ruin\n|turn|5\n|inactive|EllenJoe2026 has 30 seconds left.\n|\n|t:|1772141060\n|move|p2a: Urshifu|Close Combat|p1a: Rillaboom\n|-crit|p1a: Rillaboom\n|-damage|p1a: Rillaboom|0 fnt\n|-unboost|p2a: Urshifu|def|1\n|-unboost|p2a: Urshifu|spd|1\n|faint|p1a: Rillaboom\n|move|p2b: Chi-Yu|Overheat|p1b: Zamazenta\n|-supereffective|p1b: Zamazenta\n|-damage|p1b: Zamazenta|0 fnt\n|-unboost|p2b: Chi-Yu|spa|2\n|faint|p1b: Zamazenta\n|\n|-fieldend|move: Trick Room\n|upkeep\n|\n|t:|1772141070\n|switch|p1b: Calyrex|Calyrex-Shadow, L50, tera:Dark|100/100\n|switch|p1a: Incineroar|Incineroar, L50, F, shiny|100/100\n|-ability|p1b: Calyrex|As One\n|-ability|p1b: Calyrex|Unnerve\n|-ability|p1a: Incineroar|Intimidate|boost\n|-unboost|p2a: Urshifu|atk|1\n|-unboost|p2b: Chi-Yu|atk|1\n|turn|6\n|l|\u2606Luh_simoes-04\n|inactive|Luh_simoes-04 disconnected and has a minute to reconnect!\n|player|p2|\n|inactive|Luh_simoes-04 has 30 seconds left.\n|j|\u2606Luh_simoes-04\n|inactive|Luh_simoes-04 reconnected and has 30 seconds left.\n|player|p2|Luh_simoes-04|drayden|\n|inactive|Luh_simoes-04 has 20 seconds left.\n|\n|t:|1772141106\n|move|p2a: Urshifu|Detect|p2a: Urshifu\n|-singleturn|p2a: Urshifu|Protect\n|move|p1a: Incineroar|Fake Out|p2a: Urshifu\n|-activate|p2a: Urshifu|move: Protect\n|move|p1b: Calyrex|Astral Barrage|p2b: Chi-Yu|[spread] p2b\n|-activate|p2a: Urshifu|move: Protect\n|-resisted|p2b: Chi-Yu\n|-damage|p2b: Chi-Yu|71/100\n|move|p2b: Chi-Yu|Overheat|p1b: Calyrex\n|-damage|p1b: Calyrex|51/100\n|-unboost|p2b: Chi-Yu|spa|2\n|\n|-heal|p1b: Calyrex|56/100|[from] Grassy Terrain\n|-heal|p2b: Chi-Yu|77/100|[from] Grassy Terrain\n|upkeep\n|turn|7\n|\n|t:|1772141126\n|move|p1b: Calyrex|Astral Barrage|p2b: Chi-Yu|[spread] p2a,p2b\n|-resisted|p2a: Urshifu\n|-resisted|p2b: Chi-Yu\n|-damage|p2a: Urshifu|32/100\n|-damage|p2b: Chi-Yu|48/100\n|move|p2b: Chi-Yu|Overheat|p1b: Calyrex\n|-damage|p1b: Calyrex|24/100\n|-unboost|p2b: Chi-Yu|spa|2\n|move|p1a: Incineroar|Knock Off|p2a: Urshifu\n|-resisted|p2a: Urshifu\n|-damage|p2a: Urshifu|18/100\n|-enditem|p2a: Urshifu|Iron Ball|[from] move: Knock Off|[of] p1a: Incineroar\n|move|p2a: Urshifu|Close Combat|p1b: Calyrex\n|-supereffective|p1b: Calyrex\n|-damage|p1b: Calyrex|0 fnt\n|-unboost|p2a: Urshifu|def|1\n|-unboost|p2a: Urshifu|spd|1\n|faint|p1b: Calyrex\n|\n|-heal|p2b: Chi-Yu|54/100|[from] Grassy Terrain\n|-heal|p2a: Urshifu|24/100|[from] Grassy Terrain\n|-fieldend|move: Grassy Terrain\n|upkeep\n|turn|8\n|\n|t:|1772141136\n|move|p2a: Urshifu|Detect|p2a: Urshifu\n|-singleturn|p2a: Urshifu|Protect\n|move|p2b: Chi-Yu|Overheat|p1a: Incineroar\n|-resisted|p1a: Incineroar\n|-damage|p1a: Incineroar|90/100\n|move|p1a: Incineroar|Knock Off|p2a: Urshifu\n|-activate|p2a: Urshifu|move: Protect\n|\n|upkeep\n|turn|9\n|l|\u2606Luh_simoes-04\n|inactive|Luh_simoes-04 disconnected and has a minute to reconnect!\n|player|p2|\n|-message|EllenJoe2026 forfeited.\n|\n|win|Luh_simoes-04\n|raw|EllenJoe2026's rating: 1524 &rarr; <strong>1505</strong><br />(-19 for losing)\n|raw|Luh_simoes-04's rating: 1534 &rarr; <strong>1553</strong><br />(+19 for winning)\n|l|\u2606EllenJoe2026\n|player|p1|\n|j|\u2606Luh_simoes-04\n|player|p2|Luh_simoes-04|drayden|\n|l|\u2606Luh_simoes-04\n|player|p2|\n","uploadtime":1772141310,"views":16,"formatid":"gen9vgc2026regi","rating":1505,"private":0,"password":null}