{"id":"gen9vgc2026regi-2525143317","format":"[Gen 9] VGC 2026 Reg I","players":["lalo's pollos","xamluoccampuchia"],"log":"|j|\u2606lalo's pollos\n|j|\u2606xamluoccampuchia\n|t:|1769235539\n|gametype|doubles\n|player|p1|lalo's pollos|1|1107\n|player|p2|xamluoccampuchia|palmer|1200\n|gen|9\n|tier|[Gen 9] VGC 2026 Reg I\n|rated|\n|rule|Species Clause: Limit one of each Pok\u00e9mon\n|rule|Item Clause: Limit 1 of each item\n|clearpoke\n|poke|p1|Miraidon, L50|\n|poke|p1|Landorus, L50, M|\n|poke|p1|Incineroar, L50, M|\n|poke|p1|Iron Bundle, L50|\n|poke|p1|Farigiraf, L50, F|\n|poke|p1|Calyrex-Ice, L50|\n|poke|p2|Koraidon, L50|\n|poke|p2|Chi-Yu, L50|\n|poke|p2|Flutter Mane, L50|\n|poke|p2|Lunala, L50|\n|poke|p2|Ursaluna, L50, M|\n|poke|p2|Brute Bonnet, L50|\n|teampreview|4\n|\n|t:|1769235562\n|teamsize|p1|4\n|teamsize|p2|4\n|start\n|switch|p1a: Co-Star|Miraidon, L50|100/100\n|switch|p1b: the Star|Iron Bundle, L50|100/100\n|switch|p2a: Flutter Mane|Flutter Mane, L50|100/100\n|switch|p2b: Lunala|Lunala, L50|100/100\n|-fieldstart|move: Electric Terrain|[from] ability: Hadron Engine|[of] p1a: Co-Star\n|-activate|p1b: the Star|ability: Quark Drive\n|-start|p1b: the Star|quarkdrivespe\n|turn|1\n|\n|t:|1769235590\n|move|p2b: Lunala|Wide Guard|p2b: Lunala\n|-singleturn|p2b: Lunala|Wide Guard\n|move|p1b: the Star|Icy Wind|p2b: Lunala|[spread] \n|-activate|p2a: Flutter Mane|move: Wide Guard\n|-activate|p2b: Lunala|move: Wide Guard\n|move|p1a: Co-Star|Electro Drift|p2b: Lunala\n|-damage|p2b: Lunala|56/100\n|move|p2a: Flutter Mane|Icy Wind|p1b: the Star|[spread] p1a,p1b\n|-supereffective|p1a: Co-Star\n|-resisted|p1b: the Star\n|-damage|p1a: Co-Star|75/100\n|-damage|p1b: the Star|93/100\n|-unboost|p1a: Co-Star|spe|1\n|-unboost|p1b: the Star|spe|1\n|\n|upkeep\n|turn|2\n|\n|t:|1769235648\n|move|p1b: the Star|Icy Wind|p2b: Lunala|[spread] p2a,p2b\n|-damage|p2a: Flutter Mane|80/100\n|-damage|p2b: Lunala|43/100\n|-unboost|p2a: Flutter Mane|spe|1\n|-unboost|p2b: Lunala|spe|1\n|move|p1a: Co-Star|Electro Drift|p2b: Lunala\n|-damage|p2b: Lunala|0 fnt\n|faint|p2b: Lunala\n|move|p2a: Flutter Mane|Moonblast|p1a: Co-Star\n|-supereffective|p1a: Co-Star\n|-damage|p1a: Co-Star|0 fnt\n|faint|p1a: Co-Star\n|\n|upkeep\n|\n|t:|1769235662\n|switch|p1a: Landorus|Landorus, L50, M|100/100\n|switch|p2b: Koraidon|Koraidon, L50|100/100\n|-weather|SunnyDay|[from] ability: Orichalcum Pulse|[of] p2b: Koraidon\n|-activate|p2a: Flutter Mane|ability: Protosynthesis\n|-start|p2a: Flutter Mane|protosynthesisspa\n|-activate|p2b: Koraidon|Orichalcum Pulse|[source]\n|turn|3\n|\n|t:|1769235685\n|move|p2b: Koraidon|Close Combat|p1b: the Star\n|-supereffective|p1b: the Star\n|-damage|p1b: the Star|0 fnt\n|-unboost|p2b: Koraidon|def|1\n|-unboost|p2b: Koraidon|spd|1\n|faint|p1b: the Star\n|-end|p1b: the Star|Quark Drive|[silent]\n|-damage|p2b: Koraidon|91/100|[from] item: Life Orb\n|move|p1a: Landorus|Sandsear Storm|p2b: Koraidon|[spread] p2a,p2b\n|-damage|p2a: Flutter Mane|11/100\n|-damage|p2b: Koraidon|0 fnt\n|faint|p2b: Koraidon\n|move|p2a: Flutter Mane|Icy Wind|p1a: Landorus\n|-supereffective|p1a: Landorus\n|-damage|p1a: Landorus|0 fnt\n|faint|p1a: Landorus\n|\n|-weather|SunnyDay|[upkeep]\n|upkeep\n|\n|t:|1769235703\n|switch|p1b: Calyrex|Calyrex-Ice, L50|100/100\n|switch|p2b: Chi-Yu|Chi-Yu, L50|100/100\n|-ability|p1b: Calyrex|As One\n|-ability|p1b: Calyrex|Unnerve\n|-ability|p2b: Chi-Yu|Beads of Ruin\n|turn|4\n|\n|t:|1769235719\n|move|p1b: Calyrex|Protect|p1b: Calyrex\n|-singleturn|p1b: Calyrex|Protect\n|move|p2b: Chi-Yu|Dark Pulse|p1b: Calyrex\n|-activate|p1b: Calyrex|move: Protect\n|move|p2a: Flutter Mane|Shadow Ball|p1b: Calyrex\n|-activate|p1b: Calyrex|move: Protect\n|\n|-weather|SunnyDay|[upkeep]\n|upkeep\n|turn|5\n|\n|t:|1769235734\n|-terastallize|p1b: Calyrex|Water\n|move|p2b: Chi-Yu|Dark Pulse|p1b: Calyrex\n|-damage|p1b: Calyrex|66/100\n|move|p2a: Flutter Mane|Shadow Ball|p1b: Calyrex\n|-damage|p1b: Calyrex|23/100\n|move|p1b: Calyrex|Glacial Lance|p2b: Chi-Yu|[spread] p2a,p2b\n|-resisted|p2b: Chi-Yu\n|-damage|p2a: Flutter Mane|0 fnt\n|-damage|p2b: Chi-Yu|57/100\n|faint|p2a: Flutter Mane\n|-end|p2a: Flutter Mane|Protosynthesis|[silent]\n|-ability|p1b: Calyrex|Chilling Neigh|boost\n|-boost|p1b: Calyrex|atk|1\n|\n|-weather|SunnyDay|[upkeep]\n|-fieldend|move: Electric Terrain\n|upkeep\n|turn|6\n|\n|t:|1769235748\n|move|p2b: Chi-Yu|Dark Pulse|p1b: Calyrex\n|-damage|p1b: Calyrex|0 fnt\n|faint|p1b: Calyrex\n|\n|win|xamluoccampuchia\n|raw|lalo&apos;s pollos's rating: 1107 &rarr; <strong>1089</strong><br />(-18 for losing)\n|raw|xamluoccampuchia's rating: 1200 &rarr; <strong>1218</strong><br />(+18 for winning)\n|l|\u2606xamluoccampuchia\n|player|p2|\n","uploadtime":1769236095,"views":11,"formatid":"gen9vgc2026regi","rating":1089,"private":0,"password":null}