{"id":"gen9vgc2026regi-2581812620","format":"[Gen 9] VGC 2026 Reg I","players":["Gavinci","FRESHmustard"],"log":"|j|\u2606Gavinci\n|j|\u2606FRESHmustard\n|t:|1776030435\n|gametype|doubles\n|player|p1|Gavinci|cynthia-gen4|1412\n|player|p2|FRESHmustard|2|1374\n|gen|9\n|tier|[Gen 9] VGC 2026 Reg I\n|rated|\n|rule|Species Clause: Limit one of each Pok\u00e9mon\n|rule|Item Clause: Limit 1 of each item\n|clearpoke\n|poke|p1|Koraidon, L50|\n|poke|p1|Flutter Mane, L50|\n|poke|p1|Rillaboom, L50, M|\n|poke|p1|Ogerpon-Hearthflame, L50, F|\n|poke|p1|Ursaluna-Bloodmoon, L50, M|\n|poke|p1|Lunala, L50|\n|poke|p2|Lunala, L50|\n|poke|p2|Ursaluna, L50, M|\n|poke|p2|Urshifu-*, L50, F|\n|poke|p2|Miraidon, L50|\n|poke|p2|Grimmsnarl, L50, M|\n|poke|p2|Incineroar, L50, F|\n|teampreview|4\n|inactive|Battle timer is ON: inactive players will automatically lose when time's up. (requested by Gavinci)\n|j| EmotionlessPassion\n|inactive|Gavinci has 60 seconds left.\n|\n|t:|1776030470\n|teamsize|p1|4\n|teamsize|p2|4\n|start\n|switch|p1a: Rillaboom|Rillaboom, L50, M|100/100\n|switch|p1b: Lunala|Lunala, L50|100/100\n|switch|p2a: Incineroar|Incineroar, L50, F|100/100\n|switch|p2b: Lunala|Lunala, L50|100/100\n|-fieldstart|move: Grassy Terrain|[from] ability: Grassy Surge|[of] p1a: Rillaboom\n|-ability|p2a: Incineroar|Intimidate|boost\n|-unboost|p1a: Rillaboom|atk|1\n|-unboost|p1b: Lunala|atk|1\n|turn|1\n|inactive|FRESHmustard has 30 seconds left.\n|inactive|FRESHmustard has 20 seconds left.\n|inactive|FRESHmustard has 15 seconds left.\n|inactive|FRESHmustard has 10 seconds left.\n|\n|t:|1776030519\n|-terastallize|p2b: Lunala|Fairy\n|move|p1a: Rillaboom|Fake Out|p2a: Incineroar\n|-damage|p2a: Incineroar|95/100\n|-damage|p1a: Rillaboom|84/100|[from] item: Rocky Helmet|[of] p2a: Incineroar\n|cant|p2a: Incineroar|flinch\n|move|p1b: Lunala|Meteor Beam||[still]\n|-prepare|p1b: Lunala|Meteor Beam\n|-boost|p1b: Lunala|spa|1\n|-enditem|p1b: Lunala|Power Herb\n|-anim|p1b: Lunala|Meteor Beam|p2a: Incineroar\n|-supereffective|p2a: Incineroar\n|-damage|p2a: Incineroar|0 fnt\n|faint|p2a: Incineroar\n|move|p2b: Lunala|Trick Room|p2b: Lunala\n|-fieldstart|move: Trick Room|[of] p2b: Lunala\n|\n|-heal|p1a: Rillaboom|90/100|[from] Grassy Terrain\n|upkeep\n|\n|t:|1776030532\n|switch|p2a: Ursaluna|Ursaluna, L50, M|100/100\n|turn|2\n|\n|t:|1776030550\n|-terastallize|p1b: Lunala|Dark\n|move|p2a: Ursaluna|Protect|p2a: Ursaluna\n|-singleturn|p2a: Ursaluna|Protect\n|move|p1a: Rillaboom|Grassy Glide|p2b: Lunala\n|-damage|p2b: Lunala|89/100\n|move|p1b: Lunala|Moongeist Beam|p2b: Lunala\n|-crit|p2b: Lunala\n|-damage|p2b: Lunala|0 fnt\n|faint|p2b: Lunala\n|\n|-heal|p1a: Rillaboom|96/100|[from] Grassy Terrain\n|-status|p2a: Ursaluna|brn|[from] item: Flame Orb\n|upkeep\n|\n|t:|1776030560\n|switch|p2b: Miraidon|Miraidon, L50|100/100\n|-fieldstart|move: Electric Terrain|[from] ability: Hadron Engine|[of] p2b: Miraidon\n|turn|3\n|\n|t:|1776030574\n|switch|p1a: Ursaluna|Ursaluna-Bloodmoon, L50, M|100/100\n|move|p2a: Ursaluna|Facade|p1b: Lunala\n|-damage|p1b: Lunala|55/100\n|move|p1b: Lunala|Moongeist Beam|p2b: Miraidon\n|-damage|p2b: Miraidon|63/100\n|move|p2b: Miraidon|Snarl|p1b: Lunala|[spread] p1a,p1b\n|-resisted|p1b: Lunala\n|-damage|p1a: Ursaluna|78/100\n|-damage|p1b: Lunala|48/100\n|-unboost|p1a: Ursaluna|spa|1\n|-unboost|p1b: Lunala|spa|1\n|\n|-damage|p2a: Ursaluna|95/100 brn|[from] brn\n|upkeep\n|turn|4\n|\n|t:|1776030597\n|move|p2a: Ursaluna|Facade|p1a: Ursaluna\n|-damage|p1a: Ursaluna|0 fnt\n|faint|p1a: Ursaluna\n|move|p1b: Lunala|Moongeist Beam|p2b: Miraidon\n|-damage|p2b: Miraidon|35/100\n|move|p2b: Miraidon|Electro Drift|p1b: Lunala\n|-damage|p1b: Lunala|0 fnt\n|faint|p1b: Lunala\n|\n|-damage|p2a: Ursaluna|89/100 brn|[from] brn\n|upkeep\n|\n|t:|1776030603\n|switch|p1a: Rillaboom|Rillaboom, L50, M|96/100\n|switch|p1b: Koraidon|Koraidon, L50|100/100\n|-fieldstart|move: Grassy Terrain|[from] ability: Grassy Surge|[of] p1a: Rillaboom\n|-weather|SunnyDay|[from] ability: Orichalcum Pulse|[of] p1b: Koraidon\n|-activate|p1b: Koraidon|Orichalcum Pulse|[source]\n|turn|5\n|\n|t:|1776030618\n|move|p1a: Rillaboom|Fake Out|p2a: Ursaluna\n|-damage|p2a: Ursaluna|78/100 brn\n|cant|p2a: Ursaluna|flinch\n|move|p2b: Miraidon|Draco Meteor|p1b: Koraidon\n|-supereffective|p1b: Koraidon\n|-damage|p1b: Koraidon|0 fnt\n|-unboost|p2b: Miraidon|spa|2\n|faint|p1b: Koraidon\n|\n|-weather|SunnyDay|[upkeep]\n|-heal|p2a: Ursaluna|83/100 brn|[from] Grassy Terrain\n|-heal|p1a: Rillaboom|100/100|[from] Grassy Terrain\n|-heal|p2b: Miraidon|41/100|[from] Grassy Terrain\n|-damage|p2a: Ursaluna|78/100 brn|[from] brn\n|-fieldend|move: Trick Room\n|upkeep\n|turn|6\n|inactive|FRESHmustard has 30 seconds left.\n|\n|t:|1776030645\n|move|p2a: Ursaluna|Protect|p2a: Ursaluna\n|-singleturn|p2a: Ursaluna|Protect\n|move|p2b: Miraidon|Draco Meteor|p1a: Rillaboom\n|-crit|p1a: Rillaboom\n|-damage|p1a: Rillaboom|0 fnt\n|-unboost|p2b: Miraidon|spa|2\n|faint|p1a: Rillaboom\n|\n|win|FRESHmustard\n|raw|Gavinci's rating: 1412 &rarr; <strong>1390</strong><br />(-22 for losing)\n|raw|FRESHmustard's rating: 1374 &rarr; <strong>1396</strong><br />(+22 for winning)\n|l|\u2606Gavinci\n|player|p1|\n|l| EmotionlessPassion\n|j| EmotionlessPassion\n|l| EmotionlessPassion\n","uploadtime":1776030917,"views":9,"formatid":"gen9vgc2026regi","rating":1390,"private":0,"password":null}