{"id":"gen9vgc2026regi-2568760438","format":"[Gen 9] VGC 2026 Reg I","players":["Ice124567890","Binky11"],"log":"|j|\u2606Ice124567890\n|j|\u2606Binky11\n|t:|1774620770\n|gametype|doubles\n|player|p1|Ice124567890|102|1485\n|player|p2|Binky11|miku-ice|1461\n|gen|9\n|tier|[Gen 9] VGC 2026 Reg I\n|rated|\n|rule|Species Clause: Limit one of each Pok\u00e9mon\n|rule|Item Clause: Limit 1 of each item\n|clearpoke\n|poke|p1|Miraidon, L50|\n|poke|p1|Calyrex-Shadow, L50|\n|poke|p1|Chi-Yu, L50|\n|poke|p1|Incineroar, L50, F|\n|poke|p1|Iron Hands, L50|\n|poke|p1|Whimsicott, L50, F|\n|poke|p2|Kyogre, L50|\n|poke|p2|Necrozma-Dusk-Mane, L50|\n|poke|p2|Amoonguss, L50, M|\n|poke|p2|Iron Jugulis, L50|\n|poke|p2|Raging Bolt, L50|\n|poke|p2|Urshifu-*, L50, F|\n|teampreview|4\n|inactive|Battle timer is ON: inactive players will automatically lose when time's up. (requested by Ice124567890)\n|\n|t:|1774620795\n|teamsize|p1|4\n|teamsize|p2|4\n|start\n|switch|p1a: Miraidon|Miraidon, L50|100/100\n|switch|p1b: Iron Hands|Iron Hands, L50|100/100\n|switch|p2a: Necrozma|Necrozma-Dusk-Mane, L50|100/100\n|switch|p2b: Iron Jugulis|Iron Jugulis, L50|100/100\n|-fieldstart|move: Electric Terrain|[from] ability: Hadron Engine|[of] p1a: Miraidon\n|-activate|p2b: Iron Jugulis|ability: Quark Drive\n|-start|p2b: Iron Jugulis|quarkdrivespe\n|-activate|p1b: Iron Hands|ability: Quark Drive\n|-start|p1b: Iron Hands|quarkdriveatk\n|turn|1\n|j| tuffa92\n|\n|t:|1774620809\n|move|p2b: Iron Jugulis|Protect|p2b: Iron Jugulis\n|-singleturn|p2b: Iron Jugulis|Protect\n|move|p2a: Necrozma|Protect|p2a: Necrozma\n|-singleturn|p2a: Necrozma|Protect\n|move|p1a: Miraidon|Volt Switch|p2b: Iron Jugulis\n|-activate|p2b: Iron Jugulis|move: Protect\n|move|p1b: Iron Hands|Low Kick|p2a: Necrozma\n|-activate|p2a: Necrozma|move: Protect\n|\n|upkeep\n|turn|2\n|\n|t:|1774620828\n|-end|p1b: Iron Hands|Quark Drive|[silent]\n|switch|p1b: Incineroar|Incineroar, L50, F|100/100\n|-ability|p1b: Incineroar|Intimidate|boost\n|-fail|p2a: Necrozma|unboost|[from] item: Clear Amulet|[of] p2a: Necrozma\n|-unboost|p2b: Iron Jugulis|atk|1\n|-terastallize|p2a: Necrozma|Grass\n|move|p2b: Iron Jugulis|Snarl|p1a: Miraidon|[spread] p1a,p1b\n|-resisted|p1b: Incineroar\n|-damage|p1a: Miraidon|85/100\n|-damage|p1b: Incineroar|94/100\n|-unboost|p1a: Miraidon|spa|1\n|-unboost|p1b: Incineroar|spa|1\n|move|p1a: Miraidon|Volt Switch|p2b: Iron Jugulis\n|-supereffective|p2b: Iron Jugulis\n|-damage|p2b: Iron Jugulis|0 fnt\n|faint|p2b: Iron Jugulis\n|-end|p2b: Iron Jugulis|Quark Drive|[silent]\n|-damage|p1a: Miraidon|76/100|[from] item: Life Orb\n|\n|t:|1774620838\n|switch|p1a: Iron Hands|Iron Hands, L50|100/100|[from] Volt Switch\n|-activate|p1a: Iron Hands|ability: Quark Drive\n|-start|p1a: Iron Hands|quarkdriveatk\n|move|p2a: Necrozma|Photon Geyser|p1b: Incineroar\n|-immune|p1b: Incineroar\n|\n|upkeep\n|\n|t:|1774620844\n|switch|p2b: Kyogre|Kyogre, L50|100/100\n|-weather|RainDance|[from] ability: Drizzle|[of] p2b: Kyogre\n|turn|3\n|\n|t:|1774620851\n|move|p2b: Kyogre|Water Spout|p1a: Iron Hands|[spread] p1a,p1b\n|-supereffective|p1b: Incineroar\n|-damage|p1a: Iron Hands|30/100\n|-damage|p1b: Incineroar|0 fnt\n|faint|p1b: Incineroar\n|move|p2a: Necrozma|Photon Geyser|p1a: Iron Hands\n|-supereffective|p1a: Iron Hands\n|-damage|p1a: Iron Hands|0 fnt\n|faint|p1a: Iron Hands\n|-end|p1a: Iron Hands|Quark Drive|[silent]\n|\n|-weather|RainDance|[upkeep]\n|upkeep\n|\n|t:|1774620854\n|switch|p1b: Calyrex|Calyrex-Shadow, L50|100/100\n|switch|p1a: Miraidon|Miraidon, L50|76/100\n|-ability|p1b: Calyrex|As One\n|-ability|p1b: Calyrex|Unnerve\n|-activate|p1a: Miraidon|ability: Hadron Engine\n|turn|4\n|\n|t:|1774620873\n|-terastallize|p1b: Calyrex|Ghost\n|move|p2b: Kyogre|Protect|p2b: Kyogre\n|-singleturn|p2b: Kyogre|Protect\n|move|p2a: Necrozma|Protect|p2a: Necrozma\n|-singleturn|p2a: Necrozma|Protect\n|move|p1b: Calyrex|Astral Barrage|p2a: Necrozma|[spread] \n|-activate|p2a: Necrozma|move: Protect\n|-activate|p2b: Kyogre|move: Protect\n|move|p1a: Miraidon|Draco Meteor|p2a: Necrozma\n|-activate|p2a: Necrozma|move: Protect\n|\n|-weather|RainDance|[upkeep]\n|upkeep\n|turn|5\n|\n|t:|1774620892\n|move|p1b: Calyrex|Encore|p2a: Necrozma\n|-start|p2a: Necrozma|Encore\n|move|p1a: Miraidon|Electro Drift|p2b: Kyogre\n|-supereffective|p2b: Kyogre\n|-damage|p2b: Kyogre|0 fnt\n|faint|p2b: Kyogre\n|-damage|p1a: Miraidon|66/100|[from] item: Life Orb\n|move|p2a: Necrozma|Protect||[still]\n|-fail|p2a: Necrozma\n|\n|-weather|RainDance|[upkeep]\n|-fieldend|move: Electric Terrain\n|upkeep\n|\n|t:|1774620896\n|switch|p2b: Amoonguss|Amoonguss, L50, M|100/100\n|turn|6\n|\n|t:|1774620920\n|move|p2a: Necrozma|Protect|p2a: Necrozma\n|-singleturn|p2a: Necrozma|Protect\n|move|p1b: Calyrex|Psychic|p2b: Amoonguss\n|-supereffective|p2b: Amoonguss\n|-damage|p2b: Amoonguss|0 fnt\n|faint|p2b: Amoonguss\n|-ability|p1b: Calyrex|Grim Neigh|boost\n|-boost|p1b: Calyrex|spa|1\n|move|p1a: Miraidon|Electro Drift|p2a: Necrozma\n|-activate|p2a: Necrozma|move: Protect\n|\n|-weather|RainDance|[upkeep]\n|upkeep\n|turn|7\n|-message|Binky11 forfeited.\n|\n|win|Ice124567890\n|raw|Ice124567890's rating: 1485 &rarr; <strong>1504</strong><br />(+19 for winning)\n|raw|Binky11's rating: 1461 &rarr; <strong>1442</strong><br />(-19 for losing)\n|l|\u2606Binky11\n|player|p2|\n|l| tuffa92\n|l|\u2606Ice124567890\n|player|p1|\n","uploadtime":1774621122,"views":17,"formatid":"gen9vgc2026regi","rating":1442,"private":0,"password":null}