{"id":"gen9vgc2026regi-2550368753","format":"[Gen 9] VGC 2026 Reg I","players":["akahyden","drive stone"],"log":"|j|\u2606akahyden\n|j|\u2606drive stone\n|t:|1772480938\n|gametype|doubles\n|player|p1|akahyden|unknownf|1555\n|player|p2|drive stone|cilan|1513\n|gen|9\n|tier|[Gen 9] VGC 2026 Reg I\n|rated|\n|rule|Species Clause: Limit one of each Pok\u00e9mon\n|rule|Item Clause: Limit 1 of each item\n|clearpoke\n|poke|p1|Miraidon, L50|\n|poke|p1|Calyrex-Shadow, L50|\n|poke|p1|Iron Hands, L50|\n|poke|p1|Whimsicott, L50, F|\n|poke|p1|Chi-Yu, L50|\n|poke|p1|Farigiraf, L50, M|\n|poke|p2|Calyrex-Ice, L50|\n|poke|p2|Ho-Oh, L50|\n|poke|p2|Overqwil, L50, M|\n|poke|p2|Rillaboom, L50, F|\n|poke|p2|Ting-Lu, L50|\n|poke|p2|Ogerpon-Wellspring, L50, F|\n|teampreview|4\n|\n|t:|1772480973\n|teamsize|p1|4\n|teamsize|p2|4\n|start\n|switch|p1a: Whimsicott|Whimsicott, L50, F|100/100\n|switch|p1b: Miraidon|Miraidon, L50|100/100\n|switch|p2a: Overqwil|Overqwil, L50, M|100/100\n|switch|p2b: Rillaboom|Rillaboom, L50, F|100/100\n|-fieldstart|move: Electric Terrain|[from] ability: Hadron Engine|[of] p1b: Miraidon\n|-fieldstart|move: Grassy Terrain|[from] ability: Grassy Surge|[of] p2b: Rillaboom\n|-ability|p2a: Overqwil|Intimidate|boost\n|-unboost|p1a: Whimsicott|atk|1\n|-unboost|p1b: Miraidon|atk|1\n|turn|1\n|\n|t:|1772480990\n|move|p2b: Rillaboom|Fake Out|p1b: Miraidon\n|-damage|p1b: Miraidon|88/100\n|cant|p1b: Miraidon|flinch\n|move|p1a: Whimsicott|Moonblast|p2a: Overqwil\n|-damage|p2a: Overqwil|75/100\n|-unboost|p2a: Overqwil|spa|1\n|move|p2a: Overqwil|Toxic Spikes|p1b: Miraidon\n|-sidestart|p1: akahyden|move: Toxic Spikes\n|\n|-heal|p1b: Miraidon|94/100|[from] Grassy Terrain\n|-heal|p2a: Overqwil|82/100|[from] Grassy Terrain\n|-heal|p2a: Overqwil|88/100|[from] item: Black Sludge\n|upkeep\n|turn|2\n|\n|t:|1772481008\n|move|p1b: Miraidon|Electro Drift|p2a: Overqwil\n|-damage|p2a: Overqwil|20/100\n|-damage|p1b: Miraidon|85/100|[from] item: Life Orb\n|move|p1a: Whimsicott|Moonblast|p2a: Overqwil\n|-damage|p2a: Overqwil|0 fnt\n|faint|p2a: Overqwil\n|move|p2b: Rillaboom|U-turn|p1a: Whimsicott\n|-damage|p1a: Whimsicott|68/100\n|\n|t:|1772481021\n|switch|p2b: Calyrex|Calyrex-Ice, L50|100/100|[from] U-turn\n|-ability|p2b: Calyrex|As One\n|-ability|p2b: Calyrex|Unnerve\n|\n|-heal|p1b: Miraidon|91/100|[from] Grassy Terrain\n|-heal|p1a: Whimsicott|74/100|[from] Grassy Terrain\n|upkeep\n|\n|t:|1772481032\n|switch|p2a: Ting-Lu|Ting-Lu, L50|100/100\n|-ability|p2a: Ting-Lu|Vessel of Ruin\n|turn|3\n|\n|t:|1772481048\n|-terastallize|p1b: Miraidon|Fairy\n|move|p1b: Miraidon|Draco Meteor|p2a: Ting-Lu\n|-damage|p2a: Ting-Lu|41/100\n|-unboost|p1b: Miraidon|spa|2\n|-damage|p1b: Miraidon|81/100|[from] item: Life Orb\n|move|p1a: Whimsicott|Moonblast|p2a: Ting-Lu\n|-supereffective|p2a: Ting-Lu\n|-damage|p2a: Ting-Lu|10/100\n|move|p2a: Ting-Lu|Stomping Tantrum|p1b: Miraidon\n|-damage|p1b: Miraidon|23/100\n|move|p2b: Calyrex|Trick Room|p2b: Calyrex\n|-fieldstart|move: Trick Room|[of] p2b: Calyrex\n|\n|-heal|p2a: Ting-Lu|16/100|[from] Grassy Terrain\n|-heal|p1a: Whimsicott|80/100|[from] Grassy Terrain\n|-heal|p1b: Miraidon|29/100|[from] Grassy Terrain\n|upkeep\n|turn|4\n|\n|t:|1772481068\n|switch|p2a: Rillaboom|Rillaboom, L50, F|100/100\n|move|p2b: Calyrex|Protect|p2b: Calyrex\n|-singleturn|p2b: Calyrex|Protect\n|move|p1a: Whimsicott|Encore|p2b: Calyrex\n|-activate|p2b: Calyrex|move: Protect\n|move|p1b: Miraidon|Volt Switch|p2b: Calyrex\n|-activate|p2b: Calyrex|move: Protect\n|\n|-heal|p1a: Whimsicott|87/100|[from] Grassy Terrain\n|-heal|p1b: Miraidon|35/100|[from] Grassy Terrain\n|upkeep\n|turn|5\n|\n|t:|1772481083\n|switch|p2b: Ting-Lu|Ting-Lu, L50|16/100\n|-ability|p2b: Ting-Lu|Vessel of Ruin\n|move|p1a: Whimsicott|Encore|p2b: Ting-Lu\n|-hint|Since gen 7, Dark is immune to Prankster moves.\n|-immune|p2b: Ting-Lu\n|move|p2a: Rillaboom|Wood Hammer|p1b: Miraidon\n|-damage|p1b: Miraidon|0 fnt\n|faint|p1b: Miraidon\n|-damage|p2a: Rillaboom|91/100|[from] Recoil\n|\n|-heal|p2b: Ting-Lu|22/100|[from] Grassy Terrain\n|-heal|p2a: Rillaboom|97/100|[from] Grassy Terrain\n|-heal|p1a: Whimsicott|93/100|[from] Grassy Terrain\n|-fieldend|move: Grassy Terrain\n|upkeep\n|\n|t:|1772481100\n|switch|p1b: Iron Hands|Iron Hands, L50|100/100\n|-status|p1b: Iron Hands|psn\n|turn|6\n|\n|t:|1772481110\n|move|p2b: Ting-Lu|Stomping Tantrum|p1b: Iron Hands\n|-supereffective|p1b: Iron Hands\n|-damage|p1b: Iron Hands|26/100 psn\n|move|p1b: Iron Hands|Drain Punch|p2a: Rillaboom\n|-damage|p2a: Rillaboom|61/100\n|-heal|p1b: Iron Hands|41/100 psn|[from] drain|[of] p2a: Rillaboom\n|move|p2a: Rillaboom|U-turn|p1a: Whimsicott\n|-damage|p1a: Whimsicott|65/100\n|\n|t:|1772481119\n|switch|p2a: Calyrex|Calyrex-Ice, L50|100/100|[from] U-turn\n|-ability|p2a: Calyrex|As One\n|-ability|p2a: Calyrex|Unnerve\n|move|p1a: Whimsicott|Moonblast|p2b: Ting-Lu\n|-supereffective|p2b: Ting-Lu\n|-damage|p2b: Ting-Lu|0 fnt\n|faint|p2b: Ting-Lu\n|\n|-damage|p1b: Iron Hands|29/100 psn|[from] psn\n|upkeep\n|\n|t:|1772481132\n|switch|p2b: Rillaboom|Rillaboom, L50, F|61/100\n|-fieldstart|move: Grassy Terrain|[from] ability: Grassy Surge|[of] p2b: Rillaboom\n|turn|7\n|\n|t:|1772481144\n|-end|p1b: Iron Hands|Quark Drive|[silent]\n|switch|p1b: Chi-Yu|Chi-Yu, L50|100/100\n|-status|p1b: Chi-Yu|psn\n|-ability|p1b: Chi-Yu|Beads of Ruin\n|move|p2b: Rillaboom|Fake Out|p1b: Chi-Yu\n|-damage|p1b: Chi-Yu|80/100 psn\n|move|p1a: Whimsicott|Encore|p2b: Rillaboom\n|-start|p2b: Rillaboom|Encore\n|move|p2a: Calyrex|Glacial Lance|p1b: Chi-Yu|[spread] p1a,p1b\n|-supereffective|p1a: Whimsicott\n|-resisted|p1b: Chi-Yu\n|-damage|p1a: Whimsicott|0 fnt\n|-damage|p1b: Chi-Yu|42/100 psn\n|faint|p1a: Whimsicott\n|-ability|p2a: Calyrex|Chilling Neigh|boost\n|-boost|p2a: Calyrex|atk|1\n|\n|-heal|p2b: Rillaboom|67/100|[from] Grassy Terrain\n|-heal|p1b: Chi-Yu|49/100 psn|[from] Grassy Terrain\n|-damage|p1b: Chi-Yu|36/100 psn|[from] psn\n|-fieldend|move: Trick Room\n|upkeep\n|\n|t:|1772481150\n|switch|p1a: Iron Hands|Iron Hands, L50|29/100 psn\n|turn|8\n|\n|t:|1772481174\n|move|p2a: Calyrex|Protect|p2a: Calyrex\n|-singleturn|p2a: Calyrex|Protect\n|move|p2b: Rillaboom|Fake Out||[still]\n|-hint|Fake Out only works on your first turn out.\n|-fail|p2b: Rillaboom\n|move|p1a: Iron Hands|Fake Out|p2a: Calyrex\n|-activate|p2a: Calyrex|move: Protect\n|move|p1b: Chi-Yu|Heat Wave|p2b: Rillaboom|[spread] p2b\n|-activate|p2a: Calyrex|move: Protect\n|-supereffective|p2b: Rillaboom\n|-damage|p2b: Rillaboom|0 fnt\n|faint|p2b: Rillaboom\n|\n|-heal|p1b: Chi-Yu|42/100 psn|[from] Grassy Terrain\n|-heal|p1a: Iron Hands|35/100 psn|[from] Grassy Terrain\n|-damage|p1b: Chi-Yu|30/100 psn|[from] psn\n|-damage|p1a: Iron Hands|23/100 psn|[from] psn\n|upkeep\n|turn|9\n|\n|t:|1772481210\n|-terastallize|p2a: Calyrex|Water\n|move|p1b: Chi-Yu|Heat Wave|p2a: Calyrex\n|-resisted|p2a: Calyrex\n|-damage|p2a: Calyrex|79/100\n|move|p1a: Iron Hands|Low Kick|p2a: Calyrex\n|-damage|p2a: Calyrex|48/100\n|move|p2a: Calyrex|Glacial Lance|p1a: Iron Hands|[spread] p1a,p1b\n|-resisted|p1b: Chi-Yu\n|-damage|p1a: Iron Hands|0 fnt\n|-damage|p1b: Chi-Yu|0 fnt\n|faint|p1a: Iron Hands\n|-end|p1a: Iron Hands|Quark Drive|[silent]\n|faint|p1b: Chi-Yu\n|\n|win|drive stone\n|raw|akahyden's rating: 1555 &rarr; <strong>1533</strong><br />(-22 for losing)\n|raw|drive stone's rating: 1513 &rarr; <strong>1535</strong><br />(+22 for winning)\n|l|\u2606akahyden\n|player|p1|\n|l|\u2606drive stone\n|player|p2|\n","uploadtime":1772481445,"views":35,"formatid":"gen9vgc2026regi","rating":1533,"private":0,"password":null}