{"id":"gen9vgc2026regi-2580899553","format":"[Gen 9] VGC 2026 Reg I","players":["dinosfrog","alexit93"],"log":"|j|\u2606dinosfrog\n|j|\u2606alexit93\n|t:|1775941658\n|gametype|doubles\n|player|p1|dinosfrog|ethan|1404\n|player|p2|alexit93|lucas-gen4pt|1567\n|gen|9\n|tier|[Gen 9] VGC 2026 Reg I\n|rated|\n|rule|Species Clause: Limit one of each Pok\u00e9mon\n|rule|Item Clause: Limit 1 of each item\n|clearpoke\n|poke|p1|Iron Hands, L50|\n|poke|p1|Ursaluna-Bloodmoon, L50, M|\n|poke|p1|Comfey, L50, M|\n|poke|p1|Incineroar, L50, M|\n|poke|p1|Calyrex-Shadow, L50|\n|poke|p1|Miraidon, L50|\n|poke|p2|Zamazenta-*, L50|\n|poke|p2|Chien-Pao, L50|\n|poke|p2|Calyrex-Shadow, L50|\n|poke|p2|Whimsicott, L50, M|\n|poke|p2|Rillaboom, L50, M|\n|poke|p2|Urshifu-*, L50, F|\n|teampreview|4\n|\n|t:|1775941691\n|teamsize|p1|4\n|teamsize|p2|4\n|start\n|switch|p1a: Calyrex|Calyrex-Shadow, L50|100/100\n|switch|p1b: Comfey|Comfey, L50, M|100/100\n|switch|p2a: Calyrex|Calyrex-Shadow, L50|100/100\n|switch|p2b: Whimsicott|Whimsicott, L50, M|100/100\n|-ability|p1a: Calyrex|As One\n|-ability|p1a: Calyrex|Unnerve\n|-ability|p2a: Calyrex|As One\n|-ability|p2a: Calyrex|Unnerve\n|turn|1\n|\n|t:|1775941703\n|switch|p1a: Ursaluna|Ursaluna-Bloodmoon, L50, M|100/100\n|move|p2b: Whimsicott|Tailwind|p2b: Whimsicott\n|-sidestart|p2: alexit93|move: Tailwind\n|move|p2a: Calyrex|Astral Barrage|p1a: Ursaluna|[spread] p1b\n|-immune|p1a: Ursaluna\n|-damage|p1b: Comfey|24/100\n|move|p1b: Comfey|Trick Room|p1b: Comfey\n|-fieldstart|move: Trick Room|[of] p1b: Comfey\n|\n|upkeep\n|turn|2\n|\n|t:|1775941710\n|switch|p1b: Incineroar|Incineroar, L50, M|100/100\n|-ability|p1b: Incineroar|Intimidate|boost\n|-unboost|p2a: Calyrex|atk|1\n|-unboost|p2b: Whimsicott|atk|1\n|move|p2a: Calyrex|Protect|p2a: Calyrex\n|-singleturn|p2a: Calyrex|Protect\n|move|p2b: Whimsicott|Encore|p1b: Incineroar\n|-hint|Since gen 7, Dark is immune to Prankster moves.\n|-immune|p1b: Incineroar\n|move|p1a: Ursaluna|Hyper Voice|p2b: Whimsicott|[spread] p2b\n|-activate|p2a: Calyrex|move: Protect\n|-damage|p2b: Whimsicott|36/100\n|\n|upkeep\n|turn|3\n|\n|t:|1775941729\n|-terastallize|p2a: Calyrex|Dark\n|move|p2b: Whimsicott|Encore|p1a: Ursaluna\n|-start|p1a: Ursaluna|Encore\n|move|p1a: Ursaluna|Hyper Voice|p2b: Whimsicott|[spread] p2a,p2b\n|-damage|p2a: Calyrex|59/100\n|-damage|p2b: Whimsicott|0 fnt\n|faint|p2b: Whimsicott\n|move|p1b: Incineroar|Flare Blitz|p2a: Calyrex\n|-damage|p2a: Calyrex|0 fnt\n|faint|p2a: Calyrex\n|-damage|p1b: Incineroar|84/100|[from] Recoil\n|\n|upkeep\n|\n|t:|1775941732\n|switch|p2b: Chien-Pao|Chien-Pao, L50|100/100\n|switch|p2a: Rillaboom|Rillaboom, L50, M|100/100\n|-fieldstart|move: Grassy Terrain|[from] ability: Grassy Surge|[of] p2a: Rillaboom\n|-ability|p2b: Chien-Pao|Sword of Ruin\n|turn|4\n|\n|t:|1775941743\n|-terastallize|p1a: Ursaluna|Normal\n|move|p2a: Rillaboom|Grassy Glide|p1a: Ursaluna\n|-damage|p1a: Ursaluna|65/100\n|move|p1a: Ursaluna|Hyper Voice|p2a: Rillaboom|[spread] p2a,p2b\n|-damage|p2a: Rillaboom|56/100\n|-damage|p2b: Chien-Pao|15/100\n|move|p1b: Incineroar|Flare Blitz|p2b: Chien-Pao\n|-supereffective|p2b: Chien-Pao\n|-damage|p2b: Chien-Pao|0 fnt\n|faint|p2b: Chien-Pao\n|-damage|p1b: Incineroar|80/100|[from] Recoil\n|\n|-heal|p1a: Ursaluna|71/100|[from] Grassy Terrain\n|-heal|p1b: Incineroar|86/100|[from] Grassy Terrain\n|-heal|p2a: Rillaboom|62/100|[from] Grassy Terrain\n|-sideend|p2: alexit93|move: Tailwind\n|upkeep\n|turn|5\n|-message|alexit93 forfeited.\n|\n|win|dinosfrog\n|raw|dinosfrog's rating: 1404 &rarr; <strong>1433</strong><br />(+29 for winning)\n|raw|alexit93's rating: 1567 &rarr; <strong>1538</strong><br />(-29 for losing)\n|l|\u2606alexit93\n|player|p2|\n|l|\u2606dinosfrog\n|player|p1|\n","uploadtime":1775942011,"views":11,"formatid":"gen9vgc2026regi","rating":1433,"private":0,"password":null}