{"id":"gen9vgc2026regi-2568656835","format":"[Gen 9] VGC 2026 Reg I","players":["randomcatFFR","shecallmedada"],"log":"|j|\u2606randomcatFFR\n|j|\u2606shecallmedada\n|t:|1774610630\n|gametype|doubles\n|player|p1|randomcatFFR|bugcatcher-gen4dp|1559\n|player|p2|shecallmedada|burglar-gen1rb|1401\n|gen|9\n|tier|[Gen 9] VGC 2026 Reg I\n|rated|\n|rule|Species Clause: Limit one of each Pok\u00e9mon\n|rule|Item Clause: Limit 1 of each item\n|clearpoke\n|poke|p1|Miraidon, L50|\n|poke|p1|Lunala, L50|\n|poke|p1|Whimsicott, L50, M|\n|poke|p1|Urshifu-*, L50, M|\n|poke|p1|Incineroar, L50, F|\n|poke|p1|Ursaluna, L50, M|\n|poke|p2|Dondozo, L50, F|\n|poke|p2|Tatsugiri-Droopy, L50, M|\n|poke|p2|Weezing, L50, F|\n|poke|p2|Koraidon, L50|\n|poke|p2|Rillaboom, L50, F|\n|poke|p2|Calyrex-Shadow, L50|\n|teampreview|4\n|inactive|Battle timer is ON: inactive players will automatically lose when time's up. (requested by randomcatFFR)\n|\n|t:|1774610695\n|teamsize|p1|4\n|teamsize|p2|4\n|start\n|switch|p1a: Miraidon|Miraidon, L50|100/100\n|switch|p1b: Lunala|Lunala, L50|100/100\n|switch|p2a: Goobnut|Weezing, L50, F|100/100\n|switch|p2b: Grimbergen|Calyrex-Shadow, L50|100/100\n|-ability|p2a: Goobnut|Neutralizing Gas\n|-ability|p2b: Grimbergen|As One\n|-ability|p2b: Grimbergen|Unnerve\n|turn|1\n|inactive|randomcatFFR has 30 seconds left.\n|inactive|shecallmedada has 30 seconds left.\n|inactive|randomcatFFR has 20 seconds left.\n|\n|t:|1774610735\n|-terastallize|p1a: Miraidon|Electric\n|move|p1b: Lunala|Wide Guard|p1b: Lunala\n|-singleturn|p1b: Lunala|Wide Guard\n|move|p2b: Grimbergen|Shadow Ball|p1b: Lunala\n|-supereffective|p1b: Lunala\n|-damage|p1b: Lunala|0 fnt\n|faint|p1b: Lunala\n|-ability|p2b: Grimbergen|Grim Neigh|boost\n|-boost|p2b: Grimbergen|spa|1\n|move|p1a: Miraidon|Electro Drift|p2a: Goobnut\n|-damage|p2a: Goobnut|19/100\n|-damage|p1a: Miraidon|84/100|[from] item: Rocky Helmet|[of] p2a: Goobnut\n|-damage|p1a: Miraidon|74/100|[from] item: Life Orb\n|move|p2a: Goobnut|Poison Gas|p1a: Miraidon\n|-activate|p1a: Miraidon|move: Wide Guard\n|\n|upkeep\n|inactive|randomcatFFR has 30 seconds left.\n|\n|t:|1774610769\n|switch|p1b: Whimsicott|Whimsicott, L50, M|100/100\n|turn|2\n|inactive|randomcatFFR has 30 seconds left.\n|\n|t:|1774610798\n|move|p1a: Miraidon|Protect|p1a: Miraidon\n|-singleturn|p1a: Miraidon|Protect\n|move|p2b: Grimbergen|Shadow Ball|p1a: Miraidon\n|-activate|p1a: Miraidon|move: Protect\n|move|p1b: Whimsicott|Tailwind|p1b: Whimsicott\n|-sidestart|p1: randomcatFFR|move: Tailwind\n|move|p2a: Goobnut|Sludge Bomb|p1b: Whimsicott\n|-supereffective|p1b: Whimsicott\n|-damage|p1b: Whimsicott|0 fnt\n|faint|p1b: Whimsicott\n|\n|upkeep\n|\n|t:|1774610800\n|switch|p1b: Incineroar|Incineroar, L50, F|100/100\n|turn|3\n|inactive|randomcatFFR has 30 seconds left.\n|\n|t:|1774610830\n|move|p1a: Miraidon|Electro Drift|p2b: Grimbergen\n|-damage|p2b: Grimbergen|13/100\n|-damage|p1a: Miraidon|65/100|[from] item: Life Orb\n|move|p1b: Incineroar|Knock Off|p2b: Grimbergen\n|-supereffective|p2b: Grimbergen\n|-damage|p2b: Grimbergen|0 fnt\n|-enditem|p2b: Grimbergen|Choice Specs|[from] move: Knock Off|[of] p1b: Incineroar\n|faint|p2b: Grimbergen\n|move|p2a: Goobnut|Sludge Bomb|p1b: Incineroar\n|-damage|p1b: Incineroar|84/100\n|\n|upkeep\n|\n|t:|1774610846\n|switch|p2b: Koraidon|Koraidon, L50|100/100\n|turn|4\n|j| Machinationz\n|\n|t:|1774610867\n|move|p2b: Koraidon|Protect|p2b: Koraidon\n|-singleturn|p2b: Koraidon|Protect\n|move|p1a: Miraidon|Draco Meteor|p2b: Koraidon\n|-activate|p2b: Koraidon|move: Protect\n|move|p1b: Incineroar|Flare Blitz|p2a: Goobnut\n|-damage|p2a: Goobnut|0 fnt\n|-damage|p1b: Incineroar|68/100|[from] item: Rocky Helmet|[of] p2a: Goobnut\n|faint|p2a: Goobnut\n|-end|p2a: Goobnut|ability: Neutralizing Gas\n|-fieldstart|move: Electric Terrain|[from] ability: Hadron Engine|[of] p1a: Miraidon\n|-ability|p1b: Incineroar|Intimidate|boost\n|-unboost|p2b: Koraidon|atk|1\n|-weather|SunnyDay|[from] ability: Orichalcum Pulse|[of] p2b: Koraidon\n|-activate|p2b: Koraidon|Orichalcum Pulse|[source]\n|-damage|p1b: Incineroar|62/100|[from] Recoil\n|\n|-weather|SunnyDay|[upkeep]\n|upkeep\n|\n|t:|1774610873\n|switch|p2a: Rillaboom|Rillaboom, L50, F|100/100\n|-fieldstart|move: Grassy Terrain|[from] ability: Grassy Surge|[of] p2a: Rillaboom\n|-enditem|p2b: Koraidon|Grassy Seed\n|-boost|p2b: Koraidon|def|1|[from] item: Grassy Seed\n|turn|5\n|\n|t:|1774610894\n|move|p2a: Rillaboom|Fake Out|p1a: Miraidon\n|-damage|p1a: Miraidon|52/100\n|cant|p1a: Miraidon|flinch\n|move|p1b: Incineroar|Flare Blitz|p2a: Rillaboom\n|-supereffective|p2a: Rillaboom\n|-damage|p2a: Rillaboom|0 fnt\n|faint|p2a: Rillaboom\n|-damage|p1b: Incineroar|30/100|[from] Recoil\n|move|p2b: Koraidon|Body Press|p1b: Incineroar\n|-supereffective|p1b: Incineroar\n|-damage|p1b: Incineroar|0 fnt\n|faint|p1b: Incineroar\n|\n|-weather|SunnyDay|[upkeep]\n|-heal|p1a: Miraidon|58/100|[from] Grassy Terrain\n|-sideend|p1: randomcatFFR|move: Tailwind\n|upkeep\n|turn|6\n|\n|t:|1774610915\n|-terastallize|p2b: Koraidon|Fire\n|move|p1a: Miraidon|Protect|p1a: Miraidon\n|-singleturn|p1a: Miraidon|Protect\n|move|p2b: Koraidon|Body Press|p1a: Miraidon\n|-activate|p1a: Miraidon|move: Protect\n|\n|-weather|SunnyDay|[upkeep]\n|-heal|p1a: Miraidon|64/100|[from] Grassy Terrain\n|upkeep\n|turn|7\n|\n|t:|1774610929\n|move|p1a: Miraidon|Electro Drift|p2b: Koraidon\n|-damage|p2b: Koraidon|29/100\n|-damage|p1a: Miraidon|54/100|[from] item: Life Orb\n|move|p2b: Koraidon|Body Press|p1a: Miraidon\n|-damage|p1a: Miraidon|0 fnt\n|faint|p1a: Miraidon\n|\n|win|shecallmedada\n|raw|randomcatFFR's rating: 1559 &rarr; <strong>1530</strong><br />(-29 for losing)\n|raw|shecallmedada's rating: 1401 &rarr; <strong>1430</strong><br />(+29 for winning)\n|l|\u2606randomcatFFR\n|player|p1|\n|l| Machinationz\n|l|\u2606shecallmedada\n|player|p2|\n|j|\u2606shecallmedada\n|player|p2|shecallmedada|burglar-gen1rb|\n|l|\u2606shecallmedada\n|player|p2|\n","uploadtime":1774610978,"views":13,"formatid":"gen9vgc2026regi","rating":1430,"private":0,"password":null}