{"id":"gen9vgc2026regi-2537898217","format":"[Gen 9] VGC 2026 Reg I","players":["Jsisisj","blackred123"],"log":"|j|\u2606Jsisisj\n|j|\u2606blackred123\n|t:|1770861026\n|gametype|doubles\n|player|p1|Jsisisj|1|1322\n|player|p2|blackred123|iono-masters|1293\n|gen|9\n|tier|[Gen 9] VGC 2026 Reg I\n|rated|\n|rule|Species Clause: Limit one of each Pok\u00e9mon\n|rule|Item Clause: Limit 1 of each item\n|clearpoke\n|poke|p1|Koraidon, L50|\n|poke|p1|Charizard, L50, F|\n|poke|p1|Flutter Mane, L50|\n|poke|p1|Zamazenta-*, L50|\n|poke|p1|Raging Bolt, L50|\n|poke|p1|Ogerpon-Cornerstone, L50, F|\n|poke|p2|Miraidon, L50|\n|poke|p2|Calyrex-Ice, L50|\n|poke|p2|Whimsicott, L50, F|\n|poke|p2|Volcarona, L50, M|\n|poke|p2|Incineroar, L50, F|\n|poke|p2|Urshifu-*, L50, F|\n|teampreview|4\n|inactive|Battle timer is ON: inactive players will automatically lose when time's up. (requested by blackred123)\n|l|\u2606Jsisisj\n|inactive|Jsisisj disconnected and has a minute to reconnect!\n|player|p1|\n|j|\u2606Jsisisj\n|inactive|Jsisisj reconnected and has 60 seconds left.\n|player|p1|Jsisisj|1|\n|inactive|Jsisisj has 30 seconds left.\n|\n|t:|1770861088\n|teamsize|p1|4\n|teamsize|p2|4\n|start\n|switch|p1a: Koraidon|Koraidon, L50|100/100\n|switch|p1b: Charizard|Charizard, L50, F|100/100\n|switch|p2a: Miraidon|Miraidon, L50, shiny|100/100\n|switch|p2b: Whimsicott|Whimsicott, L50, F|100/100\n|-weather|SunnyDay|[from] ability: Orichalcum Pulse|[of] p1a: Koraidon\n|-activate|p1a: Koraidon|Orichalcum Pulse|[source]\n|-fieldstart|move: Electric Terrain|[from] ability: Hadron Engine|[of] p2a: Miraidon\n|turn|1\n|inactive|Jsisisj has 30 seconds left.\n|\n|t:|1770861114\n|-terastallize|p1b: Charizard|Ground\n|move|p1a: Koraidon|Protect|p1a: Koraidon\n|-singleturn|p1a: Koraidon|Protect\n|move|p2b: Whimsicott|Tailwind|p2b: Whimsicott\n|-sidestart|p2: blackred123|move: Tailwind\n|move|p2a: Miraidon|Volt Switch|p1a: Koraidon\n|-activate|p1a: Koraidon|move: Protect\n|move|p1b: Charizard|Tera Blast|p2a: Miraidon|[anim] Tera Blast Ground\n|-supereffective|p2a: Miraidon\n|-damage|p2a: Miraidon|3/100\n|\n|-weather|SunnyDay|[upkeep]\n|-damage|p1b: Charizard|88/100|[from] ability: Solar Power|[of] p1b: Charizard\n|upkeep\n|turn|2\n|\n|t:|1770861132\n|switch|p1a: Raging Bolt|Raging Bolt, L50|100/100\n|-activate|p1a: Raging Bolt|ability: Protosynthesis\n|-start|p1a: Raging Bolt|protosynthesisspa\n|move|p2b: Whimsicott|Encore||[still]\n|-fail|p2b: Whimsicott\n|move|p2a: Miraidon|Draco Meteor|p1b: Charizard\n|-damage|p1b: Charizard|0 fnt\n|-unboost|p2a: Miraidon|spa|2\n|faint|p1b: Charizard\n|\n|-weather|SunnyDay|[upkeep]\n|upkeep\n|\n|t:|1770861145\n|switch|p1b: Koraidon|Koraidon, L50|100/100\n|-activate|p1b: Koraidon|ability: Orichalcum Pulse\n|turn|3\n|\n|t:|1770861158\n|switch|p2a: Incineroar|Incineroar, L50, F|100/100\n|-ability|p2a: Incineroar|Intimidate|boost\n|-unboost|p1a: Raging Bolt|atk|1\n|-fail|p1b: Koraidon|unboost|[from] item: Clear Amulet|[of] p1b: Koraidon\n|switch|p1b: Ogerpon|Ogerpon-Cornerstone, L50, F|100/100\n|move|p2b: Whimsicott|Light Screen|p2b: Whimsicott\n|-sidestart|p2: blackred123|move: Light Screen\n|move|p1a: Raging Bolt|Thunderclap||[still]\n|-fail|p1a: Raging Bolt\n|\n|-weather|SunnyDay|[upkeep]\n|upkeep\n|turn|4\n|inactive|blackred123 has 30 seconds left.\n|inactive|blackred123 has 20 seconds left.\n|inactive|blackred123 has 15 seconds left.\n|\n|t:|1770861201\n|move|p1b: Ogerpon|Spiky Shield|p1b: Ogerpon\n|-singleturn|p1b: Ogerpon|move: Protect\n|move|p2b: Whimsicott|Encore|p1a: Raging Bolt\n|-start|p1a: Raging Bolt|Encore\n|move|p2a: Incineroar|U-turn|p1b: Ogerpon\n|-activate|p1b: Ogerpon|move: Protect\n|-damage|p2a: Incineroar|88/100|[from] Spiky Shield|[of] p1b: Ogerpon\n|move|p1a: Raging Bolt|Thunderclap||[still]\n|-fail|p1a: Raging Bolt\n|\n|-weather|SunnyDay|[upkeep]\n|-sideend|p2: blackred123|move: Tailwind\n|upkeep\n|turn|5\n|\n|t:|1770861223\n|-end|p1a: Raging Bolt|Protosynthesis|[silent]\n|switch|p1a: Koraidon|Koraidon, L50|100/100\n|-activate|p1a: Koraidon|ability: Orichalcum Pulse\n|move|p2b: Whimsicott|Encore|p1b: Ogerpon\n|-start|p1b: Ogerpon|Encore\n|move|p1b: Ogerpon|Spiky Shield|p1b: Ogerpon\n|-singleturn|p1b: Ogerpon|move: Protect\n|move|p2a: Incineroar|Knock Off|p1a: Koraidon\n|-resisted|p1a: Koraidon\n|-damage|p1a: Koraidon|82/100\n|-enditem|p1a: Koraidon|Clear Amulet|[from] move: Knock Off|[of] p2a: Incineroar\n|\n|-weather|none\n|-fieldend|move: Electric Terrain\n|upkeep\n|turn|6\n|\n|t:|1770861245\n|switch|p1b: Raging Bolt|Raging Bolt, L50|100/100\n|move|p2b: Whimsicott|Tailwind|p2b: Whimsicott\n|-sidestart|p2: blackred123|move: Tailwind\n|move|p1a: Koraidon|Flare Blitz|p2b: Whimsicott\n|-supereffective|p2b: Whimsicott\n|-enditem|p2b: Whimsicott|Focus Sash\n|-damage|p2b: Whimsicott|1/100\n|-damage|p1a: Koraidon|56/100|[from] Recoil\n|move|p2a: Incineroar|U-turn|p1b: Raging Bolt\n|-damage|p1b: Raging Bolt|85/100\n|\n|t:|1770861258\n|switch|p2a: Calyrex|Calyrex-Ice, L50|100/100|[from] U-turn\n|-ability|p2a: Calyrex|As One\n|-ability|p2a: Calyrex|Unnerve\n|\n|upkeep\n|turn|7\n|\n|t:|1770861275\n|switch|p2b: Incineroar|Incineroar, L50, F|88/100\n|-ability|p2b: Incineroar|Intimidate|boost\n|-unboost|p1a: Koraidon|atk|1\n|-unboost|p1b: Raging Bolt|atk|1\n|-terastallize|p2a: Calyrex|Fire\n|move|p1b: Raging Bolt|Thunderclap||[still]\n|-fail|p1b: Raging Bolt\n|move|p1a: Koraidon|Flare Blitz|p2a: Calyrex\n|-resisted|p2a: Calyrex\n|-crit|p2a: Calyrex\n|-damage|p2a: Calyrex|82/100\n|-damage|p1a: Koraidon|49/100|[from] Recoil\n|move|p2a: Calyrex|Glacial Lance|p1b: Raging Bolt|[spread] p1a,p1b\n|-supereffective|p1a: Koraidon\n|-supereffective|p1b: Raging Bolt\n|-damage|p1a: Koraidon|0 fnt\n|-damage|p1b: Raging Bolt|0 fnt\n|faint|p1a: Koraidon\n|faint|p1b: Raging Bolt\n|-end|p1b: Raging Bolt|Protosynthesis|[silent]\n|-ability|p2a: Calyrex|Chilling Neigh|boost\n|-boost|p2a: Calyrex|atk|2\n|\n|-sideend|p2: blackred123|move: Light Screen\n|upkeep\n|-message|Jsisisj forfeited.\n|\n|win|blackred123\n|raw|Jsisisj's rating: 1322 &rarr; <strong>1300</strong><br />(-22 for losing)\n|raw|blackred123's rating: 1293 &rarr; <strong>1320</strong><br />(+27 for winning)\n|l|\u2606Jsisisj\n|player|p1|\n","uploadtime":1770861512,"views":13,"formatid":"gen9vgc2026regi","rating":1300,"private":0,"password":null}