{"id":"gen9vgc2026regi-2561248693","format":"[Gen 9] VGC 2026 Reg I","players":["jonen","Megacharizarding1"],"log":"|j|\u2606jonen\n|j|\u2606Megacharizarding1\n|t:|1773777119\n|gametype|doubles\n|player|p1|jonen|medium|1314\n|player|p2|Megacharizarding1|101|1267\n|gen|9\n|tier|[Gen 9] VGC 2026 Reg I\n|rated|\n|rule|Species Clause: Limit one of each Pok\u00e9mon\n|rule|Item Clause: Limit 1 of each item\n|clearpoke\n|poke|p1|Groudon, L50|\n|poke|p1|Chi-Yu, L50|\n|poke|p1|Flutter Mane, L50|\n|poke|p1|Raging Bolt, L50|\n|poke|p1|Calyrex-Ice, L50|\n|poke|p1|Jumpluff, L50, M|\n|poke|p2|Groudon, L50|\n|poke|p2|Miraidon, L50|\n|poke|p2|Incineroar, L50, M|\n|poke|p2|Flutter Mane, L50|\n|poke|p2|Farigiraf, L50, F|\n|poke|p2|Raging Bolt, L50|\n|teampreview|4\n|inactive|Battle timer is ON: inactive players will automatically lose when time's up. (requested by Megacharizarding1)\n|inactive|jonen has 60 seconds left.\n|\n|t:|1773777172\n|teamsize|p1|4\n|teamsize|p2|4\n|start\n|switch|p1a: Groudon|Groudon, L50|100/100\n|switch|p1b: Jumpluff|Jumpluff, L50, M|100/100\n|switch|p2a: Flutter Mane|Flutter Mane, L50|100/100\n|switch|p2b: Miraidon|Miraidon, L50|100/100\n|-fieldstart|move: Electric Terrain|[from] ability: Hadron Engine|[of] p2b: Miraidon\n|-weather|SunnyDay|[from] ability: Drought|[of] p1a: Groudon\n|-activate|p2a: Flutter Mane|ability: Protosynthesis\n|-start|p2a: Flutter Mane|protosynthesisspe\n|turn|1\n|\n|t:|1773777182\n|move|p1b: Jumpluff|Tailwind|p1b: Jumpluff\n|-sidestart|p1: jonen|move: Tailwind\n|move|p2a: Flutter Mane|Icy Wind|p1b: Jumpluff|[spread] p1a,p1b\n|-supereffective|p1a: Groudon\n|-supereffective|p1b: Jumpluff\n|-damage|p1a: Groudon|82/100\n|-damage|p1b: Jumpluff|50/100\n|-unboost|p1a: Groudon|spe|1\n|move|p2b: Miraidon|Volt Switch|p1b: Jumpluff\n|-crit|p1b: Jumpluff\n|-damage|p1b: Jumpluff|0 fnt\n|faint|p1b: Jumpluff\n|\n|t:|1773777193\n|switch|p2b: Groudon|Groudon, L50|100/100|[from] Volt Switch\n|move|p1a: Groudon|Precipice Blades|p2b: Groudon|[spread] p2b\n|-miss|p1a: Groudon|p2a: Flutter Mane\n|-damage|p2b: Groudon|60/100\n|\n|-weather|SunnyDay|[upkeep]\n|upkeep\n|\n|t:|1773777202\n|switch|p1b: Chi-Yu|Chi-Yu, L50|100/100\n|-ability|p1b: Chi-Yu|Beads of Ruin\n|turn|2\n|\n|t:|1773777214\n|-end|p2a: Flutter Mane|Protosynthesis|[silent]\n|switch|p2a: Incineroar|Incineroar, L50, M|100/100\n|-ability|p2a: Incineroar|Intimidate|boost\n|-unboost|p1a: Groudon|atk|1\n|-unboost|p1b: Chi-Yu|atk|1\n|move|p2b: Groudon|Protect|p2b: Groudon\n|-singleturn|p2b: Groudon|Protect\n|move|p1b: Chi-Yu|Heat Wave|p2b: Groudon|[spread] p2a\n|-activate|p2b: Groudon|move: Protect\n|-resisted|p2a: Incineroar\n|-damage|p2a: Incineroar|70/100\n|move|p1a: Groudon|Precipice Blades|p2a: Incineroar|[spread] p2a\n|-activate|p2b: Groudon|move: Protect\n|-supereffective|p2a: Incineroar\n|-damage|p2a: Incineroar|10/100\n|-enditem|p2a: Incineroar|Sitrus Berry|[eat]\n|-heal|p2a: Incineroar|35/100|[from] item: Sitrus Berry\n|\n|-weather|SunnyDay|[upkeep]\n|upkeep\n|turn|3\n|\n|t:|1773777238\n|switch|p1b: Calyrex|Calyrex-Ice, L50|100/100\n|-ability|p1b: Calyrex|As One\n|-ability|p1b: Calyrex|Unnerve\n|-terastallize|p2b: Groudon|Water\n|move|p2a: Incineroar|Fake Out|p1a: Groudon\n|-damage|p1a: Groudon|74/100\n|cant|p1a: Groudon|flinch\n|move|p2b: Groudon|Precipice Blades|p1a: Groudon|[spread] p1a,p1b\n|-damage|p1a: Groudon|34/100\n|-damage|p1b: Calyrex|74/100\n|\n|-weather|SunnyDay|[upkeep]\n|upkeep\n|turn|4\n|inactive|jonen has 30 seconds left.\n|inactive|Megacharizarding1 has 30 seconds left.\n|inactive|Megacharizarding1 has 20 seconds left.\n|inactive|jonen has 20 seconds left.\n|\n|t:|1773777279\n|switch|p2a: Flutter Mane|Flutter Mane, L50|100/100\n|-activate|p2a: Flutter Mane|ability: Protosynthesis\n|-start|p2a: Flutter Mane|protosynthesisspe\n|-terastallize|p1b: Calyrex|Water\n|move|p1a: Groudon|Precipice Blades|p2b: Groudon|[spread] p2b\n|-miss|p1a: Groudon|p2a: Flutter Mane\n|-damage|p2b: Groudon|33/100\n|move|p2b: Groudon|Will-O-Wisp|p1b: Calyrex\n|-status|p1b: Calyrex|brn\n|move|p1b: Calyrex|Trick Room|p1b: Calyrex\n|-fieldstart|move: Trick Room|[of] p1b: Calyrex\n|\n|-weather|SunnyDay|[upkeep]\n|-damage|p1b: Calyrex|68/100 brn|[from] brn\n|-sideend|p1: jonen|move: Tailwind\n|upkeep\n|turn|5\n|inactive|Megacharizarding1 has 30 seconds left.\n|\n|t:|1773777311\n|-end|p2a: Flutter Mane|Protosynthesis|[silent]\n|switch|p2a: Incineroar|Incineroar, L50, M|35/100\n|-ability|p2a: Incineroar|Intimidate|boost\n|-unboost|p1a: Groudon|atk|1\n|-unboost|p1b: Calyrex|atk|1\n|move|p2b: Groudon|Protect|p2b: Groudon\n|-singleturn|p2b: Groudon|Protect\n|move|p1b: Calyrex|Glacial Lance|p2b: Groudon|[spread] p2a\n|-activate|p2b: Groudon|move: Protect\n|-resisted|p2a: Incineroar\n|-damage|p2a: Incineroar|28/100\n|move|p1a: Groudon|Precipice Blades|p2a: Incineroar|[spread] p2a\n|-activate|p2b: Groudon|move: Protect\n|-supereffective|p2a: Incineroar\n|-damage|p2a: Incineroar|0 fnt\n|faint|p2a: Incineroar\n|\n|-weather|none\n|-damage|p1b: Calyrex|62/100 brn|[from] brn\n|-fieldend|move: Electric Terrain\n|upkeep\n|\n|t:|1773777330\n|switch|p2a: Flutter Mane|Flutter Mane, L50|100/100\n|-enditem|p2a: Flutter Mane|Booster Energy\n|-activate|p2a: Flutter Mane|ability: Protosynthesis|[fromitem]\n|-start|p2a: Flutter Mane|protosynthesisspe\n|turn|6\n|\n|t:|1773777341\n|move|p2a: Flutter Mane|Protect|p2a: Flutter Mane\n|-singleturn|p2a: Flutter Mane|Protect\n|move|p1b: Calyrex|Glacial Lance|p2a: Flutter Mane|[spread] p2b\n|-activate|p2a: Flutter Mane|move: Protect\n|-resisted|p2b: Groudon\n|-damage|p2b: Groudon|28/100\n|move|p1a: Groudon|Heat Crash|p2a: Flutter Mane\n|-activate|p2a: Flutter Mane|move: Protect\n|move|p2b: Groudon|Will-O-Wisp|p1a: Groudon\n|-status|p1a: Groudon|brn\n|\n|-damage|p1b: Calyrex|56/100 brn|[from] brn\n|-damage|p1a: Groudon|28/100 brn|[from] brn\n|upkeep\n|turn|7\n|\n|t:|1773777361\n|move|p1b: Calyrex|Glacial Lance|p2a: Flutter Mane|[spread] p2a,p2b\n|-resisted|p2b: Groudon\n|-damage|p2a: Flutter Mane|76/100\n|-damage|p2b: Groudon|23/100\n|move|p1a: Groudon|Heat Crash|p2a: Flutter Mane\n|-damage|p2a: Flutter Mane|58/100\n|move|p2b: Groudon|Precipice Blades|p1b: Calyrex|[spread] p1a,p1b\n|-damage|p1a: Groudon|0 fnt\n|-damage|p1b: Calyrex|28/100 brn\n|-enditem|p1b: Calyrex|Sitrus Berry|[eat]\n|-heal|p1b: Calyrex|53/100 brn|[from] item: Sitrus Berry\n|faint|p1a: Groudon\n|move|p2a: Flutter Mane|Moonblast|p1b: Calyrex\n|-damage|p1b: Calyrex|22/100 brn\n|\n|-damage|p1b: Calyrex|16/100 brn|[from] brn\n|upkeep\n|\n|t:|1773777367\n|switch|p1a: Chi-Yu|Chi-Yu, L50|100/100\n|-ability|p1a: Chi-Yu|Beads of Ruin\n|turn|8\n|\n|t:|1773777378\n|move|p1b: Calyrex|Leech Seed|p2a: Flutter Mane\n|-start|p2a: Flutter Mane|move: Leech Seed\n|move|p2b: Groudon|Precipice Blades|p1b: Calyrex|[spread] p1a,p1b\n|-supereffective|p1a: Chi-Yu\n|-damage|p1a: Chi-Yu|0 fnt\n|-damage|p1b: Calyrex|0 fnt\n|faint|p1a: Chi-Yu\n|faint|p1b: Calyrex\n|\n|win|Megacharizarding1\n|raw|jonen's rating: 1314 &rarr; <strong>1291</strong><br />(-23 for losing)\n|raw|Megacharizarding1's rating: 1267 &rarr; <strong>1295</strong><br />(+28 for winning)\n","uploadtime":1773777379,"views":11,"formatid":"gen9vgc2026regi","rating":1291,"private":0,"password":null}