{"id":"gen9vgc2026regi-2540027578","format":"[Gen 9] VGC 2026 Reg I","players":["TheManOfSausage","raigonjoy"],"log":"|j|\u2606TheManOfSausage\n|j|\u2606raigonjoy\n|t:|1771147802\n|gametype|doubles\n|player|p1|TheManOfSausage|miku-water|1655\n|player|p2|raigonjoy|2|1560\n|gen|9\n|tier|[Gen 9] VGC 2026 Reg I\n|rated|\n|rule|Species Clause: Limit one of each Pok\u00e9mon\n|rule|Item Clause: Limit 1 of each item\n|clearpoke\n|poke|p1|Calyrex-Shadow, L50|\n|poke|p1|Koraidon, L50|\n|poke|p1|Brute Bonnet, L50|\n|poke|p1|Incineroar, L50, M|\n|poke|p1|Landorus, L50, M|\n|poke|p1|Raging Bolt, L50|\n|poke|p2|Whimsicott, L50, M|\n|poke|p2|Urshifu-*, L50, F|\n|poke|p2|Ursaluna, L50, F|\n|poke|p2|Miraidon, L50|\n|poke|p2|Lunala, L50|\n|poke|p2|Incineroar, L50, F|\n|teampreview|4\n|inactive|Battle timer is ON: inactive players will automatically lose when time's up. (requested by raigonjoy)\n|inactive|TheManOfSausage has 60 seconds left.\n|\n|t:|1771147838\n|teamsize|p1|4\n|teamsize|p2|4\n|start\n|switch|p1a: Koraidon|Koraidon, L50|100/100\n|switch|p1b: Raging Bolt|Raging Bolt, L50|100/100\n|switch|p2a: Whimsicott|Whimsicott, L50, M, shiny|100/100\n|switch|p2b: Miraidon|Miraidon, L50, shiny|100/100\n|-weather|SunnyDay|[from] ability: Orichalcum Pulse|[of] p1a: Koraidon\n|-activate|p1b: Raging Bolt|ability: Protosynthesis\n|-start|p1b: Raging Bolt|protosynthesisspa\n|-activate|p1a: Koraidon|Orichalcum Pulse|[source]\n|-fieldstart|move: Electric Terrain|[from] ability: Hadron Engine|[of] p2b: Miraidon\n|turn|1\n|\n|t:|1771147853\n|move|p2a: Whimsicott|Protect|p2a: Whimsicott\n|-singleturn|p2a: Whimsicott|Protect\n|move|p2b: Miraidon|Protect|p2b: Miraidon\n|-singleturn|p2b: Miraidon|Protect\n|move|p1a: Koraidon|Flame Charge|p2a: Whimsicott\n|-activate|p2a: Whimsicott|move: Protect\n|move|p1b: Raging Bolt|Volt Switch|p2a: Whimsicott\n|-activate|p2a: Whimsicott|move: Protect\n|\n|-weather|SunnyDay|[upkeep]\n|upkeep\n|turn|2\n|\n|t:|1771147872\n|-terastallize|p1a: Koraidon|Fire\n|move|p2a: Whimsicott|Tailwind|p2a: Whimsicott\n|-sidestart|p2: raigonjoy|move: Tailwind\n|move|p2b: Miraidon|Draco Meteor|p1a: Koraidon\n|-damage|p1a: Koraidon|0 fnt\n|-unboost|p2b: Miraidon|spa|2\n|faint|p1a: Koraidon\n|-damage|p2b: Miraidon|91/100|[from] item: Life Orb\n|move|p1b: Raging Bolt|Dragon Pulse|p2b: Miraidon\n|-supereffective|p2b: Miraidon\n|-damage|p2b: Miraidon|0 fnt\n|faint|p2b: Miraidon\n|\n|-weather|SunnyDay|[upkeep]\n|upkeep\n|\n|t:|1771147896\n|switch|p1a: Rice Shower|Calyrex-Shadow, L50|100/100\n|switch|p2b: Lunala|Lunala, L50, shiny|100/100\n|-ability|p1a: Rice Shower|As One\n|-ability|p1a: Rice Shower|Unnerve\n|-enditem|p2b: Lunala|Electric Seed\n|-boost|p2b: Lunala|def|1|[from] item: Electric Seed\n|turn|3\n|\n|t:|1771147909\n|-terastallize|p2b: Lunala|Fairy\n|move|p1a: Rice Shower|Protect|p1a: Rice Shower\n|-singleturn|p1a: Rice Shower|Protect\n|move|p2a: Whimsicott|Encore|p1b: Raging Bolt\n|-start|p1b: Raging Bolt|Encore\n|move|p2b: Lunala|Moonblast|p1a: Rice Shower\n|-activate|p1a: Rice Shower|move: Protect\n|move|p1b: Raging Bolt|Dragon Pulse|p2a: Whimsicott\n|-immune|p2a: Whimsicott\n|\n|-weather|SunnyDay|[upkeep]\n|upkeep\n|turn|4\n|\n|t:|1771147924\n|switch|p1a: Triple T|Landorus, L50, M|100/100\n|move|p2a: Whimsicott|Encore||[still]\n|-fail|p2a: Whimsicott\n|move|p2b: Lunala|Moonblast|p1b: Raging Bolt\n|-supereffective|p1b: Raging Bolt\n|-damage|p1b: Raging Bolt|43/100\n|move|p1b: Raging Bolt|Dragon Pulse|p2a: Whimsicott\n|-immune|p2a: Whimsicott\n|\n|-weather|SunnyDay|[upkeep]\n|upkeep\n|turn|5\n|inactive|raigonjoy has 30 seconds left.\n|inactive|raigonjoy has 20 seconds left.\n|\n|t:|1771147959\n|move|p2a: Whimsicott|Moonblast|p1a: Triple T\n|-damage|p1a: Triple T|67/100\n|move|p2b: Lunala|Moongeist Beam|p1a: Triple T\n|-damage|p1a: Triple T|0 fnt\n|faint|p1a: Triple T\n|move|p1b: Raging Bolt|Dragon Pulse|p2b: Lunala\n|-immune|p2b: Lunala\n|\n|-weather|none\n|-end|p1b: Raging Bolt|Protosynthesis\n|-end|p1b: Raging Bolt|Encore\n|-sideend|p2: raigonjoy|move: Tailwind\n|-fieldend|move: Electric Terrain\n|upkeep\n|\n|t:|1771147974\n|switch|p1a: Rice Shower|Calyrex-Shadow, L50|100/100\n|-ability|p1a: Rice Shower|As One\n|-ability|p1a: Rice Shower|Unnerve\n|turn|6\n|\n|t:|1771147998\n|move|p2a: Whimsicott|Encore|p1b: Raging Bolt\n|-start|p1b: Raging Bolt|Encore\n|move|p1a: Rice Shower|Psychic|p2b: Lunala\n|-damage|p2b: Lunala|80/100\n|move|p2b: Lunala|Moongeist Beam|p1a: Rice Shower\n|-supereffective|p1a: Rice Shower\n|-enditem|p1a: Rice Shower|Focus Sash\n|-damage|p1a: Rice Shower|1/100\n|move|p1b: Raging Bolt|Dragon Pulse|p2a: Whimsicott\n|-immune|p2a: Whimsicott\n|\n|upkeep\n|turn|7\n|\n|t:|1771148016\n|move|p2a: Whimsicott|Tailwind|p2a: Whimsicott\n|-sidestart|p2: raigonjoy|move: Tailwind\n|move|p2b: Lunala|Moongeist Beam|p1a: Rice Shower\n|-supereffective|p1a: Rice Shower\n|-damage|p1a: Rice Shower|0 fnt\n|faint|p1a: Rice Shower\n|move|p1b: Raging Bolt|Dragon Pulse|p2b: Lunala\n|-immune|p2b: Lunala\n|\n|upkeep\n|turn|8\n|c|\u2606TheManOfSausage|gg\n|-message|TheManOfSausage forfeited.\n|\n|win|raigonjoy\n|raw|TheManOfSausage's rating: 1655 &rarr; <strong>1630</strong><br />(-25 for losing)\n|raw|raigonjoy's rating: 1560 &rarr; <strong>1585</strong><br />(+25 for winning)\n|l|\u2606TheManOfSausage\n|player|p1|\n|l|\u2606raigonjoy\n|player|p2|\n","uploadtime":1771148034,"views":101,"formatid":"gen9vgc2026regi","rating":1585,"private":0,"password":null}