{"id":"gen9vgc2026regi-2525130491","format":"[Gen 9] VGC 2026 Reg I","players":["ky123456","JOOLA"],"log":"|j|\u2606ky123456\n|j|\u2606JOOLA\n|t:|1769233319\n|gametype|doubles\n|player|p1|ky123456|cynthia-gen4|1331\n|player|p2|JOOLA|cress|1382\n|gen|9\n|tier|[Gen 9] VGC 2026 Reg I\n|rated|\n|rule|Species Clause: Limit one of each Pok\u00e9mon\n|rule|Item Clause: Limit 1 of each item\n|clearpoke\n|poke|p1|Kyogre, L50|\n|poke|p1|Calyrex-Ice, L50|\n|poke|p1|Grimmsnarl, L50, M|\n|poke|p1|Rillaboom, L50, M|\n|poke|p1|Landorus, L50, M|\n|poke|p1|Urshifu-*, L50, M|\n|poke|p2|Giratina-Origin, L50|\n|poke|p2|Zamazenta-*, L50|\n|poke|p2|Chien-Pao, L50|\n|poke|p2|Entei, L50|\n|poke|p2|Urshifu-*, L50, F|\n|poke|p2|Rillaboom, L50, M|\n|teampreview|4\n|inactive|Battle timer is ON: inactive players will automatically lose when time's up. (requested by JOOLA)\n|inactive|JOOLA has 60 seconds left.\n|\n|t:|1769233355\n|teamsize|p1|4\n|teamsize|p2|4\n|start\n|switch|p1a: Grimmsnarl|Grimmsnarl, L50, M|100/100\n|switch|p1b: Calyrex|Calyrex-Ice, L50|100/100\n|switch|p2a: Rillaboom|Rillaboom, L50, M|100/100\n|switch|p2b: Urshifu|Urshifu-Rapid-Strike, L50, F|100/100\n|-ability|p1b: Calyrex|As One\n|-ability|p1b: Calyrex|Unnerve\n|-fieldstart|move: Grassy Terrain|[from] ability: Grassy Surge|[of] p2a: Rillaboom\n|turn|1\n|inactive|ky123456 has 30 seconds left.\n|\n|t:|1769233385\n|-terastallize|p2a: Rillaboom|Water\n|move|p2a: Rillaboom|Fake Out|p1a: Grimmsnarl\n|-damage|p1a: Grimmsnarl|90/100\n|cant|p1a: Grimmsnarl|flinch\n|move|p2b: Urshifu|Surging Strikes|p1a: Grimmsnarl\n|-crit|p1a: Grimmsnarl\n|-damage|p1a: Grimmsnarl|69/100\n|-crit|p1a: Grimmsnarl\n|-damage|p1a: Grimmsnarl|50/100\n|-crit|p1a: Grimmsnarl\n|-damage|p1a: Grimmsnarl|30/100\n|-hitcount|p1a: Grimmsnarl|3\n|move|p1b: Calyrex|Leech Seed|p2b: Urshifu\n|-start|p2b: Urshifu|move: Leech Seed\n|\n|-heal|p1a: Grimmsnarl|36/100|[from] Grassy Terrain\n|-damage|p2b: Urshifu|88/100|[from] Leech Seed|[of] p1b: Calyrex\n|upkeep\n|turn|2\n|inactive|JOOLA has 30 seconds left.\n|inactive|ky123456 has 30 seconds left.\n|\n|t:|1769233421\n|switch|p2b: Chien-Pao|Chien-Pao, L50|100/100\n|-ability|p2b: Chien-Pao|Sword of Ruin\n|move|p2a: Rillaboom|Grassy Glide|p1a: Grimmsnarl\n|-damage|p1a: Grimmsnarl|0 fnt\n|faint|p1a: Grimmsnarl\n|move|p1b: Calyrex|Glacial Lance|p2b: Chien-Pao|[spread] p2a,p2b\n|-resisted|p2a: Rillaboom\n|-resisted|p2b: Chien-Pao\n|-crit|p2b: Chien-Pao\n|-damage|p2a: Rillaboom|69/100\n|-damage|p2b: Chien-Pao|46/100\n|\n|-heal|p2b: Chien-Pao|52/100|[from] Grassy Terrain\n|-heal|p2a: Rillaboom|75/100|[from] Grassy Terrain\n|upkeep\n|\n|t:|1769233433\n|switch|p1a: Urshifu|Urshifu-Rapid-Strike, L50, M|100/100\n|turn|3\n|inactive|ky123456 has 30 seconds left.\n|inactive|JOOLA has 30 seconds left.\n|\n|t:|1769233468\n|switch|p2b: Urshifu|Urshifu-Rapid-Strike, L50, F|88/100\n|move|p2a: Rillaboom|Grassy Glide|p1a: Urshifu\n|-supereffective|p1a: Urshifu\n|-damage|p1a: Urshifu|22/100\n|move|p1a: Urshifu|Surging Strikes|p2b: Urshifu\n|-resisted|p2b: Urshifu\n|-crit|p2b: Urshifu\n|-damage|p2b: Urshifu|78/100\n|-resisted|p2b: Urshifu\n|-crit|p2b: Urshifu\n|-damage|p2b: Urshifu|68/100\n|-resisted|p2b: Urshifu\n|-crit|p2b: Urshifu\n|-damage|p2b: Urshifu|57/100\n|-hitcount|p2b: Urshifu|3\n|move|p1b: Calyrex|Glacial Lance|p2b: Urshifu|[spread] p2a,p2b\n|-resisted|p2a: Rillaboom\n|-resisted|p2b: Urshifu\n|-damage|p2a: Rillaboom|55/100\n|-damage|p2b: Urshifu|28/100\n|\n|-heal|p1a: Urshifu|27/100|[from] Grassy Terrain\n|-heal|p2b: Urshifu|34/100|[from] Grassy Terrain\n|-heal|p2a: Rillaboom|60/100|[from] Grassy Terrain\n|upkeep\n|turn|4\n|inactive|ky123456 has 30 seconds left.\n|inactive|JOOLA has 30 seconds left.\n|\n|t:|1769233494\n|switch|p2b: Zamazenta|Zamazenta-Crowned, L50|100/100\n|-ability|p2b: Zamazenta|Dauntless Shield|boost\n|-boost|p2b: Zamazenta|def|1\n|move|p2a: Rillaboom|Grassy Glide|p1a: Urshifu\n|-supereffective|p1a: Urshifu\n|-damage|p1a: Urshifu|0 fnt\n|faint|p1a: Urshifu\n|move|p1b: Calyrex|Trick Room|p1b: Calyrex\n|-fieldstart|move: Trick Room|[of] p1b: Calyrex\n|\n|-heal|p2a: Rillaboom|66/100|[from] Grassy Terrain\n|upkeep\n|\n|t:|1769233501\n|switch|p1a: Kyogre|Kyogre, L50|100/100\n|-weather|RainDance|[from] ability: Drizzle|[of] p1a: Kyogre\n|turn|5\n|inactive|JOOLA has 30 seconds left.\n|\n|t:|1769233529\n|-terastallize|p1a: Kyogre|Grass\n|move|p1b: Calyrex|Leech Seed|p2b: Zamazenta\n|-start|p2b: Zamazenta|move: Leech Seed\n|move|p2a: Rillaboom|U-turn|p1a: Kyogre\n|-supereffective|p1a: Kyogre\n|-damage|p1a: Kyogre|55/100\n|\n|t:|1769233538\n|switch|p2a: Chien-Pao|Chien-Pao, L50|52/100|[from] U-turn\n|-ability|p2a: Chien-Pao|Sword of Ruin\n|move|p1a: Kyogre|Water Spout|p2a: Chien-Pao|[spread] p2a,p2b\n|-damage|p2a: Chien-Pao|0 fnt\n|-damage|p2b: Zamazenta|56/100\n|faint|p2a: Chien-Pao\n|move|p2b: Zamazenta|Body Press|p1b: Calyrex\n|-damage|p1b: Calyrex|56/100\n|\n|-weather|RainDance|[upkeep]\n|-heal|p1b: Calyrex|61/100|[from] Grassy Terrain\n|-heal|p1b: Calyrex|67/100|[from] item: Leftovers\n|-heal|p1a: Kyogre|61/100|[from] Grassy Terrain\n|-heal|p2b: Zamazenta|62/100|[from] Grassy Terrain\n|-damage|p2b: Zamazenta|50/100|[from] Leech Seed|[of] p1b: Calyrex\n|-heal|p1b: Calyrex|78/100|[silent]\n|-fieldend|move: Grassy Terrain\n|upkeep\n|\n|t:|1769233557\n|switch|p2a: Rillaboom|Rillaboom, L50, M, tera:Water|66/100\n|-fieldstart|move: Grassy Terrain|[from] ability: Grassy Surge|[of] p2a: Rillaboom\n|turn|6\n|inactive|JOOLA has 30 seconds left.\n|inactive|JOOLA has 20 seconds left.\n|\n|t:|1769233593\n|move|p1b: Calyrex|Glacial Lance|p2a: Rillaboom|[spread] p2a,p2b\n|-resisted|p2a: Rillaboom\n|-resisted|p2b: Zamazenta\n|-crit|p2b: Zamazenta\n|-damage|p2a: Rillaboom|44/100\n|-damage|p2b: Zamazenta|27/100\n|move|p2a: Rillaboom|Wood Hammer|p1b: Calyrex\n|-damage|p1b: Calyrex|31/100\n|-damage|p2a: Rillaboom|29/100|[from] Recoil\n|move|p1a: Kyogre|Thunder|p2a: Rillaboom\n|-supereffective|p2a: Rillaboom\n|-damage|p2a: Rillaboom|0 fnt\n|faint|p2a: Rillaboom\n|move|p2b: Zamazenta|Body Press|p1b: Calyrex\n|-crit|p1b: Calyrex\n|-damage|p1b: Calyrex|0 fnt\n|faint|p1b: Calyrex\n|\n|-weather|RainDance|[upkeep]\n|-heal|p1a: Kyogre|67/100|[from] Grassy Terrain\n|-heal|p2b: Zamazenta|33/100|[from] Grassy Terrain\n|upkeep\n|\n|t:|1769233613\n|switch|p2a: Urshifu|Urshifu-Rapid-Strike, L50, F|34/100\n|turn|7\n|\n|t:|1769233637\n|move|p2b: Zamazenta|Wide Guard|p2b: Zamazenta\n|-singleturn|p2b: Zamazenta|Wide Guard\n|move|p1a: Kyogre|Origin Pulse|p2b: Zamazenta|[spread] \n|-activate|p2a: Urshifu|move: Wide Guard\n|-activate|p2b: Zamazenta|move: Wide Guard\n|move|p2a: Urshifu|Close Combat|p1a: Kyogre\n|-damage|p1a: Kyogre|2/100\n|-unboost|p2a: Urshifu|def|1\n|-unboost|p2a: Urshifu|spd|1\n|\n|-weather|RainDance|[upkeep]\n|-heal|p1a: Kyogre|8/100|[from] Grassy Terrain\n|-heal|p2b: Zamazenta|39/100|[from] Grassy Terrain\n|-heal|p2a: Urshifu|39/100|[from] Grassy Terrain\n|upkeep\n|turn|8\n|\n|t:|1769233662\n|move|p2b: Zamazenta|Wide Guard|p2b: Zamazenta\n|-singleturn|p2b: Zamazenta|Wide Guard\n|move|p1a: Kyogre|Thunder|p2a: Urshifu\n|-supereffective|p2a: Urshifu\n|-damage|p2a: Urshifu|0 fnt\n|faint|p2a: Urshifu\n|\n|-weather|RainDance|[upkeep]\n|-heal|p1a: Kyogre|14/100|[from] Grassy Terrain\n|-heal|p2b: Zamazenta|46/100|[from] Grassy Terrain\n|-fieldend|move: Trick Room\n|upkeep\n|turn|9\n|\n|t:|1769233675\n|move|p2b: Zamazenta|Body Press|p1a: Kyogre\n|-damage|p1a: Kyogre|0 fnt\n|faint|p1a: Kyogre\n|\n|win|JOOLA\n|raw|ky123456's rating: 1331 &rarr; <strong>1314</strong><br />(-17 for losing)\n|raw|JOOLA's rating: 1382 &rarr; <strong>1399</strong><br />(+17 for winning)\n|l|\u2606ky123456\n|player|p1|\n|l|\u2606JOOLA\n|player|p2|\n","uploadtime":1769233928,"views":16,"formatid":"gen9vgc2026regi","rating":1314,"private":0,"password":null}