{"id":"gen9vgc2026regi-2520674117","format":"[Gen 9] VGC 2026 Reg I","players":["dasabe\u76d6\u6b27\u5361\u4fa0","j0l0k0"],"log":"|j|\u2606dasabe\u76d6\u6b27\u5361\u4fa0\n|j|\u2606j0l0k0\n|t:|1768669854\n|gametype|doubles\n|player|p1|dasabe\u76d6\u6b27\u5361\u4fa0|may-masters4|1506\n|player|p2|j0l0k0|brycen|1426\n|gen|9\n|tier|[Gen 9] VGC 2026 Reg I\n|rated|\n|rule|Species Clause: Limit one of each Pok\u00e9mon\n|rule|Item Clause: Limit 1 of each item\n|clearpoke\n|poke|p1|Kyogre, L50|\n|poke|p1|Miraidon, L50|\n|poke|p1|Whimsicott, L50, F|\n|poke|p1|Iron Hands, L50|\n|poke|p1|Farigiraf, L50, F|\n|poke|p1|Urshifu-*, L50, M|\n|poke|p2|Calyrex-Ice, L50|\n|poke|p2|Kyogre, L50|\n|poke|p2|Indeedee-F, L50, F|\n|poke|p2|Urshifu-*, L50, F|\n|poke|p2|Amoonguss, L50, F|\n|poke|p2|Landorus, L50, M|\n|teampreview|4\n|inactive|Battle timer is ON: inactive players will automatically lose when time's up. (requested by j0l0k0)\n|inactive|j0l0k0 has 60 seconds left.\n|\n|t:|1768669886\n|teamsize|p1|4\n|teamsize|p2|4\n|start\n|switch|p1a: \u5996\u820d\u7cbe\u62c9|Whimsicott, L50, F, shiny|100/100\n|switch|p1b: \u6210\u90fd\u8001\u76d6|Kyogre, L50, shiny|100/100\n|switch|p2a: Kyogre|Kyogre, L50, shiny|100/100\n|switch|p2b: Urshifu|Urshifu, L50, F|100/100\n|-weather|RainDance|[from] ability: Drizzle|[of] p1b: \u6210\u90fd\u8001\u76d6\n|turn|1\n|\n|t:|1768669900\n|-terastallize|p2a: Kyogre|Grass\n|move|p2b: Urshifu|Protect|p2b: Urshifu\n|-singleturn|p2b: Urshifu|Protect\n|move|p1a: \u5996\u820d\u7cbe\u62c9|Tailwind|p1a: \u5996\u820d\u7cbe\u62c9\n|-sidestart|p1: dasabe\u76d6\u6b27\u5361\u4fa0|move: Tailwind\n|move|p1b: \u6210\u90fd\u8001\u76d6|Origin Pulse|p2b: Urshifu|[spread] p2a\n|-activate|p2b: Urshifu|move: Protect\n|-resisted|p2a: Kyogre\n|-damage|p2a: Kyogre|76/100\n|move|p2a: Kyogre|Thunder|p1b: \u6210\u90fd\u8001\u76d6\n|-supereffective|p1b: \u6210\u90fd\u8001\u76d6\n|-damage|p1b: \u6210\u90fd\u8001\u76d6|23/100\n|\n|-weather|RainDance|[upkeep]\n|upkeep\n|turn|2\n|inactive|j0l0k0 has 30 seconds left.\n|inactive|j0l0k0 has 20 seconds left.\n|inactive|j0l0k0 has 15 seconds left.\n|inactive|j0l0k0 has 10 seconds left.\n|\n|t:|1768669947\n|switch|p1b: \u94f6\u91d1\u5996\u86c7|Miraidon, L50, shiny|100/100\n|-fieldstart|move: Electric Terrain|[from] ability: Hadron Engine|[of] p1b: \u94f6\u91d1\u5996\u86c7\n|move|p1a: \u5996\u820d\u7cbe\u62c9|Encore|p2a: Kyogre\n|-start|p2a: Kyogre|Encore\n|move|p2b: Urshifu|Poison Jab|p1a: \u5996\u820d\u7cbe\u62c9\n|-supereffective|p1a: \u5996\u820d\u7cbe\u62c9\n|-enditem|p1a: \u5996\u820d\u7cbe\u62c9|Focus Sash\n|-damage|p1a: \u5996\u820d\u7cbe\u62c9|1/100\n|move|p2a: Kyogre|Thunder|p1b: \u94f6\u91d1\u5996\u86c7\n|-resisted|p1b: \u94f6\u91d1\u5996\u86c7\n|-damage|p1b: \u94f6\u91d1\u5996\u86c7|87/100\n|\n|-weather|RainDance|[upkeep]\n|upkeep\n|turn|3\n|inactive|j0l0k0 has 30 seconds left.\n|\n|t:|1768669978\n|switch|p1a: \u4e94\u5bfc\u718a\u6e7f|Urshifu, L50, M|100/100\n|switch|p2b: Landorus|Landorus, L50, M, shiny|100/100\n|-terastallize|p1b: \u94f6\u91d1\u5996\u86c7|Fairy\n|move|p1b: \u94f6\u91d1\u5996\u86c7|Dazzling Gleam|p2a: Kyogre|[spread] p2a,p2b\n|-damage|p2a: Kyogre|52/100\n|-damage|p2b: Landorus|33/100\n|-damage|p1b: \u94f6\u91d1\u5996\u86c7|77/100|[from] item: Life Orb\n|move|p2a: Kyogre|Thunder|p1a: \u4e94\u5bfc\u718a\u6e7f\n|-damage|p1a: \u4e94\u5bfc\u718a\u6e7f|8/100\n|\n|-weather|RainDance|[upkeep]\n|upkeep\n|turn|4\n|\n|t:|1768669993\n|move|p2b: Landorus|Protect|p2b: Landorus\n|-singleturn|p2b: Landorus|Protect\n|move|p1b: \u94f6\u91d1\u5996\u86c7|Dazzling Gleam|p2a: Kyogre|[spread] p2a\n|-activate|p2b: Landorus|move: Protect\n|-damage|p2a: Kyogre|24/100\n|-damage|p1b: \u94f6\u91d1\u5996\u86c7|68/100|[from] item: Life Orb\n|move|p1a: \u4e94\u5bfc\u718a\u6e7f|Wicked Blow|p2a: Kyogre\n|-crit|p2a: Kyogre\n|-damage|p2a: Kyogre|0 fnt\n|faint|p2a: Kyogre\n|\n|-weather|RainDance|[upkeep]\n|-sideend|p1: dasabe\u76d6\u6b27\u5361\u4fa0|move: Tailwind\n|upkeep\n|\n|t:|1768670010\n|switch|p2a: Urshifu|Urshifu, L50, F|100/100\n|turn|5\n|\n|t:|1768670016\n|move|p1b: \u94f6\u91d1\u5996\u86c7|Dazzling Gleam|p2b: Landorus|[spread] p2a,p2b\n|-supereffective|p2a: Urshifu\n|-crit|p2b: Landorus\n|-enditem|p2a: Urshifu|Focus Sash\n|-damage|p2a: Urshifu|1/100\n|-damage|p2b: Landorus|0 fnt\n|faint|p2b: Landorus\n|-damage|p1b: \u94f6\u91d1\u5996\u86c7|58/100|[from] item: Life Orb\n|move|p1a: \u4e94\u5bfc\u718a\u6e7f|Wicked Blow|p2a: Urshifu\n|-resisted|p2a: Urshifu\n|-crit|p2a: Urshifu\n|-damage|p2a: Urshifu|0 fnt\n|faint|p2a: Urshifu\n|\n|-weather|none\n|upkeep\n|\n|t:|1768670027\n|switch|p2b: Calyrex|Calyrex-Ice, L50|100/100\n|-ability|p2b: Calyrex|As One\n|-ability|p2b: Calyrex|Unnerve\n|turn|6\n|\n|t:|1768670032\n|move|p1b: \u94f6\u91d1\u5996\u86c7|Electro Drift|p2b: Calyrex\n|-damage|p2b: Calyrex|14/100\n|-damage|p1b: \u94f6\u91d1\u5996\u86c7|48/100|[from] item: Life Orb\n|move|p1a: \u4e94\u5bfc\u718a\u6e7f|Wicked Blow|p2b: Calyrex\n|-supereffective|p2b: Calyrex\n|-crit|p2b: Calyrex\n|-damage|p2b: Calyrex|0 fnt\n|faint|p2b: Calyrex\n|\n|win|dasabe\u76d6\u6b27\u5361\u4fa0\n|raw|dasabe\u76d6\u6b27\u5361\u4fa0's rating: 1506 &rarr; <strong>1521</strong><br />(+15 for winning)\n|raw|j0l0k0's rating: 1426 &rarr; <strong>1411</strong><br />(-15 for losing)\n|l|\u2606j0l0k0\n|player|p2|\n|l|\u2606dasabe\u76d6\u6b27\u5361\u4fa0\n|player|p1|\n","uploadtime":1768670300,"views":17,"formatid":"gen9vgc2026regi","rating":1411,"private":0,"password":null}