{"id":"gen9vgc2026regi-2521151552","format":"[Gen 9] VGC 2026 Reg I","players":["DaWormGod","blackred123"],"log":"|j|\u2606DaWormGod\n|j|\u2606blackred123\n|t:|1768738576\n|gametype|doubles\n|player|p1|DaWormGod|n|1196\n|player|p2|blackred123|iono-masters|1296\n|gen|9\n|tier|[Gen 9] VGC 2026 Reg I\n|rated|\n|rule|Species Clause: Limit one of each Pok\u00e9mon\n|rule|Item Clause: Limit 1 of each item\n|clearpoke\n|poke|p1|Groudon, L50|\n|poke|p1|Reshiram, L50|\n|poke|p1|Zoroark-Hisui, L50, M|\n|poke|p1|Sableye, L50, F|\n|poke|p1|Flutter Mane, L50|\n|poke|p1|Leafeon, L50, M|\n|poke|p2|Calyrex-Ice, L50|\n|poke|p2|Lunala, L50|\n|poke|p2|Smeargle, L50, F|\n|poke|p2|Torkoal, L50, M|\n|poke|p2|Urshifu-*, L50, F|\n|poke|p2|Indeedee-F, L50, F|\n|teampreview|4\n|inactive|Battle timer is ON: inactive players will automatically lose when time's up. (requested by blackred123)\n|inactive|blackred123 has 60 seconds left.\n|\n|t:|1768738613\n|teamsize|p1|4\n|teamsize|p2|4\n|start\n|switch|p1a: Reshiram|Reshiram, L50|100/100\n|switch|p1b: Groudon|Groudon, L50|100/100\n|switch|p2a: \u9e7f\u51a0\u738b|Calyrex-Ice, L50|100/100\n|switch|p2b: \u53f2\u9a6c\u72d7|Smeargle, L50, F|100/100\n|-ability|p2a: \u9e7f\u51a0\u738b|As One\n|-ability|p2a: \u9e7f\u51a0\u738b|Unnerve\n|-ability|p1a: Reshiram|Turboblaze\n|-weather|SunnyDay|[from] ability: Drought|[of] p1b: Groudon\n|turn|1\n|\n|t:|1768738626\n|-terastallize|p2a: \u9e7f\u51a0\u738b|Fire\n|move|p2b: \u53f2\u9a6c\u72d7|Fake Out|p1b: Groudon\n|-damage|p1b: Groudon|97/100\n|move|p1a: Reshiram|Fusion Flare|p2a: \u9e7f\u51a0\u738b\n|-resisted|p2a: \u9e7f\u51a0\u738b\n|-damage|p2a: \u9e7f\u51a0\u738b|54/100\n|cant|p1b: Groudon|flinch\n|move|p2a: \u9e7f\u51a0\u738b|Trick Room|p2a: \u9e7f\u51a0\u738b\n|-fieldstart|move: Trick Room|[of] p2a: \u9e7f\u51a0\u738b\n|\n|-weather|SunnyDay|[upkeep]\n|-ability|p2b: \u53f2\u9a6c\u72d7|Moody|boost\n|-boost|p2b: \u53f2\u9a6c\u72d7|spd|2\n|-unboost|p2b: \u53f2\u9a6c\u72d7|atk|1\n|upkeep\n|turn|2\n|\n|t:|1768738645\n|move|p2a: \u9e7f\u51a0\u738b|Glacial Lance|p1a: Reshiram|[spread] p1a,p1b\n|-supereffective|p1b: Groudon\n|-damage|p1a: Reshiram|44/100\n|-damage|p1b: Groudon|27/100\n|move|p1b: Groudon|Precipice Blades|p2b: \u53f2\u9a6c\u72d7|[spread] p2a\n|-miss|p1b: Groudon|p2b: \u53f2\u9a6c\u72d7\n|-supereffective|p2a: \u9e7f\u51a0\u738b\n|-damage|p2a: \u9e7f\u51a0\u738b|0 fnt\n|faint|p2a: \u9e7f\u51a0\u738b\n|move|p2b: \u53f2\u9a6c\u72d7|Spore|p1b: Groudon\n|-status|p1b: Groudon|slp|[from] move: Spore\n|move|p1a: Reshiram|Fusion Flare|p2b: \u53f2\u9a6c\u72d7\n|-enditem|p2b: \u53f2\u9a6c\u72d7|Focus Sash\n|-damage|p2b: \u53f2\u9a6c\u72d7|1/100\n|\n|-weather|SunnyDay|[upkeep]\n|-ability|p2b: \u53f2\u9a6c\u72d7|Moody|boost\n|-boost|p2b: \u53f2\u9a6c\u72d7|spa|2\n|-unboost|p2b: \u53f2\u9a6c\u72d7|spe|1\n|upkeep\n|\n|t:|1768738654\n|switch|p2a: \u6708\u4eae|Lunala, L50|100/100\n|turn|3\n|\n|t:|1768738663\n|switch|p1a: Reshiram|Reshiram, L50|100/100\n|move|p2b: \u53f2\u9a6c\u72d7|Decorate|p2a: \u6708\u4eae\n|-boost|p2a: \u6708\u4eae|atk|2\n|-boost|p2a: \u6708\u4eae|spa|2\n|cant|p1b: Groudon|slp\n|move|p2a: \u6708\u4eae|Moongeist Beam|p1a: Reshiram\n|-immune|p1a: Reshiram\n|\n|-weather|SunnyDay|[upkeep]\n|-ability|p2b: \u53f2\u9a6c\u72d7|Moody|boost\n|-boost|p2b: \u53f2\u9a6c\u72d7|spd|2\n|-unboost|p2b: \u53f2\u9a6c\u72d7|def|1\n|upkeep\n|turn|4\n|j| Yancy0902\u56fe\u56fe\u72ac\u4fa0\n|inactive|DaWormGod has 30 seconds left.\n|\n|t:|1768738689\n|move|p2b: \u53f2\u9a6c\u72d7|Spore|p1a: Reshiram\n|-status|p1a: Reshiram|slp|[from] move: Spore\n|cant|p1b: Groudon|slp\n|move|p2a: \u6708\u4eae|Moongeist Beam|p1b: Groudon\n|-damage|p1b: Groudon|0 fnt\n|faint|p1b: Groudon\n|cant|p1a: Reshiram|slp\n|\n|-weather|SunnyDay|[upkeep]\n|-ability|p2b: \u53f2\u9a6c\u72d7|Moody|boost\n|-boost|p2b: \u53f2\u9a6c\u72d7|def|2\n|-unboost|p2b: \u53f2\u9a6c\u72d7|spa|1\n|upkeep\n|\n|t:|1768738701\n|switch|p1b: Flutter Mane|Flutter Mane, L50|100/100\n|-activate|p1b: Flutter Mane|ability: Protosynthesis\n|-start|p1b: Flutter Mane|protosynthesisspa\n|turn|5\n|\n|t:|1768738724\n|move|p2b: \u53f2\u9a6c\u72d7|Spore|p1b: Flutter Mane\n|-status|p1b: Flutter Mane|slp|[from] move: Spore\n|move|p2a: \u6708\u4eae|Meteor Beam||[still]\n|-prepare|p2a: \u6708\u4eae|Meteor Beam\n|-boost|p2a: \u6708\u4eae|spa|1\n|-enditem|p2a: \u6708\u4eae|Power Herb\n|-anim|p2a: \u6708\u4eae|Meteor Beam|p1a: Reshiram\n|-damage|p1a: Reshiram|0 fnt\n|replace|p1a: Zoroark|Zoroark-Hisui, L50, M\n|-end|p1a: Zoroark|Illusion\n|faint|p1a: Zoroark\n|cant|p1b: Flutter Mane|slp\n|\n|-weather|none\n|-end|p1b: Flutter Mane|Protosynthesis\n|-fieldend|move: Trick Room\n|-ability|p2b: \u53f2\u9a6c\u72d7|Moody|boost\n|-boost|p2b: \u53f2\u9a6c\u72d7|spe|2\n|-unboost|p2b: \u53f2\u9a6c\u72d7|def|1\n|upkeep\n|\n|t:|1768738733\n|switch|p1a: Reshiram|Reshiram, L50|44/100\n|-ability|p1a: Reshiram|Turboblaze\n|turn|6\n|inactive|DaWormGod has 30 seconds left.\n|\n|t:|1768738758\n|-terastallize|p1a: Reshiram|Dragon\n|cant|p1b: Flutter Mane|slp\n|move|p2b: \u53f2\u9a6c\u72d7|Spore|p1a: Reshiram\n|-status|p1a: Reshiram|slp|[from] move: Spore\n|cant|p1a: Reshiram|slp\n|move|p2a: \u6708\u4eae|Moongeist Beam|p1b: Flutter Mane\n|-supereffective|p1b: Flutter Mane\n|-damage|p1b: Flutter Mane|0 fnt\n|faint|p1b: Flutter Mane\n|-end|p1b: Flutter Mane|Protosynthesis|[silent]\n|\n|-ability|p2b: \u53f2\u9a6c\u72d7|Moody|boost\n|-boost|p2b: \u53f2\u9a6c\u72d7|spa|2\n|-unboost|p2b: \u53f2\u9a6c\u72d7|spd|1\n|upkeep\n|turn|7\n|-message|DaWormGod forfeited.\n|\n|win|blackred123\n|raw|DaWormGod's rating: 1196 &rarr; <strong>1178</strong><br />(-18 for losing)\n|raw|blackred123's rating: 1296 &rarr; <strong>1314</strong><br />(+18 for winning)\n|l|\u2606DaWormGod\n|player|p1|\n|l| Yancy0902\u56fe\u56fe\u72ac\u4fa0\n|j| Yancy0902\u56fe\u56fe\u72ac\u4fa0\n|l| Yancy0902\u56fe\u56fe\u72ac\u4fa0\n","uploadtime":1768738791,"views":13,"formatid":"gen9vgc2026regi","rating":1178,"private":0,"password":null}