{"id":"gen9vgc2026regi-2590941071","format":"[Gen 9] VGC 2026 Reg I","players":["Realfrytki","DannyDayChurch"],"log":"|j|\u2606Realfrytki\n|j|\u2606DannyDayChurch\n|t:|1776863284\n|gametype|doubles\n|player|p1|Realfrytki|veteranf|1600\n|player|p2|DannyDayChurch|guitarist-gen4|1542\n|gen|9\n|tier|[Gen 9] VGC 2026 Reg I\n|rated|\n|rule|Species Clause: Limit one of each Pok\u00e9mon\n|rule|Item Clause: Limit 1 of each item\n|clearpoke\n|poke|p1|Calyrex-Shadow, L50|\n|poke|p1|Terapagos, L50, M|\n|poke|p1|Iron Hands, L50|\n|poke|p1|Chi-Yu, L50|\n|poke|p1|Smeargle, L50, F|\n|poke|p1|Whimsicott, L50, M|\n|poke|p2|Whimsicott, L50, F|\n|poke|p2|Kyogre, L50|\n|poke|p2|Urshifu-*, L50, M|\n|poke|p2|Ursaluna-Bloodmoon, L50, M|\n|poke|p2|Miraidon, L50|\n|poke|p2|Incineroar, L50, M|\n|teampreview|4\n|inactive|Battle timer is ON: inactive players will automatically lose when time's up. (requested by DannyDayChurch)\nDannyDayChurch rejected open team sheets.\n|\n|t:|1776863306\n|teamsize|p1|4\n|teamsize|p2|4\n|start\n|switch|p1a: Smeargle|Smeargle, L50, F|100/100\n|switch|p1b: Terapagos|Terapagos, L50, M|100/100\n|switch|p2a: Whimsicott|Whimsicott, L50, F, shiny|100/100\n|switch|p2b: Urshifu|Urshifu-Rapid-Strike, L50, M|100/100\n|-activate|p1b: Terapagos|ability: Tera Shift\n|detailschange|p1b: Terapagos|Terapagos-Terastal, L50, M\n|-heal|p1b: Terapagos|100/100|[silent]\n|turn|1\n|\n|t:|1776863320\n|move|p2b: Urshifu|Detect|p2b: Urshifu\n|-singleturn|p2b: Urshifu|Protect\n|move|p1a: Smeargle|Fake Out|p2b: Urshifu\n|-activate|p2b: Urshifu|move: Protect\n|move|p2a: Whimsicott|Moonblast|p1a: Smeargle\n|-damage|p1a: Smeargle|19/100\n|move|p1b: Terapagos|Tera Starstorm|p2b: Urshifu\n|-activate|p2b: Urshifu|move: Protect\n|\n|-ability|p1a: Smeargle|Moody|boost\n|-boost|p1a: Smeargle|spe|2\n|-unboost|p1a: Smeargle|spa|1\n|upkeep\n|turn|2\n|\n|t:|1776863341\n|move|p1a: Smeargle|Follow Me|p1a: Smeargle\n|-singleturn|p1a: Smeargle|move: Follow Me\n|move|p2b: Urshifu|Aqua Jet|p1a: Smeargle\n|-crit|p1a: Smeargle\n|-damage|p1a: Smeargle|0 fnt\n|faint|p1a: Smeargle\n|move|p2a: Whimsicott|Moonblast|p1b: Terapagos\n|-activate|p1b: Terapagos|ability: Tera Shell\n|-resisted|p1b: Terapagos\n|-damage|p1b: Terapagos|83/100\n|move|p1b: Terapagos|Tera Starstorm|p2b: Urshifu\n|-damage|p2b: Urshifu|0 fnt\n|faint|p2b: Urshifu\n|\n|upkeep\n|\n|t:|1776863358\n|switch|p2b: Miraidon|Miraidon, L50, shiny|100/100\n|switch|p1a: Whimsicott|Whimsicott, L50, M|100/100\n|-fieldstart|move: Electric Terrain|[from] ability: Hadron Engine|[of] p2b: Miraidon\n|turn|3\n|\n|t:|1776863371\n|-terastallize|p1b: Terapagos|Stellar\n|detailschange|p1b: Terapagos|Terapagos-Stellar, L50, M, tera:Stellar\n|-heal|p1b: Terapagos|88/100|[silent]\n|-ability|p1b: Terapagos|Teraform Zero\n|-fieldend|move: Electric Terrain\n|move|p2a: Whimsicott|Tailwind|p2a: Whimsicott\n|-sidestart|p2: DannyDayChurch|move: Tailwind\n|move|p1a: Whimsicott|Tailwind|p1a: Whimsicott\n|-sidestart|p1: Realfrytki|move: Tailwind\n|move|p2b: Miraidon|Electro Drift|p1b: Terapagos\n|-damage|p1b: Terapagos|45/100\n|move|p1b: Terapagos|Tera Starstorm|p2a: Whimsicott|[spread] p2a,p2b\n|-crit|p2a: Whimsicott\n|-enditem|p2a: Whimsicott|Focus Sash\n|-damage|p2a: Whimsicott|1/100\n|-damage|p2b: Miraidon|46/100\n|\n|upkeep\n|turn|4\n|inactive|DannyDayChurch has 30 seconds left.\n|\n|t:|1776863400\n|move|p2b: Miraidon|Volt Switch|p1b: Terapagos\n|-damage|p1b: Terapagos|14/100\n|\n|t:|1776863403\n|switch|p2b: Kyogre|Kyogre, L50|100/100|[from] Volt Switch\n|-weather|RainDance|[from] ability: Drizzle|[of] p2b: Kyogre\n|move|p2a: Whimsicott|Endeavor|p1a: Whimsicott\n|-damage|p1a: Whimsicott|1/100\n|move|p1a: Whimsicott|Moonblast|p2a: Whimsicott\n|-damage|p2a: Whimsicott|0 fnt\n|faint|p2a: Whimsicott\n|move|p1b: Terapagos|Tera Starstorm|p2b: Kyogre\n|-damage|p2b: Kyogre|43/100\n|\n|-weather|RainDance|[upkeep]\n|upkeep\n|\n|t:|1776863419\n|switch|p2a: Miraidon|Miraidon, L50, shiny|46/100\n|-fieldstart|move: Electric Terrain|[from] ability: Hadron Engine|[of] p2a: Miraidon\n|turn|5\n|\n|t:|1776863430\n|move|p1a: Whimsicott|Fake Tears|p2b: Kyogre\n|-unboost|p2b: Kyogre|spd|2\n|move|p2a: Miraidon|Electro Drift|p1a: Whimsicott\n|-resisted|p1a: Whimsicott\n|-damage|p1a: Whimsicott|0 fnt\n|faint|p1a: Whimsicott\n|move|p2b: Kyogre|Origin Pulse|p1b: Terapagos\n|-crit|p1b: Terapagos\n|-damage|p1b: Terapagos|0 fnt\n|faint|p1b: Terapagos\n|detailschange|p1: Terapagos|Terapagos, L50, M|[silent]\n|\n|-weather|RainDance|[upkeep]\n|upkeep\n|\n|t:|1776863441\n|switch|p1b: Calyrex|Calyrex-Shadow, L50|100/100\n|-ability|p1b: Calyrex|As One\n|-ability|p1b: Calyrex|Unnerve\n|turn|6\n|\n|t:|1776863451\n|move|p1b: Calyrex|Astral Barrage|p2b: Kyogre|[spread] p2a,p2b\n|-damage|p2a: Miraidon|0 fnt\n|-damage|p2b: Kyogre|0 fnt\n|faint|p2a: Miraidon\n|faint|p2b: Kyogre\n|-damage|p1b: Calyrex|91/100|[from] item: Life Orb\n|\n|win|Realfrytki\n|raw|Realfrytki's rating: 1600 &rarr; <strong>1617</strong><br />(+17 for winning)\n|raw|DannyDayChurch's rating: 1542 &rarr; <strong>1525</strong><br />(-17 for losing)\n|c|\u2606DannyDayChurch|GG\n|l|\u2606Realfrytki\n|player|p1|\n|l|\u2606DannyDayChurch\n|player|p2|\n","uploadtime":1776863607,"views":12,"formatid":"gen9vgc2026regi","rating":1525,"private":0,"password":null}