{"id":"gen9vgc2026regi-2587909672","format":"[Gen 9] VGC 2026 Reg I","players":["darkest_contender","blackred123"],"log":"|j|\u2606darkest_contender\n|j|\u2606blackred123\n|t:|1776577721\n|gametype|doubles\n|player|p1|darkest_contender|cynthia-masters3|1476\n|player|p2|blackred123|iono-masters|1589\n|gen|9\n|tier|[Gen 9] VGC 2026 Reg I\n|rated|\n|rule|Species Clause: Limit one of each Pok\u00e9mon\n|rule|Item Clause: Limit 1 of each item\n|clearpoke\n|poke|p1|Calyrex-Shadow, L50|\n|poke|p1|Zamazenta-*, L50|\n|poke|p1|Ogerpon-Cornerstone, L50, F|\n|poke|p1|Flutter Mane, L50|\n|poke|p1|Whimsicott, L50, F|\n|poke|p1|Torkoal, L50, M|\n|poke|p2|Calyrex-Shadow, L50|\n|poke|p2|Zamazenta-*, L50|\n|poke|p2|Tornadus, L50, M|\n|poke|p2|Rillaboom, L50, M|\n|poke|p2|Ogerpon-Hearthflame, L50, F|\n|poke|p2|Raging Bolt, L50|\n|teampreview|4\n|inactive|Battle timer is ON: inactive players will automatically lose when time's up. (requested by blackred123)\n|\n|t:|1776577738\n|teamsize|p1|4\n|teamsize|p2|4\n|start\n|switch|p1a: Calyrex|Calyrex-Shadow, L50|100/100\n|switch|p1b: Whimsicott|Whimsicott, L50, F|100/100\n|switch|p2a: Zamazenta|Zamazenta-Crowned, L50|100/100\n|switch|p2b: Tornadus|Tornadus, L50, M|100/100\n|-ability|p1a: Calyrex|As One\n|-ability|p1a: Calyrex|Unnerve\n|-ability|p2a: Zamazenta|Dauntless Shield|boost\n|-boost|p2a: Zamazenta|def|1\n|turn|1\n|\n|t:|1776577747\n|move|p1b: Whimsicott|Tailwind|p1b: Whimsicott\n|-sidestart|p1: darkest_contender|move: Tailwind\n|move|p1a: Calyrex|Astral Barrage|p2a: Zamazenta|[spread] p2a,p2b\n|-damage|p2a: Zamazenta|58/100\n|-damage|p2b: Tornadus|37/100\n|move|p2a: Zamazenta|Heavy Slam|p1b: Whimsicott\n|-supereffective|p1b: Whimsicott\n|-damage|p1b: Whimsicott|0 fnt\n|faint|p1b: Whimsicott\n|move|p2b: Tornadus|Bleakwind Storm|p1a: Calyrex\n|-damage|p1a: Calyrex|41/100\n|-unboost|p1a: Calyrex|spe|1\n|\n|upkeep\n|\n|t:|1776577762\n|switch|p1b: Zamazenta|Zamazenta-Crowned, L50|100/100\n|-ability|p1b: Zamazenta|Dauntless Shield|boost\n|-boost|p1b: Zamazenta|def|1\n|turn|2\n|\n|t:|1776577771\n|move|p1a: Calyrex|Protect|p1a: Calyrex\n|-singleturn|p1a: Calyrex|Protect\n|move|p2b: Tornadus|Tailwind|p2b: Tornadus\n|-sidestart|p2: blackred123|move: Tailwind\n|move|p2a: Zamazenta|Heavy Slam|p1a: Calyrex\n|-activate|p1a: Calyrex|move: Protect\n|move|p1b: Zamazenta|Body Press|p2a: Zamazenta\n|-supereffective|p2a: Zamazenta\n|-damage|p2a: Zamazenta|4/100\n|\n|upkeep\n|turn|3\n|\n|t:|1776577784\n|move|p2b: Tornadus|Taunt|p1b: Zamazenta\n|-start|p1b: Zamazenta|move: Taunt\n|move|p2a: Zamazenta|Heavy Slam|p1a: Calyrex\n|-damage|p1a: Calyrex|0 fnt\n|faint|p1a: Calyrex\n|move|p1b: Zamazenta|Behemoth Bash|p2b: Tornadus\n|-damage|p2b: Tornadus|0 fnt\n|faint|p2b: Tornadus\n|\n|upkeep\n|\n|t:|1776577794\n|switch|p1a: Flutter Mane|Flutter Mane, L50|100/100\n|switch|p2b: Calyrex|Calyrex-Shadow, L50|100/100\n|-ability|p2b: Calyrex|As One\n|-ability|p2b: Calyrex|Unnerve\n|-enditem|p1a: Flutter Mane|Booster Energy\n|-activate|p1a: Flutter Mane|ability: Protosynthesis|[fromitem]\n|-start|p1a: Flutter Mane|protosynthesisspe\n|turn|4\n|\n|t:|1776577811\n|-terastallize|p1a: Flutter Mane|Fairy\n|move|p2b: Calyrex|Protect|p2b: Calyrex\n|-singleturn|p2b: Calyrex|Protect\n|move|p2a: Zamazenta|Protect|p2a: Zamazenta\n|-singleturn|p2a: Zamazenta|Protect\n|move|p1a: Flutter Mane|Moonblast|p2a: Zamazenta\n|-activate|p2a: Zamazenta|move: Protect\n|move|p1b: Zamazenta|Behemoth Bash|p2b: Calyrex\n|-activate|p2b: Calyrex|move: Protect\n|\n|-sideend|p1: darkest_contender|move: Tailwind\n|upkeep\n|turn|5\n|\n|t:|1776577821\n|-terastallize|p2b: Calyrex|Ghost\n|move|p2b: Calyrex|Astral Barrage|p1b: Zamazenta|[spread] p1a,p1b\n|-damage|p1a: Flutter Mane|22/100\n|-damage|p1b: Zamazenta|54/100\n|move|p2a: Zamazenta|Heavy Slam|p1a: Flutter Mane\n|-supereffective|p1a: Flutter Mane\n|-damage|p1a: Flutter Mane|0 fnt\n|faint|p1a: Flutter Mane\n|-end|p1a: Flutter Mane|Protosynthesis|[silent]\n|move|p1b: Zamazenta|Behemoth Bash|p2b: Calyrex\n|-damage|p2b: Calyrex|52/100\n|\n|-end|p1b: Zamazenta|move: Taunt\n|-sideend|p2: blackred123|move: Tailwind\n|upkeep\n|turn|6\n|\n|t:|1776577833\n|move|p2b: Calyrex|Astral Barrage|p1b: Zamazenta\n|-damage|p1b: Zamazenta|0 fnt\n|faint|p1b: Zamazenta\n|\n|win|blackred123\n|raw|darkest_contender's rating: 1476 &rarr; <strong>1462</strong><br />(-14 for losing)\n|raw|blackred123's rating: 1589 &rarr; <strong>1603</strong><br />(+14 for winning)\n|l|\u2606darkest_contender\n|player|p1|\n","uploadtime":1776578099,"views":6,"formatid":"gen9vgc2026regi","rating":1462,"private":0,"password":null}