{"id":"gen9vgc2026regi-2562631231","format":"[Gen 9] VGC 2026 Reg I","players":["tryashy","Highkage2"],"log":"|j|\u2606tryashy\n|j|\u203dHighkage2\n|t:|1773936305\n|gametype|doubles\n|player|p1|tryashy|dawn|1425\n|player|p2|Highkage2|doubleteam|1500\n|gen|9\n|tier|[Gen 9] VGC 2026 Reg I\n|rated|\n|rule|Species Clause: Limit one of each Pok\u00e9mon\n|rule|Item Clause: Limit 1 of each item\n|clearpoke\n|poke|p1|Groudon, L50|\n|poke|p1|Calyrex-Ice, L50|\n|poke|p1|Raging Bolt, L50|\n|poke|p1|Chi-Yu, L50|\n|poke|p1|Rillaboom, L50, F|\n|poke|p1|Gouging Fire, L50|\n|poke|p2|Incineroar, L50, M|\n|poke|p2|Calyrex-Ice, L50|\n|poke|p2|Miraidon, L50|\n|poke|p2|Farigiraf, L50, M|\n|poke|p2|Pelipper, L50, F|\n|poke|p2|Iron Treads, L50|\n|teampreview|4\n|inactive|Battle timer is ON: inactive players will automatically lose when time's up. (requested by Highkage2)\n|inactive|tryashy has 60 seconds left.\n|inactive|Highkage2 has 60 seconds left.\n|\n|t:|1773936358\n|teamsize|p1|4\n|teamsize|p2|4\n|start\n|switch|p1a: Groudon|Groudon, L50|100/100\n|switch|p1b: Gouging Fire|Gouging Fire, L50|100/100\n|switch|p2a: Incineroar|Incineroar, L50, M|100/100\n|switch|p2b: Calyrex|Calyrex-Ice, L50|100/100\n|-ability|p2b: Calyrex|As One\n|-ability|p2b: Calyrex|Unnerve\n|-weather|SunnyDay|[from] ability: Drought|[of] p1a: Groudon\n|-activate|p1b: Gouging Fire|ability: Protosynthesis\n|-start|p1b: Gouging Fire|protosynthesisdef\n|-ability|p2a: Incineroar|Intimidate|boost\n|-fail|p1a: Groudon|unboost|[from] item: Clear Amulet|[of] p1a: Groudon\n|-unboost|p1b: Gouging Fire|atk|1\n|turn|1\n|\n|t:|1773936376\n|switch|p2b: Miraidon|Miraidon, L50|100/100\n|-fieldstart|move: Electric Terrain|[from] ability: Hadron Engine|[of] p2b: Miraidon\n|move|p1a: Groudon|Protect|p1a: Groudon\n|-singleturn|p1a: Groudon|Protect\n|move|p2a: Incineroar|Fake Out|p1a: Groudon\n|-activate|p1a: Groudon|move: Protect\n|move|p1b: Gouging Fire|Howl|p1b: Gouging Fire|[spread] p1a,p1b\n|-boost|p1a: Groudon|atk|1\n|-boost|p1b: Gouging Fire|atk|1\n|\n|-weather|SunnyDay|[upkeep]\n|upkeep\n|turn|2\n|\n|t:|1773936390\n|-end|p1b: Gouging Fire|Protosynthesis|[silent]\n|switch|p1b: Rillaboom|Rillaboom, L50, F|100/100\n|-fieldstart|move: Grassy Terrain|[from] ability: Grassy Surge|[of] p1b: Rillaboom\n|move|p2b: Miraidon|Draco Meteor|p1a: Groudon\n|-damage|p1a: Groudon|8/100\n|-unboost|p2b: Miraidon|spa|2\n|move|p1a: Groudon|Precipice Blades|p2b: Miraidon|[spread] p2b\n|-miss|p1a: Groudon|p2a: Incineroar\n|-supereffective|p2b: Miraidon\n|-damage|p2b: Miraidon|0 fnt\n|faint|p2b: Miraidon\n|move|p2a: Incineroar|U-turn|p1b: Rillaboom\n|-supereffective|p1b: Rillaboom\n|-damage|p1b: Rillaboom|67/100\n|inactive|Highkage2 has 30 seconds left.\n|\n|t:|1773936418\n|switch|p2a: Iron Treads|Iron Treads, L50|100/100|[from] U-turn\n|\n|-weather|SunnyDay|[upkeep]\n|-heal|p1b: Rillaboom|72/100|[from] Grassy Terrain\n|-heal|p1a: Groudon|15/100|[from] Grassy Terrain\n|upkeep\n|\n|t:|1773936420\n|switch|p2b: Incineroar|Incineroar, L50, M|100/100\n|-ability|p2b: Incineroar|Intimidate|boost\n|-fail|p1a: Groudon|unboost|[from] item: Clear Amulet|[of] p1a: Groudon\n|-unboost|p1b: Rillaboom|atk|1\n|turn|3\n|\n|t:|1773936441\n|move|p1a: Groudon|Protect|p1a: Groudon\n|-singleturn|p1a: Groudon|Protect\n|move|p1b: Rillaboom|Fake Out|p2a: Iron Treads\n|-resisted|p2a: Iron Treads\n|-damage|p2a: Iron Treads|97/100\n|move|p2b: Incineroar|Fake Out|p1a: Groudon\n|-activate|p1a: Groudon|move: Protect\n|cant|p2a: Iron Treads|flinch\n|\n|-weather|SunnyDay|[upkeep]\n|-heal|p2a: Iron Treads|100/100|[from] Grassy Terrain\n|-heal|p1b: Rillaboom|78/100|[from] Grassy Terrain\n|-heal|p1a: Groudon|21/100|[from] Grassy Terrain\n|upkeep\n|turn|4\n|\n|t:|1773936458\n|switch|p1b: Gouging Fire|Gouging Fire, L50|100/100\n|-activate|p1b: Gouging Fire|ability: Protosynthesis\n|-start|p1b: Gouging Fire|protosynthesisdef\n|move|p2a: Iron Treads|Iron Head|p1a: Groudon\n|-crit|p1a: Groudon\n|-damage|p1a: Groudon|0 fnt\n|faint|p1a: Groudon\n|move|p2b: Incineroar|Flare Blitz|p1b: Gouging Fire\n|-resisted|p1b: Gouging Fire\n|-damage|p1b: Gouging Fire|93/100\n|-damage|p2b: Incineroar|84/100|[from] item: Rocky Helmet|[of] p1b: Gouging Fire\n|-damage|p2b: Incineroar|82/100|[from] Recoil\n|\n|-weather|SunnyDay|[upkeep]\n|-heal|p1b: Gouging Fire|99/100|[from] Grassy Terrain\n|-heal|p2b: Incineroar|88/100|[from] Grassy Terrain\n|upkeep\n|\n|t:|1773936471\n|switch|p1a: Calyrex|Calyrex-Ice, L50|100/100\n|-ability|p1a: Calyrex|As One\n|-ability|p1a: Calyrex|Unnerve\n|turn|5\n|inactive|tryashy has 30 seconds left.\n|\n|t:|1773936500\n|-end|p2a: Iron Treads|Quark Drive|[silent]\n|switch|p2a: Calyrex|Calyrex-Ice, L50|100/100\n|-ability|p2a: Calyrex|As One\n|-ability|p2a: Calyrex|Unnerve\n|-terastallize|p1a: Calyrex|Fairy\n|move|p1b: Gouging Fire|Flare Blitz|p2a: Calyrex\n|-supereffective|p2a: Calyrex\n|-damage|p2a: Calyrex|16/100\n|-damage|p1b: Gouging Fire|71/100|[from] Recoil\n|move|p2b: Incineroar|U-turn|p1a: Calyrex\n|-resisted|p1a: Calyrex\n|-damage|p1a: Calyrex|96/100\n|\n|t:|1773936513\n|switch|p2b: Iron Treads|Iron Treads, L50|100/100|[from] U-turn\n|move|p1a: Calyrex|Trick Room|p1a: Calyrex\n|-fieldstart|move: Trick Room|[of] p1a: Calyrex\n|\n|-weather|none\n|-end|p1b: Gouging Fire|Protosynthesis\n|-heal|p2a: Calyrex|22/100|[from] Grassy Terrain\n|-heal|p2a: Calyrex|28/100|[from] item: Leftovers\n|-heal|p1a: Calyrex|100/100|[from] Grassy Terrain\n|-heal|p1b: Gouging Fire|77/100|[from] Grassy Terrain\n|upkeep\n|turn|6\n|inactive|Highkage2 has 30 seconds left.\n|\n|t:|1773936545\n|-terastallize|p2b: Iron Treads|Ghost\n|move|p1a: Calyrex|Protect|p1a: Calyrex\n|-singleturn|p1a: Calyrex|Protect\n|move|p2a: Calyrex|Leech Seed|p1a: Calyrex\n|-activate|p1a: Calyrex|move: Protect\n|move|p1b: Gouging Fire|Flare Blitz|p2b: Iron Treads\n|-damage|p2b: Iron Treads|58/100\n|-damage|p1b: Gouging Fire|66/100|[from] Recoil\n|move|p2b: Iron Treads|High Horsepower|p1b: Gouging Fire\n|-supereffective|p1b: Gouging Fire\n|-damage|p1b: Gouging Fire|0 fnt\n|-damage|p2b: Iron Treads|42/100|[from] item: Rocky Helmet|[of] p1b: Gouging Fire\n|faint|p1b: Gouging Fire\n|-end|p1b: Gouging Fire|Protosynthesis|[silent]\n|\n|-heal|p2a: Calyrex|34/100|[from] Grassy Terrain\n|-heal|p2a: Calyrex|40/100|[from] item: Leftovers\n|-heal|p2b: Iron Treads|48/100|[from] Grassy Terrain\n|-fieldend|move: Grassy Terrain\n|upkeep\n|\n|t:|1773936555\n|switch|p1b: Rillaboom|Rillaboom, L50, F|78/100\n|-fieldstart|move: Grassy Terrain|[from] ability: Grassy Surge|[of] p1b: Rillaboom\n|turn|7\n|\n|t:|1773936570\n|-end|p2b: Iron Treads|Quark Drive|[silent]\n|switch|p2b: Incineroar|Incineroar, L50, M|88/100\n|-ability|p2b: Incineroar|Intimidate|boost\n|-unboost|p1a: Calyrex|atk|1\n|-unboost|p1b: Rillaboom|atk|1\n|move|p2a: Calyrex|Protect|p2a: Calyrex\n|-singleturn|p2a: Calyrex|Protect\n|move|p1b: Rillaboom|Fake Out|p2a: Calyrex\n|-activate|p2a: Calyrex|move: Protect\n|move|p1a: Calyrex|Glacial Lance|p2a: Calyrex|[spread] p2b\n|-activate|p2a: Calyrex|move: Protect\n|-resisted|p2b: Incineroar\n|-damage|p2b: Incineroar|75/100\n|\n|-heal|p2a: Calyrex|45/100|[from] Grassy Terrain\n|-heal|p2a: Calyrex|51/100|[from] item: Leftovers\n|-heal|p2b: Incineroar|81/100|[from] Grassy Terrain\n|-heal|p1b: Rillaboom|84/100|[from] Grassy Terrain\n|upkeep\n|turn|8\n|\n|t:|1773936590\n|move|p2a: Calyrex|Glacial Lance|p1b: Rillaboom|[spread] p1a,p1b\n|-supereffective|p1b: Rillaboom\n|-damage|p1a: Calyrex|72/100\n|-damage|p1b: Rillaboom|0 fnt\n|faint|p1b: Rillaboom\n|-ability|p2a: Calyrex|Chilling Neigh|boost\n|-boost|p2a: Calyrex|atk|1\n|move|p1a: Calyrex|Leech Seed|p2a: Calyrex\n|-start|p2a: Calyrex|move: Leech Seed\n|move|p2b: Incineroar|Knock Off|p1a: Calyrex\n|-resisted|p1a: Calyrex\n|-damage|p1a: Calyrex|60/100\n|-enditem|p1a: Calyrex|Leftovers|[from] move: Knock Off|[of] p2b: Incineroar\n|\n|-heal|p2a: Calyrex|57/100|[from] Grassy Terrain\n|-heal|p2a: Calyrex|63/100|[from] item: Leftovers\n|-heal|p1a: Calyrex|66/100|[from] Grassy Terrain\n|-heal|p2b: Incineroar|87/100|[from] Grassy Terrain\n|-damage|p2a: Calyrex|51/100|[from] Leech Seed|[of] p1a: Calyrex\n|-heal|p1a: Calyrex|78/100|[silent]\n|upkeep\n|turn|9\n|\n|t:|1773936611\n|move|p1a: Calyrex|Protect|p1a: Calyrex\n|-singleturn|p1a: Calyrex|Protect\n|move|p2a: Calyrex|Leech Seed|p1a: Calyrex\n|-activate|p1a: Calyrex|move: Protect\n|move|p2b: Incineroar|Flare Blitz|p1a: Calyrex\n|-activate|p1a: Calyrex|move: Protect\n|\n|-heal|p2a: Calyrex|57/100|[from] Grassy Terrain\n|-heal|p2a: Calyrex|62/100|[from] item: Leftovers\n|-heal|p1a: Calyrex|84/100|[from] Grassy Terrain\n|-heal|p2b: Incineroar|93/100|[from] Grassy Terrain\n|-damage|p2a: Calyrex|50/100|[from] Leech Seed|[of] p1a: Calyrex\n|-heal|p1a: Calyrex|96/100|[silent]\n|-fieldend|move: Trick Room\n|upkeep\n|turn|10\n|-message|tryashy forfeited.\n|\n|win|Highkage2\n|raw|tryashy's rating: 1425 &rarr; <strong>1409</strong><br />(-16 for losing)\n|raw|Highkage2's rating: 1500 &rarr; <strong>1516</strong><br />(+16 for winning)\n|l|\u2606tryashy\n|player|p1|\n","uploadtime":1773936831,"views":12,"formatid":"gen9vgc2026regi","rating":1409,"private":0,"password":null}