{"id":"gen9vgc2026regi-2549660725","format":"[Gen 9] VGC 2026 Reg I","players":["Arcangel666","lalo's pollos"],"log":"|j|\u2606Arcangel666\n|j|\u2606lalo's pollos\n|t:|1772395050\n|gametype|doubles\n|player|p1|Arcangel666|piers-masters|1498\n|player|p2|lalo's pollos|1|1520\n|gen|9\n|tier|[Gen 9] VGC 2026 Reg I\n|rated|\n|rule|Species Clause: Limit one of each Pok\u00e9mon\n|rule|Item Clause: Limit 1 of each item\n|clearpoke\n|poke|p1|Zamazenta-*, L50|\n|poke|p1|Calyrex-Shadow, L50|\n|poke|p1|Indeedee-F, L50, F|\n|poke|p1|Whimsicott, L50, F|\n|poke|p1|Incineroar, L50, M|\n|poke|p1|Urshifu-*, L50, F|\n|poke|p2|Zamazenta-*, L50|\n|poke|p2|Lunala, L50|\n|poke|p2|Rillaboom, L50, M|\n|poke|p2|Incineroar, L50, M|\n|poke|p2|Urshifu-*, L50, F|\n|poke|p2|Tornadus, L50, M|\n|teampreview|4\n|\n|t:|1772395087\n|teamsize|p1|4\n|teamsize|p2|4\n|start\n|switch|p1a: Incineroar|Incineroar, L50, M|100/100\n|switch|p1b: Calyrex|Calyrex-Shadow, L50|100/100\n|switch|p2a: Rillaboom|Rillaboom, L50, M|100/100\n|switch|p2b: Lunala|Lunala, L50|100/100\n|-ability|p1b: Calyrex|As One\n|-ability|p1b: Calyrex|Unnerve\n|-fieldstart|move: Grassy Terrain|[from] ability: Grassy Surge|[of] p2a: Rillaboom\n|-ability|p1a: Incineroar|Intimidate|boost\n|-unboost|p2a: Rillaboom|atk|1\n|-unboost|p2b: Lunala|atk|1\n|turn|1\n|\n|t:|1772395110\n|switch|p1b: Indeedee|Indeedee-F, L50, F|100/100\n|-fieldstart|move: Psychic Terrain|[from] ability: Psychic Surge|[of] p1b: Indeedee\n|-terastallize|p2b: Lunala|Fairy\n|move|p2a: Rillaboom|Fake Out|p1a: Incineroar\n|-activate|p1a: Incineroar|move: Psychic Terrain\n|move|p2b: Lunala|Calm Mind|p2b: Lunala\n|-boost|p2b: Lunala|spa|1\n|-boost|p2b: Lunala|spd|1\n|move|p1a: Incineroar|Parting Shot|p2b: Lunala\n|-unboost|p2b: Lunala|atk|1\n|-unboost|p2b: Lunala|spa|1\n|\n|t:|1772395119\n|switch|p1a: Calyrex|Calyrex-Shadow, L50|100/100|[from] Parting Shot\n|-ability|p1a: Calyrex|As One\n|-ability|p1a: Calyrex|Unnerve\n|\n|upkeep\n|turn|2\n|\n|t:|1772395127\n|-terastallize|p1a: Calyrex|Fairy\n|move|p1b: Indeedee|Helping Hand|p1a: Calyrex\n|-singleturn|p1a: Calyrex|Helping Hand|[of] p1b: Indeedee\n|move|p1a: Calyrex|Expanding Force|p2b: Lunala|[spread] p2a,p2b\n|-damage|p2a: Rillaboom|0 fnt\n|-damage|p2b: Lunala|68/100\n|faint|p2a: Rillaboom\n|-ability|p1a: Calyrex|Grim Neigh|boost\n|-boost|p1a: Calyrex|spa|1\n|-damage|p1a: Calyrex|91/100|[from] item: Life Orb\n|move|p2b: Lunala|Moonblast|p1a: Calyrex\n|-damage|p1a: Calyrex|41/100\n|-unboost|p1a: Calyrex|spa|1\n|\n|-heal|p2b: Lunala|74/100|[from] item: Leftovers\n|upkeep\n|\n|t:|1772395136\n|switch|p2a: Tornadus|Tornadus, L50, M|100/100\n|turn|3\n|\n|t:|1772395142\n|move|p1a: Calyrex|Protect|p1a: Calyrex\n|-singleturn|p1a: Calyrex|Protect\n|move|p2a: Tornadus|Bleakwind Storm|p1a: Calyrex|[spread] p1b\n|-activate|p1a: Calyrex|move: Protect\n|-damage|p1b: Indeedee|73/100\n|move|p2b: Lunala|Moonblast|p1a: Calyrex\n|-activate|p1a: Calyrex|move: Protect\n|move|p1b: Indeedee|Trick Room|p1b: Indeedee\n|-fieldstart|move: Trick Room|[of] p1b: Indeedee\n|\n|-heal|p2b: Lunala|80/100|[from] item: Leftovers\n|upkeep\n|turn|4\n|\n|t:|1772395155\n|switch|p1a: Incineroar|Incineroar, L50, M|100/100\n|-ability|p1a: Incineroar|Intimidate|boost\n|-unboost|p2a: Tornadus|atk|1\n|-unboost|p2b: Lunala|atk|1\n|move|p1b: Indeedee|Tera Blast|p2b: Lunala\n|-damage|p2b: Lunala|67/100\n|move|p2b: Lunala|Moonblast|p1a: Incineroar\n|-damage|p1a: Incineroar|65/100\n|move|p2a: Tornadus|Bleakwind Storm|p1a: Incineroar|[spread] p1a,p1b\n|-damage|p1a: Incineroar|38/100\n|-damage|p1b: Indeedee|47/100\n|-enditem|p1a: Incineroar|Sitrus Berry|[eat]\n|-heal|p1a: Incineroar|63/100|[from] item: Sitrus Berry\n|\n|-heal|p2b: Lunala|73/100|[from] item: Leftovers\n|upkeep\n|turn|5\n|\n|t:|1772395172\n|switch|p2a: Zamazenta|Zamazenta-Crowned, L50|100/100\n|-ability|p2a: Zamazenta|Dauntless Shield|boost\n|-boost|p2a: Zamazenta|def|1\n|move|p1a: Incineroar|Knock Off|p2b: Lunala\n|-resisted|p2b: Lunala\n|-damage|p2b: Lunala|57/100\n|-enditem|p2b: Lunala|Leftovers|[from] move: Knock Off|[of] p1a: Incineroar\n|move|p1b: Indeedee|Tera Blast|p2a: Zamazenta\n|-resisted|p2a: Zamazenta\n|-damage|p2a: Zamazenta|90/100\n|move|p2b: Lunala|Calm Mind|p2b: Lunala\n|-boost|p2b: Lunala|spa|1\n|-boost|p2b: Lunala|spd|1\n|\n|-fieldend|move: Psychic Terrain\n|upkeep\n|turn|6\n|\n|t:|1772395192\n|move|p2a: Zamazenta|Protect|p2a: Zamazenta\n|-singleturn|p2a: Zamazenta|Protect\n|move|p1a: Incineroar|Will-O-Wisp|p2a: Zamazenta\n|-activate|p2a: Zamazenta|move: Protect\n|move|p1b: Indeedee|Tera Blast|p2b: Lunala\n|-damage|p2b: Lunala|47/100\n|move|p2b: Lunala|Moonblast|p1a: Incineroar\n|-crit|p1a: Incineroar\n|-damage|p1a: Incineroar|0 fnt\n|faint|p1a: Incineroar\n|\n|upkeep\n|\n|t:|1772395196\n|switch|p1a: Calyrex|Calyrex-Shadow, L50, tera:Fairy|41/100\n|-ability|p1a: Calyrex|As One\n|-ability|p1a: Calyrex|Unnerve\n|turn|7\n|\n|t:|1772395207\n|switch|p1b: Zamazenta|Zamazenta-Crowned, L50|100/100\n|-ability|p1b: Zamazenta|Dauntless Shield|boost\n|-boost|p1b: Zamazenta|def|1\n|switch|p2a: Tornadus|Tornadus, L50, M|100/100\n|move|p1a: Calyrex|Protect|p1a: Calyrex\n|-singleturn|p1a: Calyrex|Protect\n|move|p2b: Lunala|Moonblast|p1b: Zamazenta\n|-damage|p1b: Zamazenta|47/100\n|\n|-fieldend|move: Trick Room\n|upkeep\n|turn|8\n|\n|t:|1772395217\n|move|p2b: Lunala|Protect|p2b: Lunala\n|-singleturn|p2b: Lunala|Protect\n|move|p2a: Tornadus|Tailwind|p2a: Tornadus\n|-sidestart|p2: lalo's pollos|move: Tailwind\n|move|p1a: Calyrex|Astral Barrage|p2a: Tornadus|[spread] p2a\n|-activate|p2b: Lunala|move: Protect\n|-enditem|p2a: Tornadus|Focus Sash\n|-damage|p2a: Tornadus|1/100\n|-damage|p1a: Calyrex|31/100|[from] item: Life Orb\n|move|p1b: Zamazenta|Heavy Slam|p2b: Lunala\n|-activate|p2b: Lunala|move: Protect\n|\n|upkeep\n|turn|9\n|\n|t:|1772395241\n|move|p1a: Calyrex|Protect|p1a: Calyrex\n|-singleturn|p1a: Calyrex|Protect\n|move|p2a: Tornadus|Bleakwind Storm|p1b: Zamazenta|[spread] \n|-activate|p1a: Calyrex|move: Protect\n|-miss|p2a: Tornadus|p1b: Zamazenta\n|move|p2b: Lunala|Moongeist Beam|p1b: Zamazenta\n|-damage|p1b: Zamazenta|0 fnt\n|faint|p1b: Zamazenta\n|\n|upkeep\n|\n|t:|1772395249\n|switch|p1b: Indeedee|Indeedee-F, L50, F|47/100\n|-fieldstart|move: Psychic Terrain|[from] ability: Psychic Surge|[of] p1b: Indeedee\n|turn|10\n|\n|t:|1772395258\n|move|p1a: Calyrex|Protect||[still]\n|-fail|p1a: Calyrex\n|move|p2a: Tornadus|Bleakwind Storm|p1b: Indeedee|[spread] p1b\n|-miss|p2a: Tornadus|p1a: Calyrex\n|-damage|p1b: Indeedee|18/100\n|move|p2b: Lunala|Moonblast|p1a: Calyrex\n|-damage|p1a: Calyrex|0 fnt\n|faint|p1a: Calyrex\n|move|p1b: Indeedee|Trick Room|p1b: Indeedee\n|-fieldstart|move: Trick Room|[of] p1b: Indeedee\n|\n|upkeep\n|turn|11\n|\n|t:|1772395267\n|move|p1b: Indeedee|Tera Blast|p2a: Tornadus\n|-damage|p2a: Tornadus|0 fnt\n|faint|p2a: Tornadus\n|move|p2b: Lunala|Moonblast|p1b: Indeedee\n|-damage|p1b: Indeedee|0 fnt\n|faint|p1b: Indeedee\n|\n|win|lalo's pollos\n|raw|Arcangel666's rating: 1498 &rarr; <strong>1479</strong><br />(-19 for losing)\n|raw|lalo&apos;s pollos's rating: 1520 &rarr; <strong>1539</strong><br />(+19 for winning)\n|l|\u2606Arcangel666\n|player|p1|\n|l|\u2606lalo's pollos\n|player|p2|\n","uploadtime":1772395538,"views":22,"formatid":"gen9vgc2026regi","rating":1479,"private":0,"password":null}