{"id":"gen9vgc2026regi-2528829556","format":"[Gen 9] VGC 2026 Reg I","players":["BellsproutFanWill","pzyxhic"],"log":"|j|\u203dBellsproutFanWill\n|j|\u2606pzyxhic\n|t:|1769709668\n|gametype|doubles\n|player|p1|BellsproutFanWill|102|1570\n|player|p2|pzyxhic|265|1342\n|gen|9\n|tier|[Gen 9] VGC 2026 Reg I\n|rated|\n|rule|Species Clause: Limit one of each Pok\u00e9mon\n|rule|Item Clause: Limit 1 of each item\n|clearpoke\n|poke|p1|Terapagos, L50, M|\n|poke|p1|Rillaboom, L50, F|\n|poke|p1|Grimmsnarl, L50, M|\n|poke|p1|Incineroar, L50, F|\n|poke|p1|Chi-Yu, L50|\n|poke|p1|Calyrex-Shadow, L50|\n|poke|p2|Calyrex-Shadow, L50|\n|poke|p2|Incineroar, L50, F|\n|poke|p2|Whimsicott, L50, F|\n|poke|p2|Urshifu-*, L50, F|\n|poke|p2|Farigiraf, L50, F|\n|poke|p2|Dialga-Origin, L50|\n|teampreview|4\n|\n|t:|1769709718\n|teamsize|p1|4\n|teamsize|p2|4\n|start\n|switch|p1a: Terapagos|Terapagos, L50, M|100/100\n|switch|p1b: Grimmsnarl|Grimmsnarl, L50, M|100/100\n|switch|p2a: Whimsicott|Whimsicott, L50, F|100/100\n|switch|p2b: Urshifu|Urshifu-Rapid-Strike, L50, F|100/100\n|-activate|p1a: Terapagos|ability: Tera Shift\n|detailschange|p1a: Terapagos|Terapagos-Terastal, L50, M\n|-heal|p1a: Terapagos|100/100|[silent]\n|turn|1\n|\n|t:|1769709736\n|move|p1b: Grimmsnarl|Reflect|p1b: Grimmsnarl\n|-sidestart|p1: BellsproutFanWill|Reflect\n|move|p2b: Urshifu|Surging Strikes|p1b: Grimmsnarl\n|-crit|p1b: Grimmsnarl\n|-damage|p1b: Grimmsnarl|77/100\n|-crit|p1b: Grimmsnarl\n|-damage|p1b: Grimmsnarl|53/100\n|-crit|p1b: Grimmsnarl\n|-damage|p1b: Grimmsnarl|28/100\n|-hitcount|p1b: Grimmsnarl|3\n|move|p2a: Whimsicott|Moonblast|p1b: Grimmsnarl\n|-supereffective|p1b: Grimmsnarl\n|-damage|p1b: Grimmsnarl|0 fnt\n|faint|p1b: Grimmsnarl\n|move|p1a: Terapagos|Tera Starstorm|p2b: Urshifu\n|-damage|p2b: Urshifu|7/100\n|\n|upkeep\n|\n|t:|1769709750\n|switch|p1b: Rillaboom|Rillaboom, L50, F|100/100\n|-fieldstart|move: Grassy Terrain|[from] ability: Grassy Surge|[of] p1b: Rillaboom\n|turn|2\n|\n|t:|1769709774\n|move|p2b: Urshifu|Detect|p2b: Urshifu\n|-singleturn|p2b: Urshifu|Protect\n|move|p2a: Whimsicott|Fake Tears|p1a: Terapagos\n|-unboost|p1a: Terapagos|spd|2\n|move|p1b: Rillaboom|Grassy Glide|p2b: Urshifu\n|-activate|p2b: Urshifu|move: Protect\n|move|p1a: Terapagos|Calm Mind|p1a: Terapagos\n|-boost|p1a: Terapagos|spa|1\n|-boost|p1a: Terapagos|spd|1\n|\n|-heal|p2b: Urshifu|13/100|[from] Grassy Terrain\n|upkeep\n|turn|3\n|\n|t:|1769709793\n|switch|p2b: Dialga|Dialga-Origin, L50|100/100\n|-ability|p2b: Dialga|Pressure\n|move|p2a: Whimsicott|Encore|p1a: Terapagos\n|-start|p1a: Terapagos|Encore\n|move|p1b: Rillaboom|Grassy Glide|p2b: Dialga\n|-resisted|p2b: Dialga\n|-damage|p2b: Dialga|93/100\n|move|p1a: Terapagos|Calm Mind|p1a: Terapagos\n|-boost|p1a: Terapagos|spa|1\n|-boost|p1a: Terapagos|spd|1\n|\n|-heal|p2b: Dialga|99/100|[from] Grassy Terrain\n|upkeep\n|turn|4\n|\n|t:|1769709812\n|move|p2a: Whimsicott|Fake Tears|p1a: Terapagos\n|-unboost|p1a: Terapagos|spd|2\n|move|p2b: Dialga|Flash Cannon|p1a: Terapagos\n|-activate|p1a: Terapagos|ability: Tera Shell\n|-resisted|p1a: Terapagos\n|-damage|p1a: Terapagos|47/100\n|move|p1a: Terapagos|Calm Mind|p1a: Terapagos\n|-boost|p1a: Terapagos|spa|1\n|-boost|p1a: Terapagos|spd|1\n|move|p1b: Rillaboom|U-turn|p2a: Whimsicott\n|-damage|p2a: Whimsicott|71/100\n|\n|t:|1769709822\n|switch|p1b: Calyrex|Calyrex-Shadow, L50|100/100|[from] U-turn\n|-ability|p1b: Calyrex|As One\n|-ability|p1b: Calyrex|Unnerve\n|\n|-heal|p2a: Whimsicott|77/100|[from] Grassy Terrain\n|-heal|p2b: Dialga|100/100|[from] Grassy Terrain\n|-heal|p1a: Terapagos|52/100|[from] Grassy Terrain\n|-heal|p1a: Terapagos|58/100|[from] item: Leftovers\n|upkeep\n|turn|5\n|\n|t:|1769709837\n|-terastallize|p1a: Terapagos|Stellar\n|detailschange|p1a: Terapagos|Terapagos-Stellar, L50, M, tera:Stellar\n|-heal|p1a: Terapagos|69/100|[silent]\n|-ability|p1a: Terapagos|Teraform Zero\n|-fieldend|move: Grassy Terrain\n|move|p2a: Whimsicott|Tailwind|p2a: Whimsicott\n|-sidestart|p2: pzyxhic|move: Tailwind\n|move|p2b: Dialga|Flash Cannon|p1a: Terapagos\n|-damage|p1a: Terapagos|15/100\n|move|p1b: Calyrex|Astral Barrage|p2b: Dialga|[spread] p2a,p2b\n|-damage|p2a: Whimsicott|21/100\n|-damage|p2b: Dialga|56/100\n|move|p1a: Terapagos|Calm Mind|p1a: Terapagos\n|-boost|p1a: Terapagos|spa|1\n|-boost|p1a: Terapagos|spd|1\n|\n|-heal|p1a: Terapagos|21/100|[from] item: Leftovers\n|-end|p1a: Terapagos|Encore\n|upkeep\n|turn|6\n|\n|t:|1769709871\n|move|p2b: Dialga|Protect|p2b: Dialga\n|-singleturn|p2b: Dialga|Protect\n|move|p2a: Whimsicott|Moonblast|p1b: Calyrex\n|-damage|p1b: Calyrex|72/100\n|move|p1b: Calyrex|Astral Barrage|p2a: Whimsicott|[spread] p2a\n|-activate|p2b: Dialga|move: Protect\n|-crit|p2a: Whimsicott\n|-damage|p2a: Whimsicott|0 fnt\n|faint|p2a: Whimsicott\n|-ability|p1b: Calyrex|Grim Neigh|boost\n|-boost|p1b: Calyrex|spa|1\n|move|p1a: Terapagos|Tera Starstorm|p2b: Dialga\n|-activate|p2b: Dialga|move: Protect\n|\n|-heal|p1a: Terapagos|27/100|[from] item: Leftovers\n|upkeep\n|\n|t:|1769709889\n|switch|p2a: Urshifu|Urshifu-Rapid-Strike, L50, F|13/100\n|turn|7\n|\n|t:|1769709909\n|switch|p1b: Rillaboom|Rillaboom, L50, F|100/100\n|-fieldstart|move: Grassy Terrain|[from] ability: Grassy Surge|[of] p1b: Rillaboom\n|-terastallize|p2a: Urshifu|Water\n|move|p1a: Terapagos|Protect|p1a: Terapagos\n|-singleturn|p1a: Terapagos|Protect\n|move|p2a: Urshifu|Surging Strikes|p1a: Terapagos\n|-crit|p1a: Terapagos\n|-damage|p1a: Terapagos|8/100\n|-crit|p1a: Terapagos\n|-damage|p1a: Terapagos|0 fnt\n|faint|p1a: Terapagos\n|detailschange|p1: Terapagos|Terapagos, L50, M|[silent]\n|-hitcount|p1: Terapagos|2\n|move|p2b: Dialga|Draco Meteor|p1b: Rillaboom|[miss]\n|-miss|p2b: Dialga|p1b: Rillaboom\n|\n|-heal|p2a: Urshifu|19/100|[from] Grassy Terrain\n|-heal|p2b: Dialga|61/100|[from] Grassy Terrain\n|upkeep\n|\n|t:|1769709925\n|switch|p1a: Calyrex|Calyrex-Shadow, L50|72/100\n|-ability|p1a: Calyrex|As One\n|-ability|p1a: Calyrex|Unnerve\n|turn|8\n|\n|t:|1769709940\n|move|p2a: Urshifu|Detect|p2a: Urshifu\n|-singleturn|p2a: Urshifu|Protect\n|move|p1b: Rillaboom|Fake Out|p2b: Dialga\n|-resisted|p2b: Dialga\n|-damage|p2b: Dialga|56/100\n|cant|p2b: Dialga|flinch\n|move|p1a: Calyrex|Astral Barrage|p2a: Urshifu|[spread] p2b\n|-activate|p2a: Urshifu|move: Protect\n|-damage|p2b: Dialga|15/100\n|\n|-heal|p2a: Urshifu|24/100|[from] Grassy Terrain\n|-heal|p2b: Dialga|21/100|[from] Grassy Terrain\n|-heal|p1a: Calyrex|78/100|[from] Grassy Terrain\n|-sideend|p1: BellsproutFanWill|Reflect\n|-sideend|p2: pzyxhic|move: Tailwind\n|upkeep\n|turn|9\n|\n|t:|1769709962\n|move|p2b: Dialga|Protect|p2b: Dialga\n|-singleturn|p2b: Dialga|Protect\n|move|p2a: Urshifu|Aqua Jet|p1a: Calyrex\n|-damage|p1a: Calyrex|39/100\n|move|p1a: Calyrex|Astral Barrage|p2a: Urshifu|[spread] p2a\n|-activate|p2b: Dialga|move: Protect\n|-damage|p2a: Urshifu|0 fnt\n|faint|p2a: Urshifu\n|-ability|p1a: Calyrex|Grim Neigh|boost\n|-boost|p1a: Calyrex|spa|1\n|move|p1b: Rillaboom|Wood Hammer|p2b: Dialga\n|-activate|p2b: Dialga|move: Protect\n|\n|-heal|p1a: Calyrex|45/100|[from] Grassy Terrain\n|-heal|p2b: Dialga|27/100|[from] Grassy Terrain\n|upkeep\n|\n|t:|1769709981\n|switch|p2a: Calyrex|Calyrex-Shadow, L50|100/100\n|-ability|p2a: Calyrex|As One\n|-ability|p2a: Calyrex|Unnerve\n|turn|10\n|\n|t:|1769709996\n|move|p1a: Calyrex|Protect|p1a: Calyrex\n|-singleturn|p1a: Calyrex|Protect\n|move|p2a: Calyrex|Astral Barrage|p1b: Rillaboom|[spread] p1b\n|-activate|p1a: Calyrex|move: Protect\n|-damage|p1b: Rillaboom|56/100\n|move|p2b: Dialga|Flash Cannon|p1b: Rillaboom\n|-damage|p1b: Rillaboom|9/100\n|move|p1b: Rillaboom|Wood Hammer|p2a: Calyrex\n|-damage|p2a: Calyrex|3/100\n|-damage|p1b: Rillaboom|0 fnt|[from] Recoil\n|faint|p1b: Rillaboom\n|\n|-heal|p2a: Calyrex|9/100|[from] Grassy Terrain\n|-heal|p1a: Calyrex|51/100|[from] Grassy Terrain\n|-heal|p2b: Dialga|32/100|[from] Grassy Terrain\n|upkeep\n|turn|11\n|\n|t:|1769710018\n|move|p2a: Calyrex|Astral Barrage|p1a: Calyrex\n|-supereffective|p1a: Calyrex\n|-damage|p1a: Calyrex|0 fnt\n|faint|p1a: Calyrex\n|\n|win|pzyxhic\n|raw|BellsproutFanWill's rating: 1570 &rarr; <strong>1538</strong><br />(-32 for losing)\n|raw|pzyxhic's rating: 1342 &rarr; <strong>1374</strong><br />(+32 for winning)\n|l|\u203dBellsproutFanWill\n|player|p1|\n|l|\u2606pzyxhic\n|player|p2|\n","uploadtime":1769710221,"views":21,"formatid":"gen9vgc2026regi","rating":1374,"private":0,"password":null}