{"id":"gen9vgc2026regi-2540632118","format":"[Gen 9] VGC 2026 Reg I","players":["BHeast42","j0l0k0"],"log":"|j|\u2606BHeast42\n|j|\u2606j0l0k0\n|t:|1771230908\n|gametype|doubles\n|player|p1|BHeast42|266|1366\n|player|p2|j0l0k0|brycen|1337\n|gen|9\n|tier|[Gen 9] VGC 2026 Reg I\n|rated|\n|rule|Species Clause: Limit one of each Pok\u00e9mon\n|rule|Item Clause: Limit 1 of each item\n|clearpoke\n|poke|p1|Koraidon, L50|\n|poke|p1|Entei, L50|\n|poke|p1|Rillaboom, L50, F|\n|poke|p1|Raging Bolt, L50|\n|poke|p1|Calyrex-Shadow, L50|\n|poke|p1|Walking Wake, L50|\n|poke|p2|Calyrex-Ice, L50|\n|poke|p2|Kyogre, L50|\n|poke|p2|Indeedee-F, L50, F|\n|poke|p2|Urshifu-*, L50, F|\n|poke|p2|Amoonguss, L50, F|\n|poke|p2|Landorus, L50, M|\n|teampreview|4\n|inactive|Battle timer is ON: inactive players will automatically lose when time's up. (requested by j0l0k0)\n|inactive|BHeast42 also wants the timer to be on.\n|\n|t:|1771230937\n|teamsize|p1|4\n|teamsize|p2|4\n|start\n|switch|p1a: Entei|Entei, L50|100/100\n|switch|p1b: Walking Wake|Walking Wake, L50|100/100\n|switch|p2a: Indeedee|Indeedee-F, L50, F, shiny|100/100\n|switch|p2b: Calyrex|Calyrex-Ice, L50|100/100\n|-ability|p2b: Calyrex|As One\n|-ability|p2b: Calyrex|Unnerve\n|-fieldstart|move: Psychic Terrain|[from] ability: Psychic Surge|[of] p2a: Indeedee\n|turn|1\n|\n|t:|1771230955\n|-end|p1b: Walking Wake|Protosynthesis|[silent]\n|switch|p1b: Koraidon|Koraidon, L50|100/100\n|-weather|SunnyDay|[from] ability: Orichalcum Pulse|[of] p1b: Koraidon\n|-activate|p1b: Koraidon|Orichalcum Pulse|[source]\n|move|p2a: Indeedee|Follow Me|p2a: Indeedee\n|-singleturn|p2a: Indeedee|move: Follow Me\n|move|p1a: Entei|Sacred Fire|p2a: Indeedee\n|-damage|p2a: Indeedee|10/100\n|-status|p2a: Indeedee|brn\n|move|p2b: Calyrex|Trick Room|p2b: Calyrex\n|-fieldstart|move: Trick Room|[of] p2b: Calyrex\n|\n|-weather|SunnyDay|[upkeep]\n|-damage|p2a: Indeedee|4/100 brn|[from] brn\n|upkeep\n|turn|2\n|\n|t:|1771230979\n|-terastallize|p2b: Calyrex|Normal\n|-terastallize|p1b: Koraidon|Fire\n|move|p2a: Indeedee|Follow Me|p2a: Indeedee\n|-singleturn|p2a: Indeedee|move: Follow Me\n|move|p2b: Calyrex|Glacial Lance|p1b: Koraidon|[spread] p1a,p1b\n|-resisted|p1a: Entei\n|-resisted|p1b: Koraidon\n|-damage|p1a: Entei|71/100\n|-damage|p1b: Koraidon|79/100\n|move|p1a: Entei|Sacred Fire|p2a: Indeedee\n|-crit|p2a: Indeedee\n|-damage|p2a: Indeedee|0 fnt\n|faint|p2a: Indeedee\n|move|p1b: Koraidon|Collision Course|p2b: Calyrex\n|-supereffective|p2b: Calyrex\n|-damage|p2b: Calyrex|0 fnt\n|faint|p2b: Calyrex\n|\n|-weather|SunnyDay|[upkeep]\n|upkeep\n|\n|t:|1771230991\n|switch|p2b: Landorus|Landorus, L50, M, shiny|100/100\n|switch|p2a: Kyogre|Kyogre, L50, shiny|100/100\n|-weather|RainDance|[from] ability: Drizzle|[of] p2a: Kyogre\n|turn|3\n|\n|t:|1771231014\n|switch|p1b: Walking Wake|Walking Wake, L50|100/100\n|move|p2a: Kyogre|Water Spout|p1b: Walking Wake|[spread] p1a,p1b\n|-supereffective|p1a: Entei\n|-resisted|p1b: Walking Wake\n|-damage|p1a: Entei|0 fnt\n|-damage|p1b: Walking Wake|70/100\n|faint|p1a: Entei\n|move|p2b: Landorus|Sandsear Storm|p1b: Walking Wake\n|-damage|p1b: Walking Wake|0 fnt\n|faint|p1b: Walking Wake\n|-end|p1b: Walking Wake|Protosynthesis|[silent]\n|\n|-weather|RainDance|[upkeep]\n|upkeep\n|\n|t:|1771231025\n|switch|p1a: Koraidon|Koraidon, L50, tera:Fire|79/100\n|switch|p1b: Calyrex|Calyrex-Shadow, L50|100/100\n|-ability|p1b: Calyrex|As One\n|-ability|p1b: Calyrex|Unnerve\n|-weather|SunnyDay|[from] ability: Orichalcum Pulse|[of] p1a: Koraidon\n|-activate|p1a: Koraidon|Orichalcum Pulse|[source]\n|turn|4\n|\n|t:|1771231046\n|move|p1a: Koraidon|Protect|p1a: Koraidon\n|-singleturn|p1a: Koraidon|Protect\n|move|p1b: Calyrex|Protect|p1b: Calyrex\n|-singleturn|p1b: Calyrex|Protect\n|move|p2a: Kyogre|Water Spout|p1a: Koraidon|[spread] \n|-activate|p1a: Koraidon|move: Protect\n|-activate|p1b: Calyrex|move: Protect\n|move|p2b: Landorus|Sandsear Storm|p1a: Koraidon|[spread] \n|-activate|p1a: Koraidon|move: Protect\n|-activate|p1b: Calyrex|move: Protect\n|\n|-weather|SunnyDay|[upkeep]\n|upkeep\n|turn|5\n|\n|t:|1771231066\n|move|p2b: Landorus|Sandsear Storm|p1b: Calyrex|[spread] p1a\n|-miss|p2b: Landorus|p1b: Calyrex\n|-supereffective|p1a: Koraidon\n|-damage|p1a: Koraidon|0 fnt\n|faint|p1a: Koraidon\n|move|p2a: Kyogre|Water Spout|p1b: Calyrex\n|-damage|p1b: Calyrex|55/100\n|move|p1b: Calyrex|Psychic|p2b: Landorus\n|-damage|p2b: Landorus|20/100\n|\n|-weather|SunnyDay|[upkeep]\n|-fieldend|move: Trick Room\n|-fieldend|move: Psychic Terrain\n|upkeep\n|turn|6\n|\n|t:|1771231080\n|move|p1b: Calyrex|Astral Barrage|p2a: Kyogre|[spread] p2a,p2b\n|-damage|p2a: Kyogre|72/100\n|-damage|p2b: Landorus|0 fnt\n|faint|p2b: Landorus\n|-ability|p1b: Calyrex|Grim Neigh|boost\n|-boost|p1b: Calyrex|spa|1\n|move|p2a: Kyogre|Ice Beam|p1b: Calyrex\n|-damage|p1b: Calyrex|20/100\n|\n|-weather|SunnyDay|[upkeep]\n|upkeep\n|turn|7\n|c|\u2606j0l0k0|ggwp\n|\n|t:|1771231093\n|move|p1b: Calyrex|Astral Barrage|p2a: Kyogre\n|-damage|p2a: Kyogre|19/100\n|move|p2a: Kyogre|Ice Beam|p1b: Calyrex\n|-damage|p1b: Calyrex|0 fnt\n|faint|p1b: Calyrex\n|\n|win|j0l0k0\n|raw|BHeast42's rating: 1366 &rarr; <strong>1344</strong><br />(-22 for losing)\n|raw|j0l0k0's rating: 1337 &rarr; <strong>1359</strong><br />(+22 for winning)\n|l|\u2606BHeast42\n|player|p1|\n|l|\u2606j0l0k0\n|player|p2|\n","uploadtime":1771231237,"views":34,"formatid":"gen9vgc2026regi","rating":1344,"private":0,"password":null}