{"id":"gen9vgc2026regi-2589683406","format":"[Gen 9] VGC 2026 Reg I","players":["Kenji OwO","lalo's pollos"],"log":"|j|\u2606Kenji OwO\n|j|\u2606lalo's pollos\n|t:|1776746819\n|gametype|doubles\n|player|p1|Kenji OwO|roxie|1326\n|player|p2|lalo's pollos|102|1512\n|gen|9\n|tier|[Gen 9] VGC 2026 Reg I\n|rated|\n|rule|Species Clause: Limit one of each Pok\u00e9mon\n|rule|Item Clause: Limit 1 of each item\n|clearpoke\n|poke|p1|Miraidon, L50|\n|poke|p1|Raichu-Alola, L50, M|\n|poke|p1|Umbreon, L50, F|\n|poke|p1|Milotic, L50, F|\n|poke|p1|Lugia, L50|\n|poke|p1|Grafaiai, L50, M|\n|poke|p2|Miraidon, L50|\n|poke|p2|Landorus, L50, M|\n|poke|p2|Incineroar, L50, M|\n|poke|p2|Iron Bundle, L50|\n|poke|p2|Farigiraf, L50, F|\n|poke|p2|Calyrex-Ice, L50|\n|teampreview|4\n|inactive|Battle timer is ON: inactive players will automatically lose when time's up. (requested by Kenji OwO)\nKenji OwO has agreed to open team sheets.\n|inactive|Kenji OwO has 60 seconds left.\nlalo's pollos has agreed to open team sheets.\n|showteam|p1|Miraidon||ElectricSeed|HadronEngine|ElectroDrift,DragonPulse,CalmMind,ParabolicCharge||||||50|,,,,,Ghost]Raichu-Alola||FocusSash|SurgeSurfer|VoltSwitch,Endeavor,Nuzzle,FakeOut|||M|||50|,,,,,Normal]Umbreon||RockyHelmet|InnerFocus|FoulPlay,Reflect,Moonlight,Snarl|||F|||50|,,,,,Poison]Milotic||Leftovers|Competitive|Scald,HelpingHand,IcyWind,LifeDew|||F|||50|,,,,,Ice]Lugia||WeaknessPolicy|Multiscale|Aeroblast,Tailwind,Recover,GigaDrain||||||50|,,,,,Grass]Grafaiai||MentalHerb|Prankster|Toxic,Copycat,SuperFang,Substitute|||M|||50|,,,,,Flying\n|showteam|p2|Miraidon||ChoiceSpecs|HadronEngine|ElectroDrift,VoltSwitch,DracoMeteor,DazzlingGleam||||||50|,,,,,Fairy]Landorus||LifeOrb|SheerForce|Protect,SandsearStorm,SludgeBomb,EarthPower|||M|||50|,,,,,Water]Incineroar||AssaultVest|Intimidate|Uturn,FakeOut,KnockOff,FlareBlitz|||M|||50|,,,,,Bug]Iron Bundle||FocusSash|QuarkDrive|IcyWind,FreezeDry,Encore,Protect||||||50|,,,,,Ghost]Farigiraf||MentalHerb|ArmorTail|HelpingHand,FoulPlay,TrickRoom,Psychic|||F|||50|,,,,,Water]Calyrex-Ice||ClearAmulet|AsOneGlastrier|Protect,GlacialLance,HighHorsepower,TrickRoom||||||50|,,,,,Water\n|\n|t:|1776746879\n|teamsize|p1|4\n|teamsize|p2|4\n|start\n|switch|p1a: Miraidon|Miraidon, L50|100/100\n|switch|p1b: Raichu|Raichu-Alola, L50, M|100/100\n|switch|p2a: Co-Star|Miraidon, L50|100/100\n|switch|p2b: the Star|Iron Bundle, L50|100/100\n|-fieldstart|move: Electric Terrain|[from] ability: Hadron Engine|[of] p2a: Co-Star\n|-activate|p2b: the Star|ability: Quark Drive\n|-start|p2b: the Star|quarkdrivespe\n|-enditem|p1a: Miraidon|Electric Seed\n|-boost|p1a: Miraidon|def|1|[from] item: Electric Seed\n|-activate|p1a: Miraidon|ability: Hadron Engine\n|turn|1\n|inactive|Kenji OwO has 30 seconds left.\n|\n|t:|1776746910\n|-end|p2b: the Star|Quark Drive|[silent]\n|switch|p2b: the Manager|Farigiraf, L50, F|100/100\n|move|p1b: Raichu|Fake Out||[still]\n|cant|p2b: the Manager|ability: Armor Tail|Fake Out|[of] p1b: Raichu\n|move|p2a: Co-Star|Draco Meteor|p1a: Miraidon\n|-supereffective|p1a: Miraidon\n|-damage|p1a: Miraidon|0 fnt\n|-unboost|p2a: Co-Star|spa|2\n|faint|p1a: Miraidon\n|\n|upkeep\n|\n|t:|1776746923\n|switch|p1a: Umbreon|Umbreon, L50, F|100/100\n|turn|2\n|\n|t:|1776746936\n|move|p2b: the Manager|Helping Hand|p2a: Co-Star\n|-singleturn|p2a: Co-Star|Helping Hand|[of] p2b: the Manager\n|move|p1b: Raichu|Volt Switch|p2b: the Manager\n|-damage|p2b: the Manager|78/100\n|\n|t:|1776746942\n|switch|p1b: Milotic|Milotic, L50, F|100/100|[from] Volt Switch\n|move|p2a: Co-Star|Draco Meteor|p1a: Umbreon\n|-damage|p1a: Umbreon|32/100\n|-unboost|p2a: Co-Star|spa|2\n|move|p1a: Umbreon|Snarl|p2a: Co-Star|[spread] p2a,p2b\n|-supereffective|p2b: the Manager\n|-damage|p2a: Co-Star|92/100\n|-damage|p2b: the Manager|64/100\n|-unboost|p2a: Co-Star|spa|1\n|-unboost|p2b: the Manager|spa|1\n|\n|upkeep\n|turn|3\n|\n|t:|1776746964\n|switch|p2a: the Star|Iron Bundle, L50|100/100\n|-activate|p2a: the Star|ability: Quark Drive\n|-start|p2a: the Star|quarkdrivespe\n|-terastallize|p1b: Milotic|Ice\n|move|p1b: Milotic|Life Dew||[still]|[spread] p1a,p1b\n|-heal|p1a: Umbreon|57/100\n|-fail|p1b: Milotic|heal\n|move|p1a: Umbreon|Snarl|p2a: the Star|[spread] p2a,p2b\n|-supereffective|p2b: the Manager\n|-damage|p2a: the Star|80/100\n|-damage|p2b: the Manager|51/100\n|-unboost|p2a: the Star|spa|1\n|-unboost|p2b: the Manager|spa|1\n|move|p2b: the Manager|Psychic|p1b: Milotic\n|-damage|p1b: Milotic|87/100\n|\n|-heal|p1b: Milotic|93/100|[from] item: Leftovers\n|upkeep\n|turn|4\n|inactive|Kenji OwO has 30 seconds left.\n|\n|t:|1776746991\n|move|p2a: the Star|Freeze-Dry|p1a: Umbreon\n|-damage|p1a: Umbreon|41/100\n|move|p1b: Milotic|Icy Wind|p2a: the Star|[spread] p2a,p2b\n|-resisted|p2a: the Star\n|-damage|p2a: the Star|71/100\n|-damage|p2b: the Manager|39/100\n|-unboost|p2a: the Star|spe|1\n|-unboost|p2b: the Manager|spe|1\n|move|p1a: Umbreon|Moonlight|p1a: Umbreon\n|-heal|p1a: Umbreon|91/100\n|move|p2b: the Manager|Psychic|p1b: Milotic\n|-damage|p1b: Milotic|81/100\n|\n|-heal|p1b: Milotic|87/100|[from] item: Leftovers\n|upkeep\n|turn|5\n|\n|t:|1776747007\n|move|p2a: the Star|Freeze-Dry|p1a: Umbreon\n|-damage|p1a: Umbreon|74/100\n|move|p1b: Milotic|Icy Wind|p2a: the Star|[spread] p2a,p2b\n|-resisted|p2a: the Star\n|-crit|p2a: the Star\n|-damage|p2a: the Star|61/100\n|-damage|p2b: the Manager|27/100\n|-unboost|p2a: the Star|spe|1\n|-unboost|p2b: the Manager|spe|1\n|move|p1a: Umbreon|Snarl|p2b: the Manager|[spread] p2a,p2b\n|-crit|p2a: the Star\n|-supereffective|p2b: the Manager\n|-damage|p2a: the Star|30/100\n|-damage|p2b: the Manager|13/100\n|-unboost|p2a: the Star|spa|1\n|-unboost|p2b: the Manager|spa|1\n|move|p2b: the Manager|Psychic|p1b: Milotic\n|-damage|p1b: Milotic|76/100\n|\n|-heal|p1b: Milotic|82/100|[from] item: Leftovers\n|-fieldend|move: Electric Terrain\n|-end|p2a: the Star|Quark Drive\n|upkeep\n|turn|6\n|\n|t:|1776747034\n|move|p1b: Milotic|Life Dew|p1b: Milotic|[spread] p1a,p1b\n|-heal|p1a: Umbreon|99/100\n|-heal|p1b: Milotic|100/100\n|move|p1a: Umbreon|Snarl|p2a: the Star|[spread] p2b\n|-miss|p1a: Umbreon|p2a: the Star\n|-supereffective|p2b: the Manager\n|-damage|p2b: the Manager|0 fnt\n|faint|p2b: the Manager\n|move|p2a: the Star|Encore|p1a: Umbreon\n|-start|p1a: Umbreon|Encore\n|\n|upkeep\n|\n|t:|1776747043\n|switch|p2b: Co-Star|Miraidon, L50|92/100\n|-fieldstart|move: Electric Terrain|[from] ability: Hadron Engine|[of] p2b: Co-Star\n|-activate|p2a: the Star|ability: Quark Drive\n|-start|p2a: the Star|quarkdrivedef\n|turn|7\n|\n|t:|1776747052\n|move|p2b: Co-Star|Electro Drift|p1a: Umbreon\n|-damage|p1a: Umbreon|0 fnt\n|-damage|p2b: Co-Star|75/100|[from] item: Rocky Helmet|[of] p1a: Umbreon\n|faint|p1a: Umbreon\n|move|p1b: Milotic|Icy Wind|p2b: Co-Star|[spread] p2a,p2b\n|-resisted|p2a: the Star\n|-supereffective|p2b: Co-Star\n|-damage|p2a: the Star|23/100\n|-damage|p2b: Co-Star|45/100\n|-unboost|p2a: the Star|spe|1\n|-unboost|p2b: Co-Star|spe|1\n|move|p2a: the Star|Encore|p1b: Milotic\n|-start|p1b: Milotic|Encore\n|\n|upkeep\n|\n|t:|1776747065\n|switch|p1a: Raichu|Raichu-Alola, L50, M|100/100\n|turn|8\n|\n|t:|1776747076\n|-end|p2a: the Star|Quark Drive|[silent]\n|switch|p2a: Landorus|Landorus, L50, M|100/100\n|-terastallize|p2b: Co-Star|Fairy\n|move|p1a: Raichu|Fake Out|p2b: Co-Star\n|-damage|p2b: Co-Star|36/100\n|cant|p2b: Co-Star|flinch\n|move|p1b: Milotic|Icy Wind|p2a: Landorus|[spread] p2a,p2b\n|-supereffective|p2a: Landorus\n|-crit|p2b: Co-Star\n|-damage|p2a: Landorus|27/100\n|-damage|p2b: Co-Star|16/100\n|-unboost|p2a: Landorus|spe|1\n|-unboost|p2b: Co-Star|spe|1\n|\n|upkeep\n|turn|9\n|\n|t:|1776747094\n|move|p2a: Landorus|Protect|p2a: Landorus\n|-singleturn|p2a: Landorus|Protect\n|move|p1a: Raichu|Volt Switch|p2b: Co-Star\n|-damage|p2b: Co-Star|0 fnt\n|faint|p2b: Co-Star\n|move|p1b: Milotic|Icy Wind|p2a: Landorus\n|-activate|p2a: Landorus|move: Protect\n|\n|upkeep\n|\n|t:|1776747096\n|switch|p2b: the Star|Iron Bundle, L50|23/100\n|-activate|p2b: the Star|ability: Quark Drive\n|-start|p2b: the Star|quarkdrivespe\n|turn|10\n|-message|lalo's pollos forfeited.\n|\n|win|Kenji OwO\n|raw|Kenji OwO's rating: 1326 &rarr; <strong>1356</strong><br />(+30 for winning)\n|raw|lalo&apos;s pollos's rating: 1527 &rarr; <strong>1497</strong><br />(-30 for losing)\n|l|\u2606lalo's pollos\n|player|p2|\n|l|\u2606Kenji OwO\n|player|p1|\n","uploadtime":1776747307,"views":9,"formatid":"gen9vgc2026regi","rating":1356,"private":0,"password":null}