{"id":"gen9vgc2026regi-2565342811","format":"[Gen 9] VGC 2026 Reg I","players":["CHR1SPHX","parrotboy"],"log":"|j|\u2606CHR1SPHX\n|j|\u2606parrotboy\n|t:|1774265567\n|gametype|doubles\n|player|p1|CHR1SPHX|hilbert|1382\n|player|p2|parrotboy|hiker-gen4|1329\n|gen|9\n|tier|[Gen 9] VGC 2026 Reg I\n|rated|\n|rule|Species Clause: Limit one of each Pok\u00e9mon\n|rule|Item Clause: Limit 1 of each item\n|clearpoke\n|poke|p1|Flutter Mane, L50|\n|poke|p1|Incineroar, L50, M|\n|poke|p1|Ursaluna-Bloodmoon, L50, M|\n|poke|p1|Amoonguss, L50, M|\n|poke|p1|Koraidon, L50|\n|poke|p1|Lunala, L50|\n|poke|p2|Kyogre, L50|\n|poke|p2|Gholdengo, L50|\n|poke|p2|Scream Tail, L50|\n|poke|p2|Zamazenta-*, L50|\n|poke|p2|Wartortle, L50, M|\n|poke|p2|Grimmsnarl, L50, M|\n|teampreview|4\n|inactive|Battle timer is ON: inactive players will automatically lose when time's up. (requested by CHR1SPHX)\nCHR1SPHX has agreed to open team sheets.\n|inactive|CHR1SPHX has 60 seconds left.\n|inactive|parrotboy has 60 seconds left.\n|\n|t:|1774265605\n|teamsize|p1|4\n|teamsize|p2|4\n|start\n|switch|p1a: Lunala|Lunala, L50, shiny|100/100\n|switch|p1b: Amoonguss|Amoonguss, L50, M, shiny|100/100\n|switch|p2a: Grimmsnarl|Grimmsnarl, L50, M|100/100\n|switch|p2b: Zamazenta|Zamazenta-Crowned, L50|100/100\n|-ability|p2b: Zamazenta|Dauntless Shield|boost\n|-boost|p2b: Zamazenta|def|1\n|turn|1\n|inactive|CHR1SPHX has 30 seconds left.\n|\n|t:|1774265640\n|-terastallize|p2b: Zamazenta|Grass\n|move|p1b: Amoonguss|Rage Powder|p1b: Amoonguss\n|-singleturn|p1b: Amoonguss|move: Rage Powder\n|move|p2b: Zamazenta|Heavy Slam|p1a: Lunala\n|-damage|p1a: Lunala|84/100\n|move|p1a: Lunala|Moonblast|p2a: Grimmsnarl\n|-supereffective|p2a: Grimmsnarl\n|-damage|p2a: Grimmsnarl|28/100\n|-unboost|p2a: Grimmsnarl|spa|1\n|move|p2a: Grimmsnarl|Throat Chop|p1b: Amoonguss\n|-damage|p1b: Amoonguss|54/100\n|-start|p1b: Amoonguss|Throat Chop|[silent]\n|-damage|p2a: Grimmsnarl|12/100|[from] item: Rocky Helmet|[of] p1b: Amoonguss\n|\n|upkeep\n|turn|2\n|inactive|CHR1SPHX has 30 seconds left.\n|\n|t:|1774265670\n|switch|p2a: Gholdengo|Gholdengo, L50|100/100\n|move|p2b: Zamazenta|Iron Defense|p2b: Zamazenta\n|-boost|p2b: Zamazenta|def|2\n|move|p1a: Lunala|Moonblast|p2a: Gholdengo\n|-resisted|p2a: Gholdengo\n|-damage|p2a: Gholdengo|88/100\n|move|p1b: Amoonguss|Pollen Puff|p1a: Lunala\n|-heal|p1a: Lunala|100/100\n|\n|-heal|p2a: Gholdengo|94/100|[from] item: Leftovers\n|-end|p1b: Amoonguss|Throat Chop|[silent]\n|upkeep\n|turn|3\n|\n|t:|1774265684\n|move|p2a: Gholdengo|Protect|p2a: Gholdengo\n|-singleturn|p2a: Gholdengo|Protect\n|move|p2b: Zamazenta|Heavy Slam|p1b: Amoonguss\n|-damage|p1b: Amoonguss|12/100\n|-damage|p2b: Zamazenta|84/100|[from] item: Rocky Helmet|[of] p1b: Amoonguss\n|move|p1a: Lunala|Moongeist Beam|p2a: Gholdengo\n|-activate|p2a: Gholdengo|move: Protect\n|move|p1b: Amoonguss|Sludge Bomb|p2b: Zamazenta\n|-supereffective|p2b: Zamazenta\n|-damage|p2b: Zamazenta|47/100\n|-status|p2b: Zamazenta|psn\n|\n|-heal|p2a: Gholdengo|99/100|[from] item: Leftovers\n|-damage|p2b: Zamazenta|35/100 psn|[from] psn\n|upkeep\n|turn|4\n|inactive|CHR1SPHX has 30 seconds left.\n|\n|t:|1774265711\n|move|p2b: Zamazenta|Heavy Slam|p1a: Lunala\n|-damage|p1a: Lunala|83/100\n|move|p1a: Lunala|Moongeist Beam|p2a: Gholdengo\n|-supereffective|p2a: Gholdengo\n|-damage|p2a: Gholdengo|22/100\n|move|p2a: Gholdengo|Shadow Ball|p1a: Lunala\n|-supereffective|p1a: Lunala\n|-damage|p1a: Lunala|0 fnt\n|faint|p1a: Lunala\n|move|p1b: Amoonguss|Sludge Bomb|p2b: Zamazenta\n|-supereffective|p2b: Zamazenta\n|-damage|p2b: Zamazenta|0 fnt\n|faint|p2b: Zamazenta\n|\n|-heal|p2a: Gholdengo|28/100|[from] item: Leftovers\n|upkeep\n|\n|t:|1774265731\n|switch|p2b: Grimmsnarl|Grimmsnarl, L50, M|12/100\n|switch|p1a: Flutter Mane|Flutter Mane, L50|100/100\n|turn|5\n|inactive|CHR1SPHX has 30 seconds left.\n|\n|t:|1774265762\n|switch|p1b: Koraidon|Koraidon, L50|100/100\n|-weather|SunnyDay|[from] ability: Orichalcum Pulse|[of] p1b: Koraidon\n|-activate|p1a: Flutter Mane|ability: Protosynthesis\n|-start|p1a: Flutter Mane|protosynthesisspe\n|-activate|p1b: Koraidon|Orichalcum Pulse|[source]\n|move|p2b: Grimmsnarl|Scary Face|p1a: Flutter Mane\n|-unboost|p1a: Flutter Mane|spe|2\n|move|p1a: Flutter Mane|Dazzling Gleam|p2b: Grimmsnarl|[spread] p2a,p2b\n|-resisted|p2a: Gholdengo\n|-supereffective|p2b: Grimmsnarl\n|-damage|p2a: Gholdengo|16/100\n|-damage|p2b: Grimmsnarl|0 fnt\n|faint|p2b: Grimmsnarl\n|move|p2a: Gholdengo|Make It Rain|p1a: Flutter Mane|[spread] p1a,p1b\n|-supereffective|p1a: Flutter Mane\n|-damage|p1a: Flutter Mane|13/100\n|-damage|p1b: Koraidon|67/100\n|-unboost|p2a: Gholdengo|spa|1\n|\n|-weather|SunnyDay|[upkeep]\n|-heal|p2a: Gholdengo|23/100|[from] item: Leftovers\n|upkeep\n|\n|t:|1774265781\n|switch|p2b: Kyogre|Kyogre, L50|100/100\n|-weather|RainDance|[from] ability: Drizzle|[of] p2b: Kyogre\n|-end|p1a: Flutter Mane|Protosynthesis\n|turn|6\n|\n|t:|1774265789\n|switch|p1b: Amoonguss|Amoonguss, L50, M, shiny|45/100\n|move|p1a: Flutter Mane|Protect|p1a: Flutter Mane\n|-singleturn|p1a: Flutter Mane|Protect\n|move|p2b: Kyogre|Water Spout|p1b: Amoonguss|[spread] p1b\n|-activate|p1a: Flutter Mane|move: Protect\n|-resisted|p1b: Amoonguss\n|-damage|p1b: Amoonguss|6/100\n|move|p2a: Gholdengo|Nasty Plot|p2a: Gholdengo\n|-boost|p2a: Gholdengo|spa|2\n|\n|-weather|RainDance|[upkeep]\n|-heal|p2a: Gholdengo|29/100|[from] item: Leftovers\n|upkeep\n|turn|7\n|\n|t:|1774265805\n|-end|p1a: Flutter Mane|Protosynthesis|[silent]\n|switch|p1a: Koraidon|Koraidon, L50|67/100\n|-weather|SunnyDay|[from] ability: Orichalcum Pulse|[of] p1a: Koraidon\n|-activate|p1a: Koraidon|Orichalcum Pulse|[source]\n|move|p2b: Kyogre|Protect|p2b: Kyogre\n|-singleturn|p2b: Kyogre|Protect\n|move|p2a: Gholdengo|Make It Rain|p1a: Koraidon|[spread] p1a,p1b\n|-damage|p1a: Koraidon|19/100\n|-damage|p1b: Amoonguss|0 fnt\n|-unboost|p2a: Gholdengo|spa|1\n|faint|p1b: Amoonguss\n|\n|-weather|SunnyDay|[upkeep]\n|-heal|p2a: Gholdengo|35/100|[from] item: Leftovers\n|upkeep\n|\n|t:|1774265807\n|switch|p1b: Flutter Mane|Flutter Mane, L50|13/100\n|-activate|p1b: Flutter Mane|ability: Protosynthesis\n|-start|p1b: Flutter Mane|protosynthesisspe\n|turn|8\n|inactive|parrotboy has 30 seconds left.\n|inactive|parrotboy has 20 seconds left.\n|\n|t:|1774265842\n|move|p1b: Flutter Mane|Shadow Ball|p2a: Gholdengo\n|-supereffective|p2a: Gholdengo\n|-damage|p2a: Gholdengo|0 fnt\n|faint|p2a: Gholdengo\n|move|p1a: Koraidon|Collision Course|p2b: Kyogre\n|-damage|p2b: Kyogre|48/100\n|move|p2b: Kyogre|Origin Pulse|p1a: Koraidon|[spread] p1a,p1b\n|-resisted|p1a: Koraidon\n|-damage|p1a: Koraidon|10/100\n|-damage|p1b: Flutter Mane|0 fnt\n|faint|p1b: Flutter Mane\n|-end|p1b: Flutter Mane|Protosynthesis|[silent]\n|\n|-weather|SunnyDay|[upkeep]\n|upkeep\n|turn|9\n|\n|t:|1774265852\n|move|p1a: Koraidon|Collision Course|p2b: Kyogre\n|-damage|p2b: Kyogre|0 fnt\n|faint|p2b: Kyogre\n|\n|win|CHR1SPHX\n|raw|CHR1SPHX's rating: 1382 &rarr; <strong>1399</strong><br />(+17 for winning)\n|raw|parrotboy's rating: 1329 &rarr; <strong>1312</strong><br />(-17 for losing)\n|c|\u2606CHR1SPHX|gg\n|l|\u2606parrotboy\n|player|p2|\n|l|\u2606CHR1SPHX\n|player|p1|\n","uploadtime":1774266113,"views":17,"formatid":"gen9vgc2026regi","rating":1312,"private":0,"password":null}