{"id":"gen9vgc2026regi-2574079611","format":"[Gen 9] VGC 2026 Reg I","players":["pauvres","huanyu0.0"],"log":"|j|\u2606pauvres\n|j|\u2606huanyu0.0\n|t:|1775198397\n|gametype|doubles\n|player|p1|pauvres|102|1372\n|player|p2|huanyu0.0|169|1488\n|gen|9\n|tier|[Gen 9] VGC 2026 Reg I\n|rated|\n|rule|Species Clause: Limit one of each Pok\u00e9mon\n|rule|Item Clause: Limit 1 of each item\n|clearpoke\n|poke|p1|Calyrex-Ice, L50|\n|poke|p1|Miraidon, L50|\n|poke|p1|Grimmsnarl, L50, M|\n|poke|p1|Urshifu-*, L50, M|\n|poke|p1|Incineroar, L50, M|\n|poke|p1|Landorus, L50, M|\n|poke|p2|Calyrex-Shadow, L50|\n|poke|p2|Zamazenta-*, L50|\n|poke|p2|Chien-Pao, L50|\n|poke|p2|Dragonite, L50, F|\n|poke|p2|Amoonguss, L50, F|\n|poke|p2|Raging Bolt, L50|\n|teampreview|4\n|inactive|Battle timer is ON: inactive players will automatically lose when time's up. (requested by pauvres)\n|j| salamstudu\n|inactive|pauvres has 60 seconds left.\n|\n|t:|1775198440\n|teamsize|p1|4\n|teamsize|p2|4\n|start\n|switch|p1a: Landorus|Landorus, L50, M|100/100\n|switch|p1b: Grimmsnarl|Grimmsnarl, L50, M|100/100\n|switch|p2a: Zamazenta|Zamazenta-Crowned, L50|100/100\n|switch|p2b: Chien-Pao|Chien-Pao, L50|100/100\n|-ability|p2b: Chien-Pao|Sword of Ruin\n|-ability|p2a: Zamazenta|Dauntless Shield|boost\n|-boost|p2a: Zamazenta|def|1\n|turn|1\n|inactive|huanyu0.0 has 30 seconds left.\n|j| countzero23333\n|inactive|huanyu0.0 has 20 seconds left.\n|\n|t:|1775198478\n|switch|p1a: Incineroar|Incineroar, L50, M|100/100\n|-ability|p1a: Incineroar|Intimidate|boost\n|-unboost|p2a: Zamazenta|atk|1\n|-unboost|p2b: Chien-Pao|atk|1\n|-terastallize|p2a: Zamazenta|Dragon\n|move|p2b: Chien-Pao|Ruination|p1b: Grimmsnarl|[miss]\n|-miss|p2b: Chien-Pao|p1b: Grimmsnarl\n|move|p2a: Zamazenta|Body Press|p1b: Grimmsnarl\n|-crit|p1b: Grimmsnarl\n|-damage|p1b: Grimmsnarl|0 fnt\n|faint|p1b: Grimmsnarl\n|\n|upkeep\n|l| countzero23333\n|\n|t:|1775198496\n|switch|p1b: Miraidon|Miraidon, L50|100/100\n|-fieldstart|move: Electric Terrain|[from] ability: Hadron Engine|[of] p1b: Miraidon\n|turn|2\n|\n|t:|1775198510\n|move|p2a: Zamazenta|Protect|p2a: Zamazenta\n|-singleturn|p2a: Zamazenta|Protect\n|move|p1a: Incineroar|Fake Out|p2a: Zamazenta\n|-activate|p2a: Zamazenta|move: Protect\n|move|p2b: Chien-Pao|Icy Wind|p1a: Incineroar|[spread] p1a\n|-miss|p2b: Chien-Pao|p1b: Miraidon\n|-resisted|p1a: Incineroar\n|-damage|p1a: Incineroar|96/100\n|-unboost|p1a: Incineroar|spe|1\n|move|p1b: Miraidon|Draco Meteor|p2a: Zamazenta\n|-activate|p2a: Zamazenta|move: Protect\n|\n|upkeep\n|turn|3\n|inactive|huanyu0.0 has 30 seconds left.\n|\n|t:|1775198537\n|move|p2b: Chien-Pao|Ice Spinner|p1b: Miraidon\n|-supereffective|p1b: Miraidon\n|-damage|p1b: Miraidon|53/100\n|-fieldend|move: Electric Terrain\n|move|p1b: Miraidon|Draco Meteor|p2a: Zamazenta\n|-supereffective|p2a: Zamazenta\n|-crit|p2a: Zamazenta\n|-damage|p2a: Zamazenta|0 fnt\n|-unboost|p1b: Miraidon|spa|2\n|faint|p2a: Zamazenta\n|move|p1a: Incineroar|Flare Blitz|p2b: Chien-Pao\n|-supereffective|p2b: Chien-Pao\n|-damage|p2b: Chien-Pao|0 fnt\n|faint|p2b: Chien-Pao\n|-damage|p1a: Incineroar|66/100|[from] Recoil\n|\n|upkeep\n|\n|t:|1775198559\n|switch|p2b: Calyrex|Calyrex-Shadow, L50|100/100\n|switch|p2a: Raging Bolt|Raging Bolt, L50|100/100\n|-ability|p2b: Calyrex|As One\n|-ability|p2b: Calyrex|Unnerve\n|-enditem|p2a: Raging Bolt|Booster Energy\n|-activate|p2a: Raging Bolt|ability: Protosynthesis|[fromitem]\n|-start|p2a: Raging Bolt|protosynthesisspa\n|turn|4\n|inactive|pauvres has 30 seconds left.\n|\n|t:|1775198588\n|move|p2b: Calyrex|Astral Barrage|p1a: Incineroar|[spread] p1a,p1b\n|-resisted|p1a: Incineroar\n|-damage|p1a: Incineroar|49/100\n|-damage|p1b: Miraidon|14/100\n|move|p1b: Miraidon|Draco Meteor|p2a: Raging Bolt\n|-supereffective|p2a: Raging Bolt\n|-damage|p2a: Raging Bolt|17/100\n|-unboost|p1b: Miraidon|spa|2\n|move|p2a: Raging Bolt|Dragon Pulse|p1b: Miraidon\n|-supereffective|p1b: Miraidon\n|-damage|p1b: Miraidon|0 fnt\n|faint|p1b: Miraidon\n|move|p1a: Incineroar|Knock Off|p2b: Calyrex\n|-supereffective|p2b: Calyrex\n|-enditem|p2b: Calyrex|Focus Sash\n|-damage|p2b: Calyrex|1/100\n|\n|upkeep\n|\n|t:|1775198603\n|switch|p1b: Landorus|Landorus, L50, M|100/100\n|turn|5\n|\n|t:|1775198626\n|move|p1b: Landorus|Protect|p1b: Landorus\n|-singleturn|p1b: Landorus|Protect\n|move|p2a: Raging Bolt|Thunderclap|p1a: Incineroar\n|-damage|p1a: Incineroar|13/100\n|move|p2b: Calyrex|Astral Barrage|p1a: Incineroar|[spread] p1a\n|-activate|p1b: Landorus|move: Protect\n|-resisted|p1a: Incineroar\n|-damage|p1a: Incineroar|0 fnt\n|faint|p1a: Incineroar\n|-ability|p2b: Calyrex|Grim Neigh|boost\n|-boost|p2b: Calyrex|spa|1\n|\n|upkeep\n|turn|6\n|\n|t:|1775198643\n|-terastallize|p1b: Landorus|Poison\n|move|p2b: Calyrex|Encore|p1b: Landorus\n|-start|p1b: Landorus|Encore\n|move|p1b: Landorus|Protect|p1b: Landorus\n|-singleturn|p1b: Landorus|Protect\n|move|p2a: Raging Bolt|Dragon Pulse|p1b: Landorus\n|-activate|p1b: Landorus|move: Protect\n|\n|upkeep\n|turn|7\n|c|\u2606pauvres|Damn\n|c|\u2606pauvres|Gg\n|-message|pauvres forfeited.\n|\n|win|huanyu0.0\n|raw|pauvres's rating: 1372 &rarr; <strong>1358</strong><br />(-14 for losing)\n|raw|huanyu0.0's rating: 1488 &rarr; <strong>1502</strong><br />(+14 for winning)\n|l|\u2606pauvres\n|player|p1|\n|l|\u2606huanyu0.0\n|player|p2|\n","uploadtime":1775198666,"views":8,"formatid":"gen9vgc2026regi","rating":1358,"private":0,"password":null}