{"id":"gen9vgc2026regi-2558951357","format":"[Gen 9] VGC 2026 Reg I","players":["dasabe\u76d6\u6b27\u5361\u4fa0","Bellsproutfanwill"],"log":"|j|\u2606dasabe\u76d6\u6b27\u5361\u4fa0\n|j|\u2606Bellsproutfanwill\n|t:|1773505123\n|gametype|doubles\n|player|p1|dasabe\u76d6\u6b27\u5361\u4fa0|may-masters4|1527\n|player|p2|Bellsproutfanwill|hiker-gen4|1582\n|gen|9\n|tier|[Gen 9] VGC 2026 Reg I\n|rated|\n|rule|Species Clause: Limit one of each Pok\u00e9mon\n|rule|Item Clause: Limit 1 of each item\n|clearpoke\n|poke|p1|Calyrex-Shadow, L50|\n|poke|p1|Koraidon, L50|\n|poke|p1|Chi-Yu, L50|\n|poke|p1|Tornadus, L50, M|\n|poke|p1|Indeedee-F, L50, F|\n|poke|p1|Smeargle, L50, M|\n|poke|p2|Terapagos, L50, M|\n|poke|p2|Grimmsnarl, L50, M|\n|poke|p2|Rillaboom, L50, M|\n|poke|p2|Incineroar, L50, M|\n|poke|p2|Calyrex-Shadow, L50|\n|poke|p2|Chi-Yu, L50|\n|teampreview|4\n|l|\u2606Bellsproutfanwill\n|player|p2|\n|inactive|Battle timer is ON: inactive players will automatically lose when time's up. (requested by dasabe\u76d6\u6b27\u5361\u4fa0)\n|j|\u2606Bellsproutfanwill\n|inactive|Bellsproutfanwill reconnected and has 80 seconds left.\n|player|p2|Bellsproutfanwill|hiker-gen4|\n|\n|t:|1773505182\n|teamsize|p1|4\n|teamsize|p2|4\n|start\n|switch|p1a: \u5c0f\u7b14\u7ea2\u80bf|Smeargle, L50, M, shiny|100/100\n|switch|p1b: \u6545\u5927\u5305\u52d2|Koraidon, L50, shiny|100/100\n|switch|p2a: Terapagos|Terapagos, L50, M|100/100\n|switch|p2b: Incineroar|Incineroar, L50, M|100/100\n|-activate|p2a: Terapagos|ability: Tera Shift\n|detailschange|p2a: Terapagos|Terapagos-Terastal, L50, M\n|-heal|p2a: Terapagos|100/100|[silent]\n|-weather|SunnyDay|[from] ability: Orichalcum Pulse|[of] p1b: \u6545\u5927\u5305\u52d2\n|-activate|p1b: \u6545\u5927\u5305\u52d2|Orichalcum Pulse|[source]\n|-ability|p2b: Incineroar|Intimidate|boost\n|-unboost|p1a: \u5c0f\u7b14\u7ea2\u80bf|atk|1\n|-unboost|p1b: \u6545\u5927\u5305\u52d2|atk|1\n|turn|1\n|inactive|Bellsproutfanwill has 30 seconds left.\n|\n|t:|1773505213\n|-terastallize|p2a: Terapagos|Stellar\n|detailschange|p2a: Terapagos|Terapagos-Stellar, L50, M, tera:Stellar\n|-heal|p2a: Terapagos|100/100|[silent]\n|-ability|p2a: Terapagos|Teraform Zero\n|-weather|none\n|move|p1a: \u5c0f\u7b14\u7ea2\u80bf|Fake Out|p2b: Incineroar\n|-damage|p2b: Incineroar|98/100\n|cant|p2b: Incineroar|flinch\n|move|p1b: \u6545\u5927\u5305\u52d2|Close Combat|p2b: Incineroar\n|-supereffective|p2b: Incineroar\n|-damage|p2b: Incineroar|12/100\n|-unboost|p1b: \u6545\u5927\u5305\u52d2|def|1\n|-unboost|p1b: \u6545\u5927\u5305\u52d2|spd|1\n|-damage|p1b: \u6545\u5927\u5305\u52d2|91/100|[from] item: Life Orb\n|move|p2a: Terapagos|Calm Mind|p2a: Terapagos\n|-boost|p2a: Terapagos|spa|1\n|-boost|p2a: Terapagos|spd|1\n|\n|-ability|p1a: \u5c0f\u7b14\u7ea2\u80bf|Moody|boost\n|-boost|p1a: \u5c0f\u7b14\u7ea2\u80bf|spd|2\n|-unboost|p1a: \u5c0f\u7b14\u7ea2\u80bf|spe|1\n|upkeep\n|turn|2\n|\n|t:|1773505237\n|switch|p1b: \u6211\u6709\u7389\u9c7c\u75c7|Chi-Yu, L50|100/100\n|-ability|p1b: \u6211\u6709\u7389\u9c7c\u75c7|Beads of Ruin\n|move|p1a: \u5c0f\u7b14\u7ea2\u80bf|Wide Guard|p1a: \u5c0f\u7b14\u7ea2\u80bf\n|-singleturn|p1a: \u5c0f\u7b14\u7ea2\u80bf|Wide Guard\n|move|p2a: Terapagos|Tera Starstorm|p1a: \u5c0f\u7b14\u7ea2\u80bf|[spread] \n|-activate|p1a: \u5c0f\u7b14\u7ea2\u80bf|move: Wide Guard\n|-activate|p1b: \u6211\u6709\u7389\u9c7c\u75c7|move: Wide Guard\n|move|p2b: Incineroar|Taunt|p1a: \u5c0f\u7b14\u7ea2\u80bf\n|-start|p1a: \u5c0f\u7b14\u7ea2\u80bf|move: Taunt\n|\n|-ability|p1a: \u5c0f\u7b14\u7ea2\u80bf|Moody|boost\n|-boost|p1a: \u5c0f\u7b14\u7ea2\u80bf|spe|2\n|-unboost|p1a: \u5c0f\u7b14\u7ea2\u80bf|def|1\n|upkeep\n|turn|3\n|\n|t:|1773505255\n|switch|p1a: \u6545\u5927\u5305\u52d2|Koraidon, L50, shiny|91/100\n|-weather|SunnyDay|[from] ability: Orichalcum Pulse|[of] p1a: \u6545\u5927\u5305\u52d2\n|-activate|p1a: \u6545\u5927\u5305\u52d2|Orichalcum Pulse|[source]\n|switch|p2b: Grimmsnarl|Grimmsnarl, L50, M|100/100\n|move|p1b: \u6211\u6709\u7389\u9c7c\u75c7|Heat Wave|p2b: Grimmsnarl|[spread] p2a,p2b\n|-damage|p2a: Terapagos|64/100\n|-damage|p2b: Grimmsnarl|30/100\n|move|p2a: Terapagos|Tera Starstorm|p1a: \u6545\u5927\u5305\u52d2|[spread] p1a,p1b\n|-damage|p1a: \u6545\u5927\u5305\u52d2|8/100\n|-damage|p1b: \u6211\u6709\u7389\u9c7c\u75c7|28/100\n|\n|-weather|SunnyDay|[upkeep]\n|-heal|p2a: Terapagos|70/100|[from] item: Leftovers\n|upkeep\n|turn|4\n|\n|t:|1773505274\n|move|p1a: \u6545\u5927\u5305\u52d2|Protect|p1a: \u6545\u5927\u5305\u52d2\n|-singleturn|p1a: \u6545\u5927\u5305\u52d2|Protect\n|move|p2a: Terapagos|Protect|p2a: Terapagos\n|-singleturn|p2a: Terapagos|Protect\n|move|p2b: Grimmsnarl|Reflect|p2b: Grimmsnarl\n|-sidestart|p2: Bellsproutfanwill|Reflect\n|move|p1b: \u6211\u6709\u7389\u9c7c\u75c7|Heat Wave|p2a: Terapagos|[spread] p2b\n|-activate|p2a: Terapagos|move: Protect\n|-damage|p2b: Grimmsnarl|0 fnt\n|faint|p2b: Grimmsnarl\n|\n|-weather|SunnyDay|[upkeep]\n|-heal|p2a: Terapagos|77/100|[from] item: Leftovers\n|upkeep\n|\n|t:|1773505288\n|switch|p2b: Calyrex|Calyrex-Shadow, L50|100/100\n|-ability|p2b: Calyrex|As One\n|-ability|p2b: Calyrex|Unnerve\n|turn|5\n|\n|t:|1773505296\n|switch|p1a: \u5c0f\u7b14\u7ea2\u80bf|Smeargle, L50, M, shiny|100/100\n|move|p1b: \u6211\u6709\u7389\u9c7c\u75c7|Heat Wave|p2a: Terapagos|[spread] p2a\n|-miss|p1b: \u6211\u6709\u7389\u9c7c\u75c7|p2b: Calyrex\n|-damage|p2a: Terapagos|40/100\n|move|p2b: Calyrex|Astral Barrage|p1a: \u5c0f\u7b14\u7ea2\u80bf|[spread] p1b\n|-immune|p1a: \u5c0f\u7b14\u7ea2\u80bf\n|-resisted|p1b: \u6211\u6709\u7389\u9c7c\u75c7\n|-damage|p1b: \u6211\u6709\u7389\u9c7c\u75c7|0 fnt\n|faint|p1b: \u6211\u6709\u7389\u9c7c\u75c7\n|-ability|p2b: Calyrex|Grim Neigh|boost\n|-boost|p2b: Calyrex|spa|1\n|move|p2a: Terapagos|Calm Mind|p2a: Terapagos\n|-boost|p2a: Terapagos|spa|1\n|-boost|p2a: Terapagos|spd|1\n|\n|-weather|SunnyDay|[upkeep]\n|-heal|p2a: Terapagos|47/100|[from] item: Leftovers\n|-ability|p1a: \u5c0f\u7b14\u7ea2\u80bf|Moody|boost\n|-boost|p1a: \u5c0f\u7b14\u7ea2\u80bf|spd|2\n|-unboost|p1a: \u5c0f\u7b14\u7ea2\u80bf|atk|1\n|upkeep\n|\n|t:|1773505304\n|switch|p1b: \u6545\u5927\u5305\u52d2|Koraidon, L50, shiny|8/100\n|-activate|p1b: \u6545\u5927\u5305\u52d2|ability: Orichalcum Pulse\n|turn|6\n|\n|t:|1773505327\n|move|p1a: \u5c0f\u7b14\u7ea2\u80bf|Follow Me|p1a: \u5c0f\u7b14\u7ea2\u80bf\n|-singleturn|p1a: \u5c0f\u7b14\u7ea2\u80bf|move: Follow Me\n|move|p2b: Calyrex|Pollen Puff|p1a: \u5c0f\u7b14\u7ea2\u80bf\n|-damage|p1a: \u5c0f\u7b14\u7ea2\u80bf|42/100\n|move|p1b: \u6545\u5927\u5305\u52d2|Close Combat|p2a: Terapagos\n|-supereffective|p2a: Terapagos\n|-damage|p2a: Terapagos|0 fnt\n|-unboost|p1b: \u6545\u5927\u5305\u52d2|def|1\n|-unboost|p1b: \u6545\u5927\u5305\u52d2|spd|1\n|faint|p2a: Terapagos\n|detailschange|p2: Terapagos|Terapagos, L50, M|[silent]\n|-damage|p1b: \u6545\u5927\u5305\u52d2|0 fnt|[from] item: Life Orb\n|faint|p1b: \u6545\u5927\u5305\u52d2\n|\n|-weather|SunnyDay|[upkeep]\n|-ability|p1a: \u5c0f\u7b14\u7ea2\u80bf|Moody|boost\n|-boost|p1a: \u5c0f\u7b14\u7ea2\u80bf|atk|2\n|-unboost|p1a: \u5c0f\u7b14\u7ea2\u80bf|spd|1\n|upkeep\n|\n|t:|1773505345\n|switch|p1b: \u9a6c\u6b7b\u4e86|Calyrex-Shadow, L50|100/100\n|switch|p2a: Incineroar|Incineroar, L50, M|12/100\n|-ability|p1b: \u9a6c\u6b7b\u4e86|As One\n|-ability|p1b: \u9a6c\u6b7b\u4e86|Unnerve\n|-ability|p2a: Incineroar|Intimidate|boost\n|-unboost|p1a: \u5c0f\u7b14\u7ea2\u80bf|atk|1\n|-unboost|p1b: \u9a6c\u6b7b\u4e86|atk|1\n|turn|7\n|inactive|Bellsproutfanwill has 30 seconds left.\n|inactive|Bellsproutfanwill has 20 seconds left.\n|\n|t:|1773505384\n|-terastallize|p1a: \u5c0f\u7b14\u7ea2\u80bf|Ghost\n|move|p1a: \u5c0f\u7b14\u7ea2\u80bf|Wide Guard|p1a: \u5c0f\u7b14\u7ea2\u80bf\n|-singleturn|p1a: \u5c0f\u7b14\u7ea2\u80bf|Wide Guard\n|move|p2a: Incineroar|Fake Out|p1a: \u5c0f\u7b14\u7ea2\u80bf\n|-immune|p1a: \u5c0f\u7b14\u7ea2\u80bf\n|move|p2b: Calyrex|Pollen Puff|p1a: \u5c0f\u7b14\u7ea2\u80bf\n|-resisted|p1a: \u5c0f\u7b14\u7ea2\u80bf\n|-damage|p1a: \u5c0f\u7b14\u7ea2\u80bf|4/100\n|move|p1b: \u9a6c\u6b7b\u4e86|Astral Barrage|p2a: Incineroar|[spread] p2a,p2b\n|-resisted|p2a: Incineroar\n|-supereffective|p2b: Calyrex\n|-damage|p2a: Incineroar|0 fnt\n|-enditem|p2b: Calyrex|Focus Sash\n|-damage|p2b: Calyrex|1/100\n|faint|p2a: Incineroar\n|-ability|p1b: \u9a6c\u6b7b\u4e86|Grim Neigh|boost\n|-boost|p1b: \u9a6c\u6b7b\u4e86|spa|1\n|\n|-weather|none\n|-ability|p1a: \u5c0f\u7b14\u7ea2\u80bf|Moody|boost\n|-boost|p1a: \u5c0f\u7b14\u7ea2\u80bf|spe|2\n|-unboost|p1a: \u5c0f\u7b14\u7ea2\u80bf|def|1\n|upkeep\n|turn|8\n|\n|t:|1773505408\n|move|p1a: \u5c0f\u7b14\u7ea2\u80bf|Spore|p2b: Calyrex\n|-status|p2b: Calyrex|slp|[from] move: Spore\n|cant|p2b: Calyrex|slp\n|move|p1b: \u9a6c\u6b7b\u4e86|Astral Barrage|p2b: Calyrex\n|-supereffective|p2b: Calyrex\n|-damage|p2b: Calyrex|0 fnt\n|faint|p2b: Calyrex\n|\n|win|dasabe\u76d6\u6b27\u5361\u4fa0\n|raw|dasabe\u76d6\u6b27\u5361\u4fa0's rating: 1527 &rarr; <strong>1550</strong><br />(+23 for winning)\n|raw|Bellsproutfanwill's rating: 1582 &rarr; <strong>1559</strong><br />(-23 for losing)\n|l|\u2606dasabe\u76d6\u6b27\u5361\u4fa0\n|player|p1|\n|c|\u2606Bellsproutfanwill|Gg\n|l|\u2606Bellsproutfanwill\n|player|p2|\n","uploadtime":1773505682,"views":33,"formatid":"gen9vgc2026regi","rating":1550,"private":0,"password":null}