{"id":"gen9vgc2026regi-2560973748","format":"[Gen 9] VGC 2026 Reg I","players":["asia_soup_abuser","Highkage2"],"log":"|j|\u2606asia_soup_abuser\n|j|\u2606Highkage2\n|t:|1773753686\n|gametype|doubles\n|player|p1|asia_soup_abuser|unknown|1324\n|player|p2|Highkage2|doubleteam|1428\n|gen|9\n|tier|[Gen 9] VGC 2026 Reg I\n|rated|\n|rule|Species Clause: Limit one of each Pok\u00e9mon\n|rule|Item Clause: Limit 1 of each item\n|clearpoke\n|poke|p1|Calyrex-Shadow, L50|\n|poke|p1|Sneasler, L50, M|\n|poke|p1|Miraidon, L50|\n|poke|p1|Chi-Yu, L50|\n|poke|p1|Tatsugiri-Droopy, L50, F|\n|poke|p1|Dondozo, L50, F|\n|poke|p2|Incineroar, L50, M|\n|poke|p2|Landorus, L50, M|\n|poke|p2|Calyrex-Ice, L50|\n|poke|p2|Miraidon, L50|\n|poke|p2|Farigiraf, L50, F|\n|poke|p2|Urshifu-*, L50, F|\n|teampreview|4\n|inactive|Battle timer is ON: inactive players will automatically lose when time's up. (requested by Highkage2)\n|inactive|asia_soup_abuser has 60 seconds left.\n|\n|t:|1773753731\n|teamsize|p1|4\n|teamsize|p2|4\n|start\n|switch|p1a: Sneasler|Sneasler, L50, M|100/100\n|switch|p1b: Miraidon|Miraidon, L50|100/100\n|switch|p2a: Incineroar|Incineroar, L50, M|100/100\n|switch|p2b: Miraidon|Miraidon, L50|100/100\n|-fieldstart|move: Electric Terrain|[from] ability: Hadron Engine|[of] p1b: Miraidon\n|-enditem|p1a: Sneasler|Electric Seed\n|-boost|p1a: Sneasler|def|1|[from] item: Electric Seed\n|-activate|p2b: Miraidon|ability: Hadron Engine\n|-ability|p2a: Incineroar|Intimidate|boost\n|-unboost|p1a: Sneasler|atk|1\n|-unboost|p1b: Miraidon|atk|1\n|turn|1\n|inactive|Highkage2 has 30 seconds left.\n|inactive|Highkage2 has 20 seconds left.\n|\n|t:|1773753769\n|-terastallize|p1b: Miraidon|Fairy\n|move|p1a: Sneasler|Fake Out|p2a: Incineroar\n|-damage|p2a: Incineroar|93/100\n|cant|p2a: Incineroar|flinch\n|move|p1b: Miraidon|Dazzling Gleam|p2b: Miraidon|[spread] p2a,p2b\n|-supereffective|p2b: Miraidon\n|-damage|p2a: Incineroar|69/100\n|-damage|p2b: Miraidon|37/100\n|move|p2b: Miraidon|Volt Switch|p1b: Miraidon\n|-damage|p1b: Miraidon|44/100\n|\n|t:|1773753784\n|switch|p2b: Calyrex|Calyrex-Ice, L50|100/100|[from] Volt Switch\n|-ability|p2b: Calyrex|As One\n|-ability|p2b: Calyrex|Unnerve\n|\n|upkeep\n|turn|2\n|\n|t:|1773753799\n|move|p1a: Sneasler|Dire Claw|p2b: Calyrex\n|-crit|p2b: Calyrex\n|-damage|p2b: Calyrex|61/100\n|move|p1b: Miraidon|Electro Drift|p2b: Calyrex\n|-damage|p2b: Calyrex|9/100\n|move|p2a: Incineroar|U-turn|p1a: Sneasler\n|-resisted|p1a: Sneasler\n|-damage|p1a: Sneasler|95/100\n|inactive|Highkage2 has 30 seconds left.\n|\n|t:|1773753827\n|switch|p2a: Miraidon|Miraidon, L50|37/100|[from] U-turn\n|-activate|p2a: Miraidon|ability: Hadron Engine\n|move|p2b: Calyrex|Trick Room|p2b: Calyrex\n|-fieldstart|move: Trick Room|[of] p2b: Calyrex\n|\n|-heal|p2b: Calyrex|15/100|[from] item: Leftovers\n|upkeep\n|turn|3\n|\n|t:|1773753843\n|switch|p1b: Tatsugiri|Tatsugiri-Droopy, L50, F|100/100\n|switch|p1a: Dondozo|Dondozo, L50, F|100/100\n|-activate|p1b: Tatsugiri|ability: Commander|[of] p1a: Dondozo\n|-boost|p1a: Dondozo|atk|2\n|-boost|p1a: Dondozo|spa|2\n|-boost|p1a: Dondozo|spe|2\n|-boost|p1a: Dondozo|def|2\n|-boost|p1a: Dondozo|spd|2\n|move|p2b: Calyrex|Glacial Lance|p1b: Tatsugiri|[spread] p1a\n|-miss|p2b: Calyrex|p1b: Tatsugiri\n|-resisted|p1a: Dondozo\n|-damage|p1a: Dondozo|93/100\n|move|p2a: Miraidon|Volt Switch|p1b: Tatsugiri|[miss]\n|-miss|p2a: Miraidon|p1b: Tatsugiri\n|\n|-heal|p2b: Calyrex|20/100|[from] item: Leftovers\n|-heal|p1a: Dondozo|99/100|[from] item: Leftovers\n|upkeep\n|turn|4\n|\n|t:|1773753858\n|switch|p2a: Incineroar|Incineroar, L50, M|69/100\n|-ability|p2a: Incineroar|Intimidate|boost\n|-unboost|p1a: Dondozo|atk|1\n|-unboost|p1b: Tatsugiri|atk|1\n|move|p2b: Calyrex|Protect|p2b: Calyrex\n|-singleturn|p2b: Calyrex|Protect\n|move|p1a: Dondozo|Protect||[still]\n|-fail|p1a: Dondozo\n|\n|-heal|p2b: Calyrex|26/100|[from] item: Leftovers\n|-heal|p1a: Dondozo|100/100|[from] item: Leftovers\n|upkeep\n|turn|5\n|\n|t:|1773753874\n|move|p2a: Incineroar|Fake Out|p1a: Dondozo\n|-damage|p1a: Dondozo|97/100\n|move|p2b: Calyrex|Leech Seed|p1a: Dondozo\n|-start|p1a: Dondozo|move: Leech Seed\n|cant|p1a: Dondozo|flinch\n|\n|-heal|p2b: Calyrex|32/100|[from] item: Leftovers\n|-heal|p1a: Dondozo|100/100|[from] item: Leftovers\n|-damage|p1a: Dondozo|88/100|[from] Leech Seed|[of] p2b: Calyrex\n|-heal|p2b: Calyrex|47/100|[silent]\n|-fieldend|move: Electric Terrain\n|upkeep\n|turn|6\n|\n|t:|1773753890\n|move|p1a: Dondozo|Protect|p1a: Dondozo\n|-singleturn|p1a: Dondozo|Protect\n|move|p2b: Calyrex|Glacial Lance|p1a: Dondozo|[spread] \n|-miss|p2b: Calyrex|p1b: Tatsugiri\n|-activate|p1a: Dondozo|move: Protect\n|move|p2a: Incineroar|U-turn|p1a: Dondozo\n|-activate|p1a: Dondozo|move: Protect\n|\n|-heal|p2b: Calyrex|53/100|[from] item: Leftovers\n|-heal|p1a: Dondozo|94/100|[from] item: Leftovers\n|-damage|p1a: Dondozo|82/100|[from] Leech Seed|[of] p2b: Calyrex\n|-heal|p2b: Calyrex|69/100|[silent]\n|-fieldend|move: Trick Room\n|upkeep\n|turn|7\n|\n|t:|1773753909\n|switch|p2a: Urshifu|Urshifu-Rapid-Strike, L50, F|100/100\n|move|p1a: Dondozo|Order Up|p2a: Urshifu\n|-damage|p2a: Urshifu|71/100\n|-boost|p1a: Dondozo|def|1\n|move|p2b: Calyrex|Glacial Lance|p1a: Dondozo|[spread] p1a\n|-miss|p2b: Calyrex|p1b: Tatsugiri\n|-resisted|p1a: Dondozo\n|-damage|p1a: Dondozo|75/100\n|\n|-heal|p1a: Dondozo|81/100|[from] item: Leftovers\n|-heal|p2b: Calyrex|74/100|[from] item: Leftovers\n|-damage|p1a: Dondozo|69/100|[from] Leech Seed|[of] p2b: Calyrex\n|-heal|p2b: Calyrex|90/100|[silent]\n|upkeep\n|turn|8\n|\n|t:|1773753929\n|move|p2a: Urshifu|Surging Strikes|p1a: Dondozo\n|-resisted|p1a: Dondozo\n|-crit|p1a: Dondozo\n|-damage|p1a: Dondozo|62/100\n|-resisted|p1a: Dondozo\n|-crit|p1a: Dondozo\n|-damage|p1a: Dondozo|55/100\n|-resisted|p1a: Dondozo\n|-crit|p1a: Dondozo\n|-damage|p1a: Dondozo|48/100\n|-hitcount|p1a: Dondozo|3\n|move|p1a: Dondozo|Order Up|p2a: Urshifu\n|-damage|p2a: Urshifu|43/100\n|-boost|p1a: Dondozo|def|1\n|move|p2b: Calyrex|Glacial Lance|p1a: Dondozo|[spread] p1a\n|-miss|p2b: Calyrex|p1b: Tatsugiri\n|-resisted|p1a: Dondozo\n|-damage|p1a: Dondozo|43/100\n|\n|-heal|p1a: Dondozo|49/100|[from] item: Leftovers\n|-heal|p2b: Calyrex|96/100|[from] item: Leftovers\n|-damage|p1a: Dondozo|36/100|[from] Leech Seed|[of] p2b: Calyrex\n|-heal|p2b: Calyrex|100/100|[silent]\n|upkeep\n|turn|9\n|inactive|Highkage2 has 30 seconds left.\n|\n|t:|1773753958\n|move|p2a: Urshifu|Detect|p2a: Urshifu\n|-singleturn|p2a: Urshifu|Protect\n|move|p1a: Dondozo|Order Up|p2a: Urshifu\n|-activate|p2a: Urshifu|move: Protect\n|move|p2b: Calyrex|Glacial Lance|p1b: Tatsugiri|[spread] p1a\n|-miss|p2b: Calyrex|p1b: Tatsugiri\n|-resisted|p1a: Dondozo\n|-damage|p1a: Dondozo|30/100\n|\n|-heal|p1a: Dondozo|36/100|[from] item: Leftovers\n|-damage|p1a: Dondozo|24/100|[from] Leech Seed|[of] p2b: Calyrex\n|upkeep\n|turn|10\n|\n|t:|1773753976\n|move|p2a: Urshifu|Surging Strikes|p1a: Dondozo\n|-resisted|p1a: Dondozo\n|-crit|p1a: Dondozo\n|-damage|p1a: Dondozo|17/100\n|-resisted|p1a: Dondozo\n|-crit|p1a: Dondozo\n|-damage|p1a: Dondozo|11/100\n|-resisted|p1a: Dondozo\n|-crit|p1a: Dondozo\n|-damage|p1a: Dondozo|3/100\n|-hitcount|p1a: Dondozo|3\n|move|p1a: Dondozo|Order Up|p2a: Urshifu\n|-damage|p2a: Urshifu|14/100\n|-boost|p1a: Dondozo|def|1\n|move|p2b: Calyrex|Trick Room|p2b: Calyrex\n|-fieldstart|move: Trick Room|[of] p2b: Calyrex\n|\n|-heal|p1a: Dondozo|9/100|[from] item: Leftovers\n|-damage|p1a: Dondozo|0 fnt|[from] Leech Seed|[of] p2b: Calyrex\n|faint|p1a: Dondozo\n|upkeep\n|\n|t:|1773753980\n|switch|p1a: Miraidon|Miraidon, L50, tera:Fairy|44/100\n|-fieldstart|move: Electric Terrain|[from] ability: Hadron Engine|[of] p1a: Miraidon\n|turn|11\n|\n|t:|1773753998\n|move|p2b: Calyrex|Glacial Lance|p1a: Miraidon|[spread] p1a,p1b\n|-damage|p1a: Miraidon|0 fnt\n|-enditem|p1b: Tatsugiri|Focus Sash\n|-damage|p1b: Tatsugiri|1/100\n|faint|p1a: Miraidon\n|-ability|p2b: Calyrex|Chilling Neigh|boost\n|-boost|p2b: Calyrex|atk|1\n|move|p1b: Tatsugiri|Muddy Water|p2b: Calyrex|[spread] p2b\n|-miss|p1b: Tatsugiri|p2a: Urshifu\n|-damage|p2b: Calyrex|78/100\n|move|p2a: Urshifu|Close Combat|p1b: Tatsugiri\n|-damage|p1b: Tatsugiri|0 fnt\n|-unboost|p2a: Urshifu|def|1\n|-unboost|p2a: Urshifu|spd|1\n|faint|p1b: Tatsugiri\n|\n|-heal|p2b: Calyrex|84/100|[from] item: Leftovers\n|upkeep\n|-message|asia_soup_abuser forfeited.\n|\n|win|Highkage2\n","uploadtime":1773753688,"views":75,"formatid":"gen9vgc2026regi","rating":null,"private":0,"password":null}