{"id":"gen9vgc2026regi-2573227589","format":"[Gen 9] VGC 2026 Reg I","players":["fallacy277","migrainelad2"],"log":"|j|\u2606fallacy277\n|j|\u2606migrainelad2\n|t:|1775105729\n|gametype|doubles\n|player|p1|fallacy277|265|1471\n|player|p2|migrainelad2|flint|1444\n|gen|9\n|tier|[Gen 9] VGC 2026 Reg I\n|rated|\n|rule|Species Clause: Limit one of each Pok\u00e9mon\n|rule|Item Clause: Limit 1 of each item\n|clearpoke\n|poke|p1|Groudon, L50|\n|poke|p1|Zamazenta-*, L50|\n|poke|p1|Chien-Pao, L50|\n|poke|p1|Gouging Fire, L50|\n|poke|p1|Jumpluff, L50, M|\n|poke|p1|Flutter Mane, L50|\n|poke|p2|Raichu-Alola, L50, M|\n|poke|p2|Miraidon, L50|\n|poke|p2|Farigiraf, L50, F|\n|poke|p2|Kyogre, L50|\n|poke|p2|Araquanid, L50, M|\n|poke|p2|Rhyperior, L50, M|\n|teampreview|4\n|inactive|Battle timer is ON: inactive players will automatically lose when time's up. (requested by fallacy277)\n|inactive|fallacy277 has 60 seconds left.\n|inactive|migrainelad2 has 60 seconds left.\n|\n|t:|1775105769\n|teamsize|p1|4\n|teamsize|p2|4\n|start\n|switch|p1a: Zamazenta|Zamazenta-Crowned, L50|100/100\n|switch|p1b: Chien-Pao|Chien-Pao, L50|100/100\n|switch|p2a: Araquanid|Araquanid, L50, M|100/100\n|switch|p2b: Miraidon|Miraidon, L50|100/100\n|-ability|p1b: Chien-Pao|Sword of Ruin\n|-fieldstart|move: Electric Terrain|[from] ability: Hadron Engine|[of] p2b: Miraidon\n|-ability|p1a: Zamazenta|Dauntless Shield|boost\n|-boost|p1a: Zamazenta|def|1\n|turn|1\n|\n|t:|1775105785\n|move|p1b: Chien-Pao|Icy Wind|p2b: Miraidon|[spread] p2a,p2b\n|-resisted|p2a: Araquanid\n|-supereffective|p2b: Miraidon\n|-damage|p2a: Araquanid|95/100\n|-damage|p2b: Miraidon|82/100\n|-unboost|p2a: Araquanid|spe|1\n|-unboost|p2b: Miraidon|spe|1\n|move|p1a: Zamazenta|Body Press|p2b: Miraidon\n|-damage|p2b: Miraidon|0 fnt\n|faint|p2b: Miraidon\n|move|p2a: Araquanid|Liquidation|p1b: Chien-Pao\n|-damage|p1b: Chien-Pao|6/100\n|\n|upkeep\n|\n|t:|1775105803\n|switch|p2b: Kyogre|Kyogre, L50|100/100\n|-weather|RainDance|[from] ability: Drizzle|[of] p2b: Kyogre\n|turn|2\n|\n|t:|1775105821\n|-terastallize|p1a: Zamazenta|Dragon\n|move|p2b: Kyogre|Water Spout|p1a: Zamazenta|[spread] p1a,p1b\n|-resisted|p1a: Zamazenta\n|-damage|p1a: Zamazenta|71/100\n|-damage|p1b: Chien-Pao|0 fnt\n|faint|p1b: Chien-Pao\n|move|p1a: Zamazenta|Body Press|p2b: Kyogre\n|-damage|p2b: Kyogre|21/100\n|move|p2a: Araquanid|Liquidation|p1a: Zamazenta\n|-resisted|p1a: Zamazenta\n|-damage|p1a: Zamazenta|50/100\n|\n|-weather|RainDance|[upkeep]\n|upkeep\n|\n|t:|1775105833\n|switch|p1b: Groudon|Groudon, L50|100/100\n|-weather|SunnyDay|[from] ability: Drought|[of] p1b: Groudon\n|turn|3\n|\n|t:|1775105840\n|switch|p2b: Farigiraf|Farigiraf, L50, F|100/100\n|move|p2a: Araquanid|Wide Guard|p2a: Araquanid\n|-singleturn|p2a: Araquanid|Wide Guard\n|move|p1a: Zamazenta|Body Press|p2b: Farigiraf\n|-damage|p2b: Farigiraf|33/100\n|move|p1b: Groudon|Precipice Blades|p2a: Araquanid|[spread] \n|-activate|p2a: Araquanid|move: Wide Guard\n|-activate|p2b: Farigiraf|move: Wide Guard\n|\n|-weather|SunnyDay|[upkeep]\n|upkeep\n|turn|4\n|\n|t:|1775105858\n|switch|p1b: Jumpluff|Jumpluff, L50, M|100/100\n|switch|p2b: Kyogre|Kyogre, L50|21/100\n|-weather|RainDance|[from] ability: Drizzle|[of] p2b: Kyogre\n|move|p1a: Zamazenta|Body Press|p2b: Kyogre\n|-damage|p2b: Kyogre|0 fnt\n|faint|p2b: Kyogre\n|move|p2a: Araquanid|Liquidation|p1b: Jumpluff\n|-resisted|p1b: Jumpluff\n|-damage|p1b: Jumpluff|27/100\n|\n|-weather|RainDance|[upkeep]\n|upkeep\n|\n|t:|1775105866\n|switch|p2b: Farigiraf|Farigiraf, L50, F|33/100\n|turn|5\n|\n|t:|1775105888\n|move|p1b: Jumpluff|Pollen Puff|p1a: Zamazenta\n|-heal|p1a: Zamazenta|99/100\n|move|p1a: Zamazenta|Body Press|p2b: Farigiraf\n|-damage|p2b: Farigiraf|0 fnt\n|faint|p2b: Farigiraf\n|move|p2a: Araquanid|Liquidation|p1b: Jumpluff\n|-resisted|p1b: Jumpluff\n|-damage|p1b: Jumpluff|0 fnt\n|faint|p1b: Jumpluff\n|\n|-weather|RainDance|[upkeep]\n|-fieldend|move: Electric Terrain\n|upkeep\n|\n|t:|1775105895\n|switch|p1b: Groudon|Groudon, L50|100/100\n|-weather|SunnyDay|[from] ability: Drought|[of] p1b: Groudon\n|turn|6\n|\n|t:|1775105900\n|move|p1a: Zamazenta|Body Press|p2a: Araquanid\n|-resisted|p2a: Araquanid\n|-damage|p2a: Araquanid|55/100\n|move|p1b: Groudon|Heat Crash|p2a: Araquanid\n|-damage|p2a: Araquanid|19/100\n|move|p2a: Araquanid|Liquidation|p1b: Groudon\n|-supereffective|p1b: Groudon\n|-damage|p1b: Groudon|50/100\n|\n|-weather|SunnyDay|[upkeep]\n|upkeep\n|turn|7\n|\n|t:|1775105908\n|move|p1a: Zamazenta|Body Press|p2a: Araquanid\n|-resisted|p2a: Araquanid\n|-damage|p2a: Araquanid|0 fnt\n|faint|p2a: Araquanid\n|\n|win|fallacy277\n|raw|fallacy277's rating: 1471 &rarr; <strong>1489</strong><br />(+18 for winning)\n|raw|migrainelad2's rating: 1444 &rarr; <strong>1426</strong><br />(-18 for losing)\n|l|\u2606migrainelad2\n|player|p2|\n|l|\u2606fallacy277\n|player|p1|\n","uploadtime":1775106046,"views":13,"formatid":"gen9vgc2026regi","rating":1426,"private":0,"password":null}