{"id":"gen9vgc2026regi-2577974888","format":"[Gen 9] VGC 2026 Reg I","players":["quisiimo","Chheevcheev"],"log":"|j|\u2606quisiimo\n|j|\u2606Chheevcheev\n|t:|1775629326\n|gametype|doubles\n|player|p1|quisiimo|265|1420\n|player|p2|Chheevcheev|iris-gen5bw2|1461\n|gen|9\n|tier|[Gen 9] VGC 2026 Reg I\n|rated|\n|rule|Species Clause: Limit one of each Pok\u00e9mon\n|rule|Item Clause: Limit 1 of each item\n|clearpoke\n|poke|p1|Calyrex-Shadow, L50|\n|poke|p1|Zamazenta-*, L50|\n|poke|p1|Ursaluna, L50, F|\n|poke|p1|Incineroar, L50, M|\n|poke|p1|Urshifu-*, L50, F|\n|poke|p1|Raging Bolt, L50|\n|poke|p2|Miraidon, L50|\n|poke|p2|Grimmsnarl, L50, M|\n|poke|p2|Calyrex-Ice, L50|\n|poke|p2|Urshifu-*, L50, M|\n|poke|p2|Incineroar, L50, M|\n|poke|p2|Ursaluna, L50, F|\n|teampreview|4\n|inactive|Battle timer is ON: inactive players will automatically lose when time's up. (requested by Chheevcheev)\nChheevcheev rejected open team sheets.\n|\n|t:|1775629361\n|teamsize|p1|4\n|teamsize|p2|4\n|start\n|switch|p1a: Zamazenta|Zamazenta-Crowned, L50, shiny|100/100\n|switch|p1b: Raging Bolt|Raging Bolt, L50|100/100\n|switch|p2a: \u30d0\u30c9\u30ec\u30c3\u30af\u30b9|Calyrex-Ice, L50|100/100\n|switch|p2b: \u30aa\u30fc\u30ed\u30f3\u30b2|Grimmsnarl, L50, M|100/100\n|-ability|p2a: \u30d0\u30c9\u30ec\u30c3\u30af\u30b9|As One\n|-ability|p2a: \u30d0\u30c9\u30ec\u30c3\u30af\u30b9|Unnerve\n|-ability|p1a: Zamazenta|Dauntless Shield|boost\n|-boost|p1a: Zamazenta|def|1\n|-enditem|p1b: Raging Bolt|Booster Energy\n|-activate|p1b: Raging Bolt|ability: Protosynthesis|[fromitem]\n|-start|p1b: Raging Bolt|protosynthesisspa\n|turn|1\n|inactive|quisiimo has 30 seconds left.\n|\n|t:|1775629388\n|-end|p1b: Raging Bolt|Protosynthesis|[silent]\n|switch|p1b: Incineroar|Incineroar, L50, M, shiny|100/100\n|-ability|p1b: Incineroar|Intimidate|boost\n|-unboost|p2a: \u30d0\u30c9\u30ec\u30c3\u30af\u30b9|atk|1\n|-unboost|p2b: \u30aa\u30fc\u30ed\u30f3\u30b2|atk|1\n|move|p2a: \u30d0\u30c9\u30ec\u30c3\u30af\u30b9|Protect|p2a: \u30d0\u30c9\u30ec\u30c3\u30af\u30b9\n|-singleturn|p2a: \u30d0\u30c9\u30ec\u30c3\u30af\u30b9|Protect\n|move|p2b: \u30aa\u30fc\u30ed\u30f3\u30b2|Reflect|p2b: \u30aa\u30fc\u30ed\u30f3\u30b2\n|-sidestart|p2: Chheevcheev|Reflect\n|move|p1a: Zamazenta|Heavy Slam|p2b: \u30aa\u30fc\u30ed\u30f3\u30b2\n|-supereffective|p2b: \u30aa\u30fc\u30ed\u30f3\u30b2\n|-damage|p2b: \u30aa\u30fc\u30ed\u30f3\u30b2|24/100\n|\n|upkeep\n|turn|2\n|inactive|quisiimo has 30 seconds left.\n|\n|t:|1775629420\n|move|p1b: Incineroar|Fake Out|p2a: \u30d0\u30c9\u30ec\u30c3\u30af\u30b9\n|-damage|p2a: \u30d0\u30c9\u30ec\u30c3\u30af\u30b9|95/100\n|move|p2b: \u30aa\u30fc\u30ed\u30f3\u30b2|Thunder Wave|p1a: Zamazenta\n|-status|p1a: Zamazenta|par\n|move|p1a: Zamazenta|Body Press|p2b: \u30aa\u30fc\u30ed\u30f3\u30b2\n|-damage|p2b: \u30aa\u30fc\u30ed\u30f3\u30b2|0 fnt\n|faint|p2b: \u30aa\u30fc\u30ed\u30f3\u30b2\n|cant|p2a: \u30d0\u30c9\u30ec\u30c3\u30af\u30b9|flinch\n|\n|-heal|p2a: \u30d0\u30c9\u30ec\u30c3\u30af\u30b9|100/100|[from] item: Leftovers\n|upkeep\n|\n|t:|1775629441\n|switch|p2b: \u30a6\u30fc\u30e9\u30aa\u30b9|Urshifu-Rapid-Strike, L50, M|100/100\n|turn|3\n|l|\u2606Chheevcheev\n|inactive|Chheevcheev disconnected and has a minute to reconnect!\n|player|p2|\n|\n|t:|1775629454\n|switch|p1a: Raging Bolt|Raging Bolt, L50|100/100\n|move|p2b: \u30a6\u30fc\u30e9\u30aa\u30b9|Surging Strikes|p1b: Incineroar\n|-supereffective|p1b: Incineroar\n|-crit|p1b: Incineroar\n|-damage|p1b: Incineroar|46/100\n|-supereffective|p1b: Incineroar\n|-crit|p1b: Incineroar\n|-damage|p1b: Incineroar|0 fnt\n|faint|p1b: Incineroar\n|-hitcount|p1: Incineroar|2\n|move|p2a: \u30d0\u30c9\u30ec\u30c3\u30af\u30b9|Trick Room|p2a: \u30d0\u30c9\u30ec\u30c3\u30af\u30b9\n|-fieldstart|move: Trick Room|[of] p2a: \u30d0\u30c9\u30ec\u30c3\u30af\u30b9\n|\n|upkeep\n|j|\u2606Chheevcheev\n|inactive|Chheevcheev reconnected.\n|player|p2|Chheevcheev|iris-gen5bw2|\n|\n|t:|1775629473\n|switch|p1b: Zamazenta|Zamazenta-Crowned, L50, shiny|100/100 par\n|turn|4\n|inactive|quisiimo has 30 seconds left.\n|\n|t:|1775629504\n|switch|p2b: \u30ac\u30c1\u30b0\u30de|Ursaluna, L50, F|100/100\n|-terastallize|p1b: Zamazenta|Water\n|move|p1a: Raging Bolt|Thunderclap||[still]\n|-fail|p1a: Raging Bolt\n|move|p2a: \u30d0\u30c9\u30ec\u30c3\u30af\u30b9|Leech Seed|p1b: Zamazenta\n|-start|p1b: Zamazenta|move: Leech Seed\n|cant|p1b: Zamazenta|par\n|\n|-damage|p1b: Zamazenta|89/100 par|[from] Leech Seed|[of] p2a: \u30d0\u30c9\u30ec\u30c3\u30af\u30b9\n|-status|p2b: \u30ac\u30c1\u30b0\u30de|brn|[from] item: Flame Orb\n|upkeep\n|turn|5\n|l|\u2606Chheevcheev\n|inactive|Chheevcheev disconnected and has a minute to reconnect!\n|player|p2|\n|j|\u2606Chheevcheev\n|inactive|Chheevcheev reconnected and has 45 seconds left.\n|player|p2|Chheevcheev|iris-gen5bw2|\n|inactive|quisiimo has 30 seconds left.\n|inactive|Chheevcheev has 30 seconds left.\n|inactive|Chheevcheev has 20 seconds left.\n|\n|t:|1775629540\n|move|p1a: Raging Bolt|Thunderclap||[still]\n|-fail|p1a: Raging Bolt\n|move|p2a: \u30d0\u30c9\u30ec\u30c3\u30af\u30b9|Leech Seed|p1a: Raging Bolt\n|-start|p1a: Raging Bolt|move: Leech Seed\n|move|p1b: Zamazenta|Body Press|p2b: \u30ac\u30c1\u30b0\u30de\n|-supereffective|p2b: \u30ac\u30c1\u30b0\u30de\n|-damage|p2b: \u30ac\u30c1\u30b0\u30de|50/100 brn\n|move|p2b: \u30ac\u30c1\u30b0\u30de|Facade|p1b: Zamazenta\n|-damage|p1b: Zamazenta|7/100 par\n|\n|-damage|p1b: Zamazenta|0 fnt|[from] Leech Seed|[of] p2a: \u30d0\u30c9\u30ec\u30c3\u30af\u30b9\n|faint|p1b: Zamazenta\n|-damage|p1a: Raging Bolt|88/100|[from] Leech Seed|[of] p2a: \u30d0\u30c9\u30ec\u30c3\u30af\u30b9\n|-damage|p2b: \u30ac\u30c1\u30b0\u30de|44/100 brn|[from] brn\n|upkeep\n|\n|t:|1775629556\n|switch|p1b: Calyrex|Calyrex-Shadow, L50|100/100\n|-ability|p1b: Calyrex|As One\n|-ability|p1b: Calyrex|Unnerve\n|turn|6\n|\n|t:|1775629573\n|-terastallize|p2a: \u30d0\u30c9\u30ec\u30c3\u30af\u30b9|Fairy\n|move|p1b: Calyrex|Protect|p1b: Calyrex\n|-singleturn|p1b: Calyrex|Protect\n|move|p2a: \u30d0\u30c9\u30ec\u30c3\u30af\u30b9|Glacial Lance|p1a: Raging Bolt|[spread] p1a\n|-activate|p1b: Calyrex|move: Protect\n|-supereffective|p1a: Raging Bolt\n|-damage|p1a: Raging Bolt|28/100\n|move|p2b: \u30ac\u30c1\u30b0\u30de|Headlong Rush|p1b: Calyrex\n|-activate|p1b: Calyrex|move: Protect\n|move|p1a: Raging Bolt|Dragon Pulse|p2b: \u30ac\u30c1\u30b0\u30de\n|-damage|p2b: \u30ac\u30c1\u30b0\u30de|0 fnt\n|faint|p2b: \u30ac\u30c1\u30b0\u30de\n|\n|-damage|p1a: Raging Bolt|16/100|[from] Leech Seed|[of] p2a: \u30d0\u30c9\u30ec\u30c3\u30af\u30b9\n|upkeep\n|\n|t:|1775629584\n|switch|p2b: \u30a6\u30fc\u30e9\u30aa\u30b9|Urshifu-Rapid-Strike, L50, M|100/100\n|turn|7\n|inactive|quisiimo has 30 seconds left.\n|\n|t:|1775629611\n|move|p1a: Raging Bolt|Thunderclap|p2b: \u30a6\u30fc\u30e9\u30aa\u30b9\n|-supereffective|p2b: \u30a6\u30fc\u30e9\u30aa\u30b9\n|-damage|p2b: \u30a6\u30fc\u30e9\u30aa\u30b9|4/100\n|move|p2a: \u30d0\u30c9\u30ec\u30c3\u30af\u30b9|Glacial Lance|p1a: Raging Bolt|[spread] p1a,p1b\n|-supereffective|p1a: Raging Bolt\n|-damage|p1a: Raging Bolt|0 fnt\n|-damage|p1b: Calyrex|55/100\n|faint|p1a: Raging Bolt\n|-end|p1a: Raging Bolt|Protosynthesis|[silent]\n|-ability|p2a: \u30d0\u30c9\u30ec\u30c3\u30af\u30b9|Chilling Neigh|boost\n|-boost|p2a: \u30d0\u30c9\u30ec\u30c3\u30af\u30b9|atk|1\n|move|p2b: \u30a6\u30fc\u30e9\u30aa\u30b9|Surging Strikes|p1b: Calyrex\n|-crit|p1b: Calyrex\n|-damage|p1b: Calyrex|17/100\n|-crit|p1b: Calyrex\n|-damage|p1b: Calyrex|0 fnt\n|faint|p1b: Calyrex\n|-hitcount|p1: Calyrex|2\n|\n|win|Chheevcheev\n|raw|quisiimo's rating: 1420 &rarr; <strong>1402</strong><br />(-18 for losing)\n|raw|Chheevcheev's rating: 1461 &rarr; <strong>1479</strong><br />(+18 for winning)\n|l|\u2606quisiimo\n|player|p1|\n|l|\u2606Chheevcheev\n|player|p2|\n","uploadtime":1775629819,"views":7,"formatid":"gen9vgc2026regi","rating":1402,"private":0,"password":null}