{"id":"gen9vgc2026regi-2559592932","format":"[Gen 9] VGC 2026 Reg I","players":["jonen","somewhat_a_yokai"],"log":"|j|\u2606jonen\n|j|\u2606somewhat_a_yokai\n|t:|1773590055\n|gametype|doubles\n|player|p1|jonen|medium|1160\n|player|p2|somewhat_a_yokai|falkner|1083\n|gen|9\n|tier|[Gen 9] VGC 2026 Reg I\n|rated|\n|rule|Species Clause: Limit one of each Pok\u00e9mon\n|rule|Item Clause: Limit 1 of each item\n|clearpoke\n|poke|p1|Calyrex-Ice, L50|\n|poke|p1|Scraggy, L50, F|\n|poke|p1|Miraidon, L50|\n|poke|p1|Farigiraf, L50, F|\n|poke|p1|Iron Treads, L50|\n|poke|p1|Iron Hands, L50|\n|poke|p2|Dondozo, L50, M|\n|poke|p2|Tatsugiri, L50, M|\n|poke|p2|Flamigo, L50, M|\n|poke|p2|Annihilape, L50, M|\n|poke|p2|Lugia, L50|\n|poke|p2|Amoonguss, L50, F|\n|teampreview|4\n|\n|t:|1773590086\n|teamsize|p1|4\n|teamsize|p2|4\n|start\n|switch|p1a: Miraidon|Miraidon, L50|100/100\n|switch|p1b: Iron Hands|Iron Hands, L50|100/100\n|switch|p2a: Tatsugiri|Tatsugiri, L50, M|100/100\n|switch|p2b: Annihilape|Annihilape, L50, M|100/100\n|-fieldstart|move: Electric Terrain|[from] ability: Hadron Engine|[of] p1a: Miraidon\n|-activate|p1b: Iron Hands|ability: Quark Drive\n|-start|p1b: Iron Hands|quarkdriveatk\n|turn|1\n|\n|t:|1773590100\n|move|p2a: Tatsugiri|Endure|p2a: Tatsugiri\n|-singleturn|p2a: Tatsugiri|move: Endure\n|move|p1b: Iron Hands|Fake Out|p2a: Tatsugiri\n|-damage|p2a: Tatsugiri|63/100\n|move|p2b: Annihilape|Final Gambit|p2a: Tatsugiri\n|-activate|p2a: Tatsugiri|move: Endure\n|-damage|p2a: Tatsugiri|1/100\n|faint|p2b: Annihilape\n|move|p1a: Miraidon|Volt Switch|p2a: Tatsugiri\n|-activate|p2a: Tatsugiri|move: Endure\n|-damage|p2a: Tatsugiri|1/100\n|\n|t:|1773590117\n|switch|p1a: Calyrex|Calyrex-Ice, L50|100/100|[from] Volt Switch\n|-ability|p1a: Calyrex|As One\n|-ability|p1a: Calyrex|Unnerve\n|\n|-status|p2a: Tatsugiri|tox|[from] item: Toxic Orb\n|upkeep\n|\n|t:|1773590124\n|switch|p2b: Dondozo|Dondozo, L50, M|100/100\n|-activate|p2a: Tatsugiri|ability: Commander|[of] p2b: Dondozo\n|-boost|p2b: Dondozo|atk|2\n|-boost|p2b: Dondozo|spa|2\n|-boost|p2b: Dondozo|spe|2\n|-boost|p2b: Dondozo|def|2\n|-boost|p2b: Dondozo|spd|2\n|turn|2\n|\n|t:|1773590161\n|move|p2b: Dondozo|Order Up|p1b: Iron Hands\n|-damage|p1b: Iron Hands|62/100\n|-boost|p2b: Dondozo|atk|1\n|move|p1b: Iron Hands|Wild Charge|p2b: Dondozo\n|-supereffective|p2b: Dondozo\n|-damage|p2b: Dondozo|36/100\n|-enditem|p2b: Dondozo|Weakness Policy\n|-boost|p2b: Dondozo|atk|2|[from] item: Weakness Policy\n|-boost|p2b: Dondozo|spa|2|[from] item: Weakness Policy\n|-damage|p1b: Iron Hands|47/100|[from] Recoil\n|move|p1a: Calyrex|Trick Room|p1a: Calyrex\n|-fieldstart|move: Trick Room|[of] p1a: Calyrex\n|\n|-damage|p2a: Tatsugiri|0 fnt|[from] psn\n|faint|p2a: Tatsugiri\n|upkeep\n|\n|t:|1773590173\n|switch|p2a: Flamigo|Flamigo, L50, M|100/100\n|-copyboost|p2a: Flamigo|p2b: Dondozo|[from] ability: Costar\n|turn|3\n|c|\u2606jonen|Lol WP dozo is crazy\n|\n|t:|1773590185\n|move|p1a: Calyrex|Glacial Lance|p2a: Flamigo|[spread] p2a,p2b\n|-supereffective|p2a: Flamigo\n|-resisted|p2b: Dondozo\n|-damage|p2a: Flamigo|19/100\n|-damage|p2b: Dondozo|25/100\n|move|p1b: Iron Hands|Wild Charge|p2a: Flamigo\n|-supereffective|p2a: Flamigo\n|-crit|p2a: Flamigo\n|-damage|p2a: Flamigo|0 fnt\n|faint|p2a: Flamigo\n|-damage|p1b: Iron Hands|44/100|[from] Recoil\n|move|p2b: Dondozo|Order Up|p1b: Iron Hands\n|-damage|p1b: Iron Hands|0 fnt\n|faint|p1b: Iron Hands\n|-end|p1b: Iron Hands|Quark Drive|[silent]\n|-boost|p2b: Dondozo|atk|1\n|\n|upkeep\n|\n|t:|1773590197\n|switch|p1b: Scraggy|Scraggy, L50, F|100/100\n|-ability|p1b: Scraggy|Intimidate|boost\n|-unboost|p2b: Dondozo|atk|1\n|turn|4\n|\n|t:|1773590215\n|move|p1b: Scraggy|Fake Out|p2b: Dondozo\n|-damage|p2b: Dondozo|22/100\n|cant|p2b: Dondozo|flinch\n|move|p1a: Calyrex|Trick Room|p1a: Calyrex\n|-fieldend|move: Trick Room\n|\n|upkeep\n|turn|5\n|\n|t:|1773590222\n|move|p2b: Dondozo|Order Up|p1a: Calyrex\n|-damage|p1a: Calyrex|45/100\n|-boost|p2b: Dondozo|atk|1\n|move|p1a: Calyrex|Glacial Lance|p2b: Dondozo\n|-resisted|p2b: Dondozo\n|-damage|p2b: Dondozo|7/100\n|move|p1b: Scraggy|Foul Play|p2b: Dondozo\n|-damage|p2b: Dondozo|0 fnt\n|faint|p2b: Dondozo\n|\n|win|jonen\n|raw|jonen's rating: 1160 &rarr; <strong>1180</strong><br />(+20 for winning)\n|raw|somewhat_a_yokai's rating: 1083 &rarr; <strong>1065</strong><br />(-18 for losing)\n","uploadtime":1773590223,"views":15,"formatid":"gen9vgc2026regi","rating":1065,"private":0,"password":null}