{"id":"gen9vgc2026regi-2573382985","format":"[Gen 9] VGC 2026 Reg I","players":["Simon0123","henitusec"],"log":"|j|\u2606Simon0123\n|j|\u2606henitusec\n|t:|1775130780\n|gametype|doubles\n|player|p1|Simon0123|benga|1242\n|player|p2|henitusec|diantha|1319\n|gen|9\n|tier|[Gen 9] VGC 2026 Reg I\n|rated|\n|rule|Species Clause: Limit one of each Pok\u00e9mon\n|rule|Item Clause: Limit 1 of each item\n|clearpoke\n|poke|p1|Lunala, L50|\n|poke|p1|Groudon, L50|\n|poke|p1|Indeedee-F, L50, F|\n|poke|p1|Ursaluna-Bloodmoon, L50, M|\n|poke|p1|Incineroar, L50, M|\n|poke|p1|Gallade, L50, M|\n|poke|p2|Calyrex-Shadow, L50|\n|poke|p2|Zamazenta-*, L50|\n|poke|p2|Chien-Pao, L50|\n|poke|p2|Dragonite, L50, M|\n|poke|p2|Raging Bolt, L50|\n|poke|p2|Amoonguss, L50, F|\n|teampreview|4\n|inactive|Battle timer is ON: inactive players will automatically lose when time's up. (requested by henitusec)\n|inactive|Simon0123 also wants the timer to be on.\nhenitusec rejected open team sheets.\n|inactive|Simon0123 has 60 seconds left.\n|\n|t:|1775130832\n|teamsize|p1|4\n|teamsize|p2|4\n|start\n|switch|p1a: Lunala|Lunala, L50|100/100\n|switch|p1b: Indeedee|Indeedee-F, L50, F|100/100\n|switch|p2a: PinkPonyClub|Calyrex-Shadow, L50|100/100\n|switch|p2b: protec|Zamazenta-Crowned, L50|100/100\n|-ability|p2a: PinkPonyClub|As One\n|-ability|p2a: PinkPonyClub|Unnerve\n|-ability|p2b: protec|Dauntless Shield|boost\n|-boost|p2b: protec|def|1\n|-fieldstart|move: Psychic Terrain|[from] ability: Psychic Surge|[of] p1b: Indeedee\n|-enditem|p1b: Indeedee|Psychic Seed\n|-boost|p1b: Indeedee|spd|1|[from] item: Psychic Seed\n|turn|1\n|inactive|Simon0123 has 30 seconds left.\n|\n|t:|1775130864\n|-terastallize|p1a: Lunala|Fairy\n|move|p2a: PinkPonyClub|Taunt|p1b: Indeedee\n|-start|p1b: Indeedee|move: Taunt\n|move|p2b: protec|Heavy Slam|p1a: Lunala\n|-supereffective|p1a: Lunala\n|-damage|p1a: Lunala|64/100\n|move|p1b: Indeedee|Psychic|p2b: protec\n|-damage|p2b: protec|76/100\n|move|p1a: Lunala|Trick Room|p1a: Lunala\n|-fieldstart|move: Trick Room|[of] p1a: Lunala\n|\n|upkeep\n|turn|2\n|inactive|Simon0123 has 30 seconds left.\n|inactive|henitusec has 30 seconds left.\n|\n|t:|1775130891\n|switch|p1b: Gallade|Gallade, L50, M|100/100\n|move|p2b: protec|Wide Guard|p2b: protec\n|-singleturn|p2b: protec|Wide Guard\n|move|p1a: Lunala|Moongeist Beam|p2a: PinkPonyClub\n|-supereffective|p2a: PinkPonyClub\n|-enditem|p2a: PinkPonyClub|Focus Sash\n|-damage|p2a: PinkPonyClub|1/100\n|move|p2a: PinkPonyClub|Astral Barrage|p1b: Gallade|[spread] p1a,p1b\n|-supereffective|p1b: Gallade\n|-damage|p1a: Lunala|28/100\n|-damage|p1b: Gallade|4/100\n|\n|upkeep\n|turn|3\n|\n|t:|1775130911\n|-terastallize|p2b: protec|Dragon\n|move|p2a: PinkPonyClub|Protect|p2a: PinkPonyClub\n|-singleturn|p2a: PinkPonyClub|Protect\n|move|p1b: Gallade|Sacred Sword|p2b: protec\n|-damage|p2b: protec|36/100\n|move|p1a: Lunala|Meteor Beam||[still]\n|-prepare|p1a: Lunala|Meteor Beam\n|-boost|p1a: Lunala|spa|1\n|-enditem|p1a: Lunala|Power Herb\n|-anim|p1a: Lunala|Meteor Beam|p2a: PinkPonyClub\n|-activate|p2a: PinkPonyClub|move: Protect\n|move|p2b: protec|Heavy Slam|p1a: Lunala\n|-supereffective|p1a: Lunala\n|-damage|p1a: Lunala|0 fnt\n|faint|p1a: Lunala\n|\n|upkeep\n|\n|t:|1775130923\n|switch|p1a: Groudon|Groudon, L50|100/100\n|-weather|SunnyDay|[from] ability: Drought|[of] p1a: Groudon\n|turn|4\n|inactive|Simon0123 has 30 seconds left.\n|\n|t:|1775130957\n|move|p2b: protec|Wide Guard|p2b: protec\n|-singleturn|p2b: protec|Wide Guard\n|move|p1b: Gallade|Sacred Sword|p2b: protec\n|-damage|p2b: protec|0 fnt\n|faint|p2b: protec\n|move|p1a: Groudon|Heat Crash|p2a: PinkPonyClub\n|-damage|p2a: PinkPonyClub|0 fnt\n|faint|p2a: PinkPonyClub\n|\n|-weather|SunnyDay|[upkeep]\n|upkeep\n|\n|t:|1775130965\n|switch|p2b: tera ghost|Chien-Pao, L50|100/100\n|switch|p2a: night|Dragonite, L50, M|100/100\n|-ability|p2b: tera ghost|Sword of Ruin\n|turn|5\n|inactive|Simon0123 has 30 seconds left.\n|\n|t:|1775130999\n|move|p1b: Gallade|Sacred Sword|p2b: tera ghost\n|-supereffective|p2b: tera ghost\n|-damage|p2b: tera ghost|0 fnt\n|faint|p2b: tera ghost\n|move|p1a: Groudon|Precipice Blades|p2a: night\n|-immune|p2a: night\n|move|p2a: night|Outrage|p1a: Groudon\n|-damage|p1a: Groudon|30/100\n|\n|-weather|SunnyDay|[upkeep]\n|-fieldend|move: Trick Room\n|-fieldend|move: Psychic Terrain\n|upkeep\n|turn|6\n|\n|t:|1775131012\n|move|p1a: Groudon|Protect|p1a: Groudon\n|-singleturn|p1a: Groudon|Protect\n|move|p2a: night|Outrage|p1b: Gallade|[from] lockedmove\n|-damage|p1b: Gallade|0 fnt\n|faint|p1b: Gallade\n|-start|p2a: night|confusion|[fatigue]\n|\n|-weather|SunnyDay|[upkeep]\n|upkeep\n|\n|t:|1775131017\n|switch|p1b: Indeedee|Indeedee-F, L50, F|100/100\n|-fieldstart|move: Psychic Terrain|[from] ability: Psychic Surge|[of] p1b: Indeedee\n|turn|7\n|\n|t:|1775131026\n|-activate|p2a: night|confusion\n|move|p2a: night|Outrage|p1a: Groudon\n|-damage|p1a: Groudon|0 fnt\n|faint|p1a: Groudon\n|move|p1b: Indeedee|Psychic|p2a: night\n|-damage|p2a: night|64/100\n|-unboost|p2a: night|spd|1\n|\n|-weather|SunnyDay|[upkeep]\n|upkeep\n|turn|8\n|\n|t:|1775131035\n|-activate|p2a: night|confusion\n|move|p2a: night|Outrage|p1b: Indeedee|[from] lockedmove\n|-damage|p1b: Indeedee|0 fnt\n|faint|p1b: Indeedee\n|\n|win|henitusec\n|raw|Simon0123's rating: 1242 &rarr; <strong>1222</strong><br />(-20 for losing)\n|raw|henitusec's rating: 1319 &rarr; <strong>1335</strong><br />(+16 for winning)\n","uploadtime":1775131039,"views":15,"formatid":"gen9vgc2026regi","rating":1222,"private":0,"password":null}