{"id":"gen9vgc2026regi-2586942292","format":"[Gen 9] VGC 2026 Reg I","players":["cumbionsalvaje","clessvgc"],"log":"|j|\u2606cumbionsalvaje\n|j|\u2606clessvgc\n|t:|1776474040\n|gametype|doubles\n|player|p1|cumbionsalvaje|ingo|1153\n|player|p2|clessvgc|proton|1238\n|gen|9\n|tier|[Gen 9] VGC 2026 Reg I\n|rated|\n|rule|Species Clause: Limit one of each Pok\u00e9mon\n|rule|Item Clause: Limit 1 of each item\n|clearpoke\n|poke|p1|Terapagos, L50, M|\n|poke|p1|Incineroar, L50, M|\n|poke|p1|Rillaboom, L50, F|\n|poke|p1|Ogerpon-Cornerstone, L50, F|\n|poke|p1|Flutter Mane, L50|\n|poke|p1|Calyrex-Shadow, L50|\n|poke|p2|Grimmsnarl, L50, M|\n|poke|p2|Landorus-Therian, L50, M|\n|poke|p2|Weezing-Galar, L50, F|\n|poke|p2|Calyrex-Shadow, L50|\n|poke|p2|Rayquaza, L50|\n|poke|p2|Typhlosion-Hisui, L50, F|\n|teampreview|4\n|inactive|Battle timer is ON: inactive players will automatically lose when time's up. (requested by clessvgc)\n|\n|t:|1776474069\n|teamsize|p1|4\n|teamsize|p2|4\n|start\n|switch|p1a: Calyrex|Calyrex-Shadow, L50|100/100\n|switch|p1b: Flutter Mane|Flutter Mane, L50|100/100\n|switch|p2a: Typhlosion|Typhlosion-Hisui, L50, F|100/100\n|switch|p2b: Weezing|Weezing-Galar, L50, F|100/100\n|-ability|p2b: Weezing|Neutralizing Gas\n|-ability|p1a: Calyrex|As One\n|-ability|p1a: Calyrex|Unnerve\n|turn|1\n|\n|t:|1776474087\n|-terastallize|p2a: Typhlosion|Fire\n|move|p2a: Typhlosion|Eruption|p1b: Flutter Mane|[spread] p1a,p1b\n|-damage|p1a: Calyrex|28/100\n|-damage|p1b: Flutter Mane|41/100\n|move|p1a: Calyrex|Astral Barrage|p2a: Typhlosion|[spread] p2a,p2b\n|-damage|p2a: Typhlosion|25/100\n|-damage|p2b: Weezing|52/100\n|move|p1b: Flutter Mane|Icy Wind|p2a: Typhlosion|[spread] p2a,p2b\n|-resisted|p2a: Typhlosion\n|-damage|p2a: Typhlosion|16/100\n|-damage|p2b: Weezing|40/100\n|-unboost|p2a: Typhlosion|spe|1\n|-unboost|p2b: Weezing|spe|1\n|move|p2b: Weezing|Sludge Bomb|p1a: Calyrex\n|-resisted|p1a: Calyrex\n|-damage|p1a: Calyrex|15/100\n|-status|p1a: Calyrex|psn\n|\n|-damage|p1a: Calyrex|2/100 psn|[from] psn\n|upkeep\n|turn|2\n|\n|t:|1776474104\n|move|p2b: Weezing|Protect|p2b: Weezing\n|-singleturn|p2b: Weezing|Protect\n|move|p1a: Calyrex|Astral Barrage|p2b: Weezing|[spread] p2a\n|-activate|p2b: Weezing|move: Protect\n|-damage|p2a: Typhlosion|0 fnt\n|faint|p2a: Typhlosion\n|-ability|p1a: Calyrex|Grim Neigh|boost\n|-boost|p1a: Calyrex|spa|1\n|move|p1b: Flutter Mane|Icy Wind|p2b: Weezing\n|-activate|p2b: Weezing|move: Protect\n|\n|-damage|p1a: Calyrex|0 fnt|[from] psn\n|faint|p1a: Calyrex\n|upkeep\n|-enditem|p2b: Weezing|Sitrus Berry|[eat]\n|-heal|p2b: Weezing|65/100|[from] item: Sitrus Berry\n|\n|t:|1776474128\n|switch|p1a: Terapagos|Terapagos, L50, M|100/100\n|switch|p2a: Calyrex|Calyrex-Shadow, L50|100/100\n|-activate|p1a: Terapagos|ability: Tera Shift\n|detailschange|p1a: Terapagos|Terapagos-Terastal, L50, M\n|-heal|p1a: Terapagos|100/100|[silent]\n|-ability|p2a: Calyrex|As One\n|-ability|p2a: Calyrex|Unnerve\n|turn|3\n|\n|t:|1776474146\n|-end|p1b: Flutter Mane|Protosynthesis|[silent]\n|switch|p1b: Incineroar|Incineroar, L50, M|100/100\n|move|p2a: Calyrex|Protect|p2a: Calyrex\n|-singleturn|p2a: Calyrex|Protect\n|move|p1a: Terapagos|Calm Mind|p1a: Terapagos\n|-boost|p1a: Terapagos|spa|1\n|-boost|p1a: Terapagos|spd|1\n|move|p2b: Weezing|Sludge Bomb|p1a: Terapagos\n|-damage|p1a: Terapagos|84/100\n|\n|-heal|p1a: Terapagos|91/100|[from] item: Leftovers\n|upkeep\n|turn|4\n|\n|t:|1776474169\n|move|p1b: Incineroar|Fake Out|p2b: Weezing\n|-damage|p2b: Weezing|56/100\n|move|p2a: Calyrex|Encore|p1a: Terapagos\n|-start|p1a: Terapagos|Encore\n|move|p1a: Terapagos|Calm Mind|p1a: Terapagos\n|-boost|p1a: Terapagos|spa|1\n|-boost|p1a: Terapagos|spd|1\n|cant|p2b: Weezing|flinch\n|\n|-heal|p1a: Terapagos|97/100|[from] item: Leftovers\n|upkeep\n|turn|5\n|\n|t:|1776474187\n|move|p2a: Calyrex|Encore|p1b: Incineroar\n|-start|p1b: Incineroar|Encore\n|move|p1a: Terapagos|Calm Mind|p1a: Terapagos\n|-boost|p1a: Terapagos|spa|1\n|-boost|p1a: Terapagos|spd|1\n|move|p1b: Incineroar|Fake Out||[still]\n|-hint|Fake Out only works on your first turn out.\n|-fail|p1b: Incineroar\n|move|p2b: Weezing|Sludge Bomb|p1b: Incineroar\n|-damage|p1b: Incineroar|76/100\n|\n|-heal|p1a: Terapagos|100/100|[from] item: Leftovers\n|upkeep\n|turn|6\n|\n|t:|1776474199\n|switch|p1b: Flutter Mane|Flutter Mane, L50|41/100\n|move|p2a: Calyrex|Astral Barrage|p1a: Terapagos|[spread] p1b\n|-immune|p1a: Terapagos\n|-supereffective|p1b: Flutter Mane\n|-damage|p1b: Flutter Mane|0 fnt\n|faint|p1b: Flutter Mane\n|-end|p1b: Flutter Mane|Protosynthesis|[silent]\n|-ability|p2a: Calyrex|Grim Neigh|boost\n|-boost|p2a: Calyrex|spa|1\n|move|p1a: Terapagos|Calm Mind|p1a: Terapagos\n|-boost|p1a: Terapagos|spa|1\n|-boost|p1a: Terapagos|spd|1\n|move|p2b: Weezing|Haze|p2b: Weezing\n|-clearallboost\n|\n|-end|p1a: Terapagos|Encore\n|upkeep\n|\n|t:|1776474215\n|switch|p1b: Incineroar|Incineroar, L50, M|76/100\n|turn|7\n|\n|t:|1776474221\n|-end|p2b: Weezing|ability: Neutralizing Gas\n|-ability|p1b: Incineroar|Intimidate|boost\n|-unboost|p2a: Calyrex|atk|1\n|-unboost|p2b: Weezing|atk|1\n|switch|p2b: Rayquaza|Rayquaza, L50|100/100\n|-ability|p2b: Rayquaza|Air Lock\n|move|p1a: Terapagos|Protect|p1a: Terapagos\n|-singleturn|p1a: Terapagos|Protect\n|move|p2a: Calyrex|Encore|p1a: Terapagos\n|-activate|p1a: Terapagos|move: Protect\n|move|p1b: Incineroar|Knock Off|p2a: Calyrex\n|-supereffective|p2a: Calyrex\n|-enditem|p2a: Calyrex|Focus Sash\n|-damage|p2a: Calyrex|1/100\n|\n|upkeep\n|turn|8\n|\n|t:|1776474238\n|move|p1a: Terapagos|Protect||[still]\n|-fail|p1a: Terapagos\n|move|p2a: Calyrex|Encore|p1a: Terapagos\n|-start|p1a: Terapagos|Encore\n|move|p2b: Rayquaza|Swords Dance|p2b: Rayquaza\n|-boost|p2b: Rayquaza|atk|2\n|move|p1b: Incineroar|Knock Off|p2a: Calyrex\n|-supereffective|p2a: Calyrex\n|-damage|p2a: Calyrex|0 fnt\n|faint|p2a: Calyrex\n|\n|upkeep\n|\n|t:|1776474240\n|switch|p2a: Weezing|Weezing-Galar, L50, F|56/100\n|-ability|p2a: Weezing|Neutralizing Gas\n|turn|9\n|\n|t:|1776474252\n|move|p1a: Terapagos|Protect|p1a: Terapagos\n|-singleturn|p1a: Terapagos|Protect\n|move|p2b: Rayquaza|Swords Dance|p2b: Rayquaza\n|-boost|p2b: Rayquaza|atk|2\n|move|p2a: Weezing|Sludge Bomb|p1b: Incineroar\n|-damage|p1b: Incineroar|49/100\n|move|p1b: Incineroar|Will-O-Wisp|p2b: Rayquaza\n|-status|p2b: Rayquaza|brn\n|\n|-damage|p2b: Rayquaza|94/100 brn|[from] brn\n|upkeep\n|turn|10\n|\n|t:|1776474271\n|move|p1a: Terapagos|Protect||[still]\n|-fail|p1a: Terapagos\n|move|p2b: Rayquaza|Dragon Ascent|p1b: Incineroar\n|-damage|p1b: Incineroar|0 fnt\n|-unboost|p2b: Rayquaza|def|1\n|-unboost|p2b: Rayquaza|spd|1\n|-damage|p2b: Rayquaza|78/100 brn|[from] item: Rocky Helmet|[of] p1b: Incineroar\n|faint|p1b: Incineroar\n|move|p2a: Weezing|Sludge Bomb|p1a: Terapagos\n|-damage|p1a: Terapagos|77/100\n|-status|p1a: Terapagos|psn\n|\n|-heal|p1a: Terapagos|83/100 psn|[from] item: Leftovers\n|-damage|p1a: Terapagos|71/100 psn|[from] psn\n|-damage|p2b: Rayquaza|72/100 brn|[from] brn\n|upkeep\n|turn|11\n|\n|t:|1776474284\n|move|p1a: Terapagos|Protect|p1a: Terapagos\n|-singleturn|p1a: Terapagos|Protect\n|move|p2b: Rayquaza|Swords Dance|p2b: Rayquaza\n|-boost|p2b: Rayquaza|atk|2\n|move|p2a: Weezing|Sludge Bomb|p1a: Terapagos\n|-activate|p1a: Terapagos|move: Protect\n|\n|-heal|p1a: Terapagos|77/100 psn|[from] item: Leftovers\n|-damage|p1a: Terapagos|65/100 psn|[from] psn\n|-damage|p2b: Rayquaza|66/100 brn|[from] brn\n|-end|p1a: Terapagos|Encore\n|upkeep\n|turn|12\n|\n|t:|1776474292\n|-terastallize|p1a: Terapagos|Stellar\n|detailschange|p1a: Terapagos|Terapagos-Stellar, L50, M, tera:Stellar\n|-heal|p1a: Terapagos|74/100 psn|[silent]\n|move|p1a: Terapagos|Tera Starstorm|p2b: Rayquaza|[spread] p2a,p2b\n|-damage|p2a: Weezing|22/100\n|-damage|p2b: Rayquaza|19/100 brn\n|move|p2b: Rayquaza|Dragon Ascent|p1a: Terapagos\n|-damage|p1a: Terapagos|3/100 psn\n|-unboost|p2b: Rayquaza|def|1\n|-unboost|p2b: Rayquaza|spd|1\n|move|p2a: Weezing|Sludge Bomb|p1a: Terapagos\n|-damage|p1a: Terapagos|0 fnt\n|faint|p1a: Terapagos\n|detailschange|p1: Terapagos|Terapagos, L50, M|[silent]\n|\n|win|clessvgc\n|raw|cumbionsalvaje's rating: 1153 &rarr; <strong>1134</strong><br />(-19 for losing)\n|raw|clessvgc's rating: 1238 &rarr; <strong>1257</strong><br />(+19 for winning)\n","uploadtime":1776474297,"views":9,"formatid":"gen9vgc2026regi","rating":1134,"private":0,"password":null}