{"id":"gen9vgc2026regi-2565696463","format":"[Gen 9] VGC 2026 Reg I","players":["truth this","itastelikeiron"],"log":"|j|\u2606truth this\n|j|\u2606itastelikeiron\n|t:|1774296187\n|gametype|doubles\n|player|p1|truth this|266|1323\n|player|p2|itastelikeiron|infielder|1419\n|gen|9\n|tier|[Gen 9] VGC 2026 Reg I\n|rated|\n|rule|Species Clause: Limit one of each Pok\u00e9mon\n|rule|Item Clause: Limit 1 of each item\n|clearpoke\n|poke|p1|Miraidon, L50|\n|poke|p1|Whimsicott, L50, M|\n|poke|p1|Terrakion, L50|\n|poke|p1|Cresselia, L50, F|\n|poke|p1|Ursaluna, L50, F|\n|poke|p1|Lunala, L50|\n|poke|p2|Tsareena, L50, F|\n|poke|p2|Kyogre, L50|\n|poke|p2|Basculegion, L50, M|\n|poke|p2|Tornadus, L50, M|\n|poke|p2|Incineroar, L50, M|\n|poke|p2|Zacian-*, L50|\n|teampreview|4\n|inactive|Battle timer is ON: inactive players will automatically lose when time's up. (requested by truth this)\n|\n|t:|1774296237\n|teamsize|p1|4\n|teamsize|p2|4\n|start\n|switch|p1a: Miraidon|Miraidon, L50|100/100\n|switch|p1b: Whimsicott|Whimsicott, L50, M|100/100\n|switch|p2a: Incineroar|Incineroar, L50, M|100/100\n|switch|p2b: Kyogre|Kyogre, L50|100/100\n|-weather|RainDance|[from] ability: Drizzle|[of] p2b: Kyogre\n|-fieldstart|move: Electric Terrain|[from] ability: Hadron Engine|[of] p1a: Miraidon\n|-ability|p2a: Incineroar|Intimidate|boost\n|-unboost|p1a: Miraidon|atk|1\n|-unboost|p1b: Whimsicott|atk|1\n|turn|1\n|\n|t:|1774296251\n|-terastallize|p2b: Kyogre|Water\n|move|p2a: Incineroar|Fake Out|p1a: Miraidon\n|-damage|p1a: Miraidon|91/100\n|move|p1b: Whimsicott|Tailwind|p1b: Whimsicott\n|-sidestart|p1: truth this|move: Tailwind\n|cant|p1a: Miraidon|flinch\n|move|p2b: Kyogre|Water Spout|p1b: Whimsicott|[spread] p1a,p1b\n|-resisted|p1a: Miraidon\n|-resisted|p1b: Whimsicott\n|-crit|p1b: Whimsicott\n|-damage|p1a: Miraidon|37/100\n|-enditem|p1b: Whimsicott|Focus Sash\n|-damage|p1b: Whimsicott|1/100\n|\n|-weather|RainDance|[upkeep]\n|upkeep\n|turn|2\n|inactive|itastelikeiron has 30 seconds left.\n|inactive|itastelikeiron has 20 seconds left.\n|\n|t:|1774296291\n|switch|p2b: Zacian|Zacian-Crowned, L50|100/100\n|-ability|p2b: Zacian|Intrepid Sword|boost\n|-boost|p2b: Zacian|atk|1\n|move|p1a: Miraidon|Electro Drift|p2b: Zacian\n|-crit|p2b: Zacian\n|-damage|p2b: Zacian|0 fnt\n|faint|p2b: Zacian\n|move|p1b: Whimsicott|Moonblast|p2a: Incineroar\n|-damage|p2a: Incineroar|87/100\n|-unboost|p2a: Incineroar|spa|1\n|move|p2a: Incineroar|Snarl|p1b: Whimsicott|[spread] p1a,p1b\n|-crit|p1a: Miraidon\n|-resisted|p1b: Whimsicott\n|-damage|p1a: Miraidon|23/100\n|-damage|p1b: Whimsicott|0 fnt\n|-unboost|p1a: Miraidon|spa|1\n|faint|p1b: Whimsicott\n|\n|-weather|RainDance|[upkeep]\n|upkeep\n|\n|t:|1774296301\n|switch|p2b: Basculegion|Basculegion, L50, M|100/100\n|switch|p1b: Terrakion|Terrakion, L50|100/100\n|turn|3\n|\n|t:|1774296315\n|-terastallize|p1b: Terrakion|Dark\n|move|p2b: Basculegion|Protect|p2b: Basculegion\n|-singleturn|p2b: Basculegion|Protect\n|move|p1a: Miraidon|Electro Drift|p2b: Basculegion\n|-activate|p2b: Basculegion|move: Protect\n|move|p1b: Terrakion|Rock Slide|p2b: Basculegion|[spread] p2a\n|-activate|p2b: Basculegion|move: Protect\n|-supereffective|p2a: Incineroar\n|-damage|p2a: Incineroar|34/100\n|move|p2a: Incineroar|Knock Off|p1a: Miraidon\n|-damage|p1a: Miraidon|0 fnt\n|-enditem|p1a: Miraidon|Choice Specs|[from] move: Knock Off|[of] p2a: Incineroar\n|faint|p1a: Miraidon\n|\n|-weather|RainDance|[upkeep]\n|upkeep\n|\n|t:|1774296319\n|switch|p1a: Lunala|Lunala, L50|100/100\n|turn|4\n|inactive|itastelikeiron has 30 seconds left.\n|inactive|itastelikeiron has 20 seconds left.\n|inactive|itastelikeiron has 15 seconds left.\n|inactive|itastelikeiron has 10 seconds left.\n|inactive|itastelikeiron has 5 seconds left.\n|\n|t:|1774296374\n|move|p2a: Incineroar|Fake Out||[still]\n|-hint|Fake Out only works on your first turn out.\n|-fail|p2a: Incineroar\n|move|p1b: Terrakion|Rock Slide|p2a: Incineroar|[spread] p2a\n|-miss|p1b: Terrakion|p2b: Basculegion\n|-supereffective|p2a: Incineroar\n|-damage|p2a: Incineroar|0 fnt\n|faint|p2a: Incineroar\n|move|p2b: Basculegion|Phantom Force||[still]\n|-prepare|p2b: Basculegion|Phantom Force\n|-enditem|p2b: Basculegion|Power Herb\n|-anim|p2b: Basculegion|Phantom Force|p1b: Terrakion\n|-resisted|p1b: Terrakion\n|-damage|p1b: Terrakion|76/100\n|move|p1a: Lunala|Calm Mind|p1a: Lunala\n|-boost|p1a: Lunala|spa|1\n|-boost|p1a: Lunala|spd|1\n|\n|-weather|RainDance|[upkeep]\n|-sideend|p1: truth this|move: Tailwind\n|upkeep\n|\n|t:|1774296378\n|switch|p2a: Kyogre|Kyogre, L50, tera:Water|100/100\n|turn|5\n|\n|t:|1774296388\n|move|p1b: Terrakion|Protect|p1b: Terrakion\n|-singleturn|p1b: Terrakion|Protect\n|move|p1a: Lunala|Protect|p1a: Lunala\n|-singleturn|p1a: Lunala|Protect\n|move|p2b: Basculegion|Last Respects|p1a: Lunala\n|-activate|p1a: Lunala|move: Protect\n|move|p2a: Kyogre|Tera Blast|p1a: Lunala|[anim] Tera Blast Water\n|-activate|p1a: Lunala|move: Protect\n|\n|-weather|none\n|-fieldend|move: Electric Terrain\n|upkeep\n|turn|6\n|\n|t:|1774296401\n|move|p2b: Basculegion|Protect|p2b: Basculegion\n|-singleturn|p2b: Basculegion|Protect\n|move|p2a: Kyogre|Tera Blast|p1b: Terrakion|[anim] Tera Blast Water\n|-damage|p1b: Terrakion|3/100\n|move|p1b: Terrakion|Rock Slide|p2a: Kyogre|[spread] p2a\n|-activate|p2b: Basculegion|move: Protect\n|-crit|p2a: Kyogre\n|-damage|p2a: Kyogre|57/100\n|move|p1a: Lunala|Moongeist Beam|p2b: Basculegion\n|-activate|p2b: Basculegion|move: Protect\n|\n|upkeep\n|turn|7\n|\n|t:|1774296421\n|move|p2a: Kyogre|Tera Blast|p1b: Terrakion|[anim] Tera Blast Water\n|-damage|p1b: Terrakion|0 fnt\n|faint|p1b: Terrakion\n|move|p1a: Lunala|Moongeist Beam|p2b: Basculegion\n|-supereffective|p2b: Basculegion\n|-damage|p2b: Basculegion|0 fnt\n|faint|p2b: Basculegion\n|\n|upkeep\n|turn|8\n|\n|t:|1774296428\n|move|p2a: Kyogre|Tera Blast|p1a: Lunala|[anim] Tera Blast Water\n|-damage|p1a: Lunala|85/100\n|move|p1a: Lunala|Calm Mind|p1a: Lunala\n|-boost|p1a: Lunala|spa|1\n|-boost|p1a: Lunala|spd|1\n|\n|-heal|p1a: Lunala|91/100|[from] item: Leftovers\n|upkeep\n|turn|9\n|\n|t:|1774296431\n|move|p1a: Lunala|Protect|p1a: Lunala\n|-singleturn|p1a: Lunala|Protect\n|move|p2a: Kyogre|Tera Blast|p2: Basculegion|[notarget]\n|-fail|p2a: Kyogre\n|\n|-heal|p1a: Lunala|97/100|[from] item: Leftovers\n|upkeep\n|turn|10\n|\n|t:|1774296434\n|move|p2a: Kyogre|Tera Blast|p1a: Lunala|[anim] Tera Blast Water\n|-damage|p1a: Lunala|75/100\n|move|p1a: Lunala|Calm Mind|p1a: Lunala\n|-boost|p1a: Lunala|spa|1\n|-boost|p1a: Lunala|spd|1\n|\n|-heal|p1a: Lunala|81/100|[from] item: Leftovers\n|upkeep\n|turn|11\n|-message|itastelikeiron forfeited.\n|\n|win|truth this\n|raw|truth this's rating: 1323 &rarr; <strong>1348</strong><br />(+25 for winning)\n|raw|itastelikeiron's rating: 1419 &rarr; <strong>1394</strong><br />(-25 for losing)\n|l|\u2606itastelikeiron\n|player|p2|\n|l|\u2606truth this\n|player|p1|\n","uploadtime":1774296702,"views":9,"formatid":"gen9vgc2026regi","rating":1348,"private":0,"password":null}