{"id":"gen9vgc2026regi-2591004886","format":"[Gen 9] VGC 2026 Reg I","players":["Lil Tic","Luca8"],"log":"|j|\u2606Lil Tic\n|j|\u2606Luca8\n|t:|1776867909\n|gametype|doubles\n|player|p1|Lil Tic|170|1461\n|player|p2|Luca8|flint|1512\n|gen|9\n|tier|[Gen 9] VGC 2026 Reg I\n|rated|\n|rule|Species Clause: Limit one of each Pok\u00e9mon\n|rule|Item Clause: Limit 1 of each item\n|clearpoke\n|poke|p1|Koraidon, L50|\n|poke|p1|Flutter Mane, L50|\n|poke|p1|Ho-Oh, L50|\n|poke|p1|Incineroar, L50, F|\n|poke|p1|Amoonguss, L50, F|\n|poke|p1|Ting-Lu, L50|\n|poke|p2|Zamazenta-*, L50|\n|poke|p2|Indeedee-F, L50, F|\n|poke|p2|Torkoal, L50, F|\n|poke|p2|Calyrex-Shadow, L50|\n|poke|p2|Pelipper, L50, F|\n|poke|p2|Tornadus, L50, M|\n|teampreview|4\n|\n|t:|1776867960\n|teamsize|p1|4\n|teamsize|p2|4\n|start\n|switch|p1a: Flutter Mane|Flutter Mane, L50|100/100\n|switch|p1b: Ho-Oh|Ho-Oh, L50|100/100\n|switch|p2a: Pelipper|Pelipper, L50, F|100/100\n|switch|p2b: Zamazenta|Zamazenta-Crowned, L50|100/100\n|-ability|p2b: Zamazenta|Dauntless Shield|boost\n|-boost|p2b: Zamazenta|def|1\n|-weather|RainDance|[from] ability: Drizzle|[of] p2a: Pelipper\n|turn|1\n|\n|t:|1776867989\n|move|p1b: Ho-Oh|Protect|p1b: Ho-Oh\n|-singleturn|p1b: Ho-Oh|Protect\n|move|p1a: Flutter Mane|Moonblast|p2a: Pelipper\n|-damage|p2a: Pelipper|23/100\n|move|p2b: Zamazenta|Heavy Slam|p1a: Flutter Mane\n|-supereffective|p1a: Flutter Mane\n|-enditem|p1a: Flutter Mane|Focus Sash\n|-damage|p1a: Flutter Mane|1/100\n|move|p2a: Pelipper|Muddy Water|p1b: Ho-Oh|[spread] p1a\n|-activate|p1b: Ho-Oh|move: Protect\n|-damage|p1a: Flutter Mane|0 fnt\n|faint|p1a: Flutter Mane\n|-end|p1a: Flutter Mane|Protosynthesis|[silent]\n|\n|-weather|RainDance|[upkeep]\n|upkeep\n|\n|t:|1776867994\n|switch|p1a: Koraidon|Koraidon, L50|100/100\n|-weather|SunnyDay|[from] ability: Orichalcum Pulse|[of] p1a: Koraidon\n|-activate|p1a: Koraidon|Orichalcum Pulse|[source]\n|turn|2\n|\n|t:|1776868024\n|switch|p2a: Tornadus|Tornadus, L50, M|100/100\n|move|p2b: Zamazenta|Protect|p2b: Zamazenta\n|-singleturn|p2b: Zamazenta|Protect\n|move|p1a: Koraidon|Dragon Claw|p2a: Tornadus\n|-damage|p2a: Tornadus|21/100\n|-damage|p1a: Koraidon|91/100|[from] item: Life Orb\n|move|p1b: Ho-Oh|Sacred Fire|p2b: Zamazenta\n|-activate|p2b: Zamazenta|move: Protect\n|\n|-weather|SunnyDay|[upkeep]\n|upkeep\n|turn|3\n|\n|t:|1776868041\n|-terastallize|p2b: Zamazenta|Fighting\n|move|p2a: Tornadus|Tailwind|p2a: Tornadus\n|-sidestart|p2: Luca8|move: Tailwind\n|move|p2b: Zamazenta|Body Press|p1a: Koraidon\n|-damage|p1a: Koraidon|5/100\n|move|p1a: Koraidon|Collision Course|p2b: Zamazenta\n|-damage|p2b: Zamazenta|65/100\n|-damage|p1a: Koraidon|0 fnt|[from] item: Life Orb\n|faint|p1a: Koraidon\n|move|p1b: Ho-Oh|Tailwind|p1b: Ho-Oh\n|-sidestart|p1: Lil Tic|move: Tailwind\n|\n|-weather|SunnyDay|[upkeep]\n|upkeep\n|\n|t:|1776868050\n|switch|p1a: Ting-Lu|Ting-Lu, L50|100/100\n|-ability|p1a: Ting-Lu|Vessel of Ruin\n|turn|4\n|\n|t:|1776868068\n|switch|p2a: Pelipper|Pelipper, L50, F|23/100\n|-weather|RainDance|[from] ability: Drizzle|[of] p2a: Pelipper\n|-terastallize|p1a: Ting-Lu|Fairy\n|move|p2b: Zamazenta|Body Press|p1a: Ting-Lu\n|-resisted|p1a: Ting-Lu\n|-damage|p1a: Ting-Lu|79/100\n|move|p1b: Ho-Oh|Brave Bird|p2b: Zamazenta\n|-supereffective|p2b: Zamazenta\n|-damage|p2b: Zamazenta|17/100\n|-damage|p1b: Ho-Oh|85/100|[from] Recoil\n|move|p1a: Ting-Lu|Stealth Rock|p2b: Zamazenta\n|-sidestart|p2: Luca8|move: Stealth Rock\n|\n|-weather|RainDance|[upkeep]\n|-heal|p1a: Ting-Lu|86/100|[from] item: Leftovers\n|upkeep\n|turn|5\n|\n|t:|1776868099\n|move|p1a: Ting-Lu|Protect|p1a: Ting-Lu\n|-singleturn|p1a: Ting-Lu|Protect\n|move|p2b: Zamazenta|Body Press|p1a: Ting-Lu\n|-activate|p1a: Ting-Lu|move: Protect\n|move|p1b: Ho-Oh|Brave Bird|p2b: Zamazenta\n|-supereffective|p2b: Zamazenta\n|-damage|p2b: Zamazenta|0 fnt\n|faint|p2b: Zamazenta\n|-damage|p1b: Ho-Oh|80/100|[from] Recoil\n|move|p2a: Pelipper|Muddy Water|p1b: Ho-Oh|[spread] p1b\n|-activate|p1a: Ting-Lu|move: Protect\n|-supereffective|p1b: Ho-Oh\n|-damage|p1b: Ho-Oh|35/100\n|\n|-weather|RainDance|[upkeep]\n|-heal|p1a: Ting-Lu|92/100|[from] item: Leftovers\n|upkeep\n|\n|t:|1776868133\n|switch|p2b: Calyrex|Calyrex-Shadow, L50|100/100\n|-ability|p2b: Calyrex|As One\n|-ability|p2b: Calyrex|Unnerve\n|-damage|p2b: Calyrex|88/100|[from] Stealth Rock\n|turn|6\n|\n|t:|1776868149\n|move|p1b: Ho-Oh|Protect|p1b: Ho-Oh\n|-singleturn|p1b: Ho-Oh|Protect\n|move|p2b: Calyrex|Astral Barrage|p1b: Ho-Oh|[spread] p1a\n|-activate|p1b: Ho-Oh|move: Protect\n|-damage|p1a: Ting-Lu|61/100\n|move|p2a: Pelipper|Muddy Water|p1a: Ting-Lu|[spread] p1a\n|-activate|p1b: Ho-Oh|move: Protect\n|-damage|p1a: Ting-Lu|38/100\n|-unboost|p1a: Ting-Lu|accuracy|1\n|move|p1a: Ting-Lu|Heavy Slam|p2a: Pelipper\n|-resisted|p2a: Pelipper\n|-damage|p2a: Pelipper|8/100\n|\n|-weather|RainDance|[upkeep]\n|-heal|p1a: Ting-Lu|44/100|[from] item: Leftovers\n|-sideend|p2: Luca8|move: Tailwind\n|-sideend|p1: Lil Tic|move: Tailwind\n|upkeep\n|turn|7\n|\n|t:|1776868174\n|move|p2b: Calyrex|Astral Barrage|p1a: Ting-Lu|[spread] p1a,p1b\n|-damage|p1a: Ting-Lu|17/100\n|-damage|p1b: Ho-Oh|9/100\n|move|p1b: Ho-Oh|Brave Bird|p2b: Calyrex\n|-damage|p2b: Calyrex|9/100\n|-damage|p1b: Ho-Oh|0 fnt|[from] Recoil\n|faint|p1b: Ho-Oh\n|move|p2a: Pelipper|Tailwind|p2a: Pelipper\n|-sidestart|p2: Luca8|move: Tailwind\n|move|p1a: Ting-Lu|Heavy Slam|p2a: Pelipper|[miss]\n|-miss|p1a: Ting-Lu|p2a: Pelipper\n|\n|-weather|RainDance|[upkeep]\n|-heal|p1a: Ting-Lu|24/100|[from] item: Leftovers\n|upkeep\n|turn|8\n|c|\u2606Lil Tic|g\n|c|\u2606Lil Tic|gg\n|-message|Lil Tic forfeited.\n|\n|win|Luca8\n|raw|Lil Tic's rating: 1461 &rarr; <strong>1444</strong><br />(-17 for losing)\n|raw|Luca8's rating: 1512 &rarr; <strong>1529</strong><br />(+17 for winning)\n|l|\u2606Lil Tic\n|player|p1|\n|l|\u2606Luca8\n|player|p2|\n","uploadtime":1776868408,"views":13,"formatid":"gen9vgc2026regi","rating":1444,"private":0,"password":null}