{"id":"gen9vgc2026regi-2565452631","format":"[Gen 9] VGC 2026 Reg I","players":["Hoanglatao","Realfrytki"],"log":"|j|\u2606Hoanglatao\n|j|\u2606Realfrytki\n|t:|1774276643\n|gametype|doubles\n|player|p1|Hoanglatao|265|1499\n|player|p2|Realfrytki|veteranf|1566\n|gen|9\n|tier|[Gen 9] VGC 2026 Reg I\n|rated|\n|rule|Species Clause: Limit one of each Pok\u00e9mon\n|rule|Item Clause: Limit 1 of each item\n|clearpoke\n|poke|p1|Chi-Yu, L50|\n|poke|p1|Weezing-Galar, L50, M|\n|poke|p1|Walking Wake, L50|\n|poke|p1|Calyrex-Shadow, L50|\n|poke|p1|Brute Bonnet, L50|\n|poke|p1|Koraidon, L50|\n|poke|p2|Terapagos, L50, M|\n|poke|p2|Grimmsnarl, L50, M|\n|poke|p2|Volcarona, L50, F|\n|poke|p2|Miraidon, L50|\n|poke|p2|Iron Hands, L50|\n|poke|p2|Amoonguss, L50, M|\n|teampreview|4\n|\n|t:|1774276657\n|teamsize|p1|4\n|teamsize|p2|4\n|start\n|switch|p1a: Koraidon|Koraidon, L50|100/100\n|switch|p1b: Weezing|Weezing-Galar, L50, M|100/100\n|switch|p2a: Grimmsnarl|Grimmsnarl, L50, M|100/100\n|switch|p2b: Terapagos|Terapagos, L50, M|100/100\n|-activate|p2b: Terapagos|ability: Tera Shift\n|detailschange|p2b: Terapagos|Terapagos-Terastal, L50, M\n|-heal|p2b: Terapagos|100/100|[silent]\n|-ability|p1b: Weezing|Neutralizing Gas\n|-block|p1a: Koraidon|item: Ability Shield\n|-weather|SunnyDay|[from] ability: Orichalcum Pulse|[of] p1a: Koraidon\n|-activate|p1a: Koraidon|Orichalcum Pulse|[source]\n|turn|1\n|\n|t:|1774276673\n|move|p2a: Grimmsnarl|Fake Out|p1a: Koraidon\n|-damage|p1a: Koraidon|92/100\n|cant|p1a: Koraidon|flinch\n|move|p2b: Terapagos|Tera Starstorm|p1a: Koraidon\n|-damage|p1a: Koraidon|27/100\n|move|p1b: Weezing|Strange Steam|p2a: Grimmsnarl\n|-supereffective|p2a: Grimmsnarl\n|-damage|p2a: Grimmsnarl|50/100\n|\n|-weather|SunnyDay|[upkeep]\n|upkeep\n|turn|2\n|l|\u2606Realfrytki\n|player|p2|\n|j|\u2606Realfrytki\n|player|p2|Realfrytki|veteranf|\n|\n|t:|1774276715\n|switch|p2b: Amoonguss|Amoonguss, L50, M|100/100\n|move|p1a: Koraidon|Collision Course|p2b: Amoonguss\n|-resisted|p2b: Amoonguss\n|-damage|p2b: Amoonguss|70/100\n|-damage|p1a: Koraidon|11/100|[from] item: Rocky Helmet|[of] p2b: Amoonguss\n|move|p2a: Grimmsnarl|Foul Play|p1a: Koraidon\n|-resisted|p1a: Koraidon\n|-damage|p1a: Koraidon|0 fnt\n|faint|p1a: Koraidon\n|move|p1b: Weezing|Strange Steam|p2a: Grimmsnarl\n|-supereffective|p2a: Grimmsnarl\n|-damage|p2a: Grimmsnarl|0 fnt\n|faint|p2a: Grimmsnarl\n|\n|-weather|SunnyDay|[upkeep]\n|upkeep\n|\n|t:|1774276730\n|switch|p1a: Calyrex|Calyrex-Shadow, L50|100/100\n|switch|p2a: Terapagos|Terapagos-Terastal, L50, M|100/100\n|-ability|p1a: Calyrex|As One\n|-ability|p1a: Calyrex|Unnerve\n|turn|3\n|\n|t:|1774276739\n|-terastallize|p2a: Terapagos|Stellar\n|detailschange|p2a: Terapagos|Terapagos-Stellar, L50, M, tera:Stellar\n|-heal|p2a: Terapagos|100/100|[silent]\n|move|p2b: Amoonguss|Protect|p2b: Amoonguss\n|-singleturn|p2b: Amoonguss|Protect\n|move|p1a: Calyrex|Psychic|p2b: Amoonguss\n|-activate|p2b: Amoonguss|move: Protect\n|move|p2a: Terapagos|Tera Starstorm|p1a: Calyrex|[spread] p1a,p1b\n|-damage|p1a: Calyrex|42/100\n|-damage|p1b: Weezing|42/100\n|-enditem|p1b: Weezing|Sitrus Berry|[eat]\n|-heal|p1b: Weezing|67/100|[from] item: Sitrus Berry\n|move|p1b: Weezing|Taunt|p2a: Terapagos\n|-start|p2a: Terapagos|move: Taunt\n|\n|-weather|SunnyDay|[upkeep]\n|upkeep\n|turn|4\n|\n|t:|1774276762\n|move|p1a: Calyrex|Psychic|p2b: Amoonguss\n|-supereffective|p2b: Amoonguss\n|-damage|p2b: Amoonguss|0 fnt\n|faint|p2b: Amoonguss\n|-ability|p1a: Calyrex|Grim Neigh|boost\n|-boost|p1a: Calyrex|spa|1\n|move|p2a: Terapagos|Tera Starstorm|p1a: Calyrex|[spread] p1a,p1b\n|-damage|p1a: Calyrex|0 fnt\n|-damage|p1b: Weezing|5/100\n|faint|p1a: Calyrex\n|move|p1b: Weezing|Strange Steam|p2a: Terapagos\n|-damage|p2a: Terapagos|81/100\n|\n|-weather|SunnyDay|[upkeep]\n|upkeep\n|\n|t:|1774276775\n|switch|p1a: Walking Wake|Walking Wake, L50|100/100\n|switch|p2b: Miraidon|Miraidon, L50|100/100\n|turn|5\n|\n|t:|1774276786\n|move|p2b: Miraidon|Protect|p2b: Miraidon\n|-singleturn|p2b: Miraidon|Protect\n|move|p1a: Walking Wake|Snarl|p2b: Miraidon|[spread] \n|-activate|p2b: Miraidon|move: Protect\n|-miss|p1a: Walking Wake|p2a: Terapagos\n|move|p2a: Terapagos|Tera Starstorm|p1a: Walking Wake|[spread] p1a,p1b\n|-damage|p1a: Walking Wake|60/100\n|-damage|p1b: Weezing|0 fnt\n|faint|p1b: Weezing\n|-end|p1b: Weezing|ability: Neutralizing Gas\n|-fieldstart|move: Electric Terrain|[from] ability: Hadron Engine|[of] p2b: Miraidon\n|-activate|p1a: Walking Wake|ability: Protosynthesis\n|-start|p1a: Walking Wake|protosynthesisspe\n|\n|-weather|none\n|-end|p1a: Walking Wake|Protosynthesis\n|upkeep\n|turn|6\n|l|\u2606Realfrytki\n|player|p2|\n|j|\u2606Realfrytki\n|player|p2|Realfrytki|veteranf|\n|\n|t:|1774276837\n|move|p2b: Miraidon|Electro Drift|p1a: Walking Wake\n|-damage|p1a: Walking Wake|0 fnt\n|faint|p1a: Walking Wake\n|-end|p1a: Walking Wake|Protosynthesis|[silent]\n|-damage|p2b: Miraidon|90/100|[from] item: Life Orb\n|\n|win|Realfrytki\n|raw|Hoanglatao's rating: 1499 &rarr; <strong>1483</strong><br />(-16 for losing)\n|raw|Realfrytki's rating: 1566 &rarr; <strong>1582</strong><br />(+16 for winning)\n|l|\u2606Hoanglatao\n|player|p1|\n|l|\u2606Realfrytki\n|player|p2|\n","uploadtime":1774277077,"views":15,"formatid":"gen9vgc2026regi","rating":1483,"private":0,"password":null}