{"id":"gen9vgc2026regi-2558802629","format":"[Gen 9] VGC 2026 Reg I","players":["Allien19","fogdocker"],"log":"|j|\u2606Allien19\n|j|\u2606fogdocker\n|t:|1773485486\n|gametype|doubles\n|player|p1|Allien19|ethan|1397\n|player|p2|fogdocker|265|1591\n|gen|9\n|tier|[Gen 9] VGC 2026 Reg I\n|rated|\n|rule|Species Clause: Limit one of each Pok\u00e9mon\n|rule|Item Clause: Limit 1 of each item\n|clearpoke\n|poke|p1|Oricorio-Sensu, L50, F|\n|poke|p1|Volcarona, L50, F|\n|poke|p1|Kyogre, L50|\n|poke|p1|Ditto, L50|\n|poke|p1|Ogerpon-Cornerstone, L50, F|\n|poke|p1|Archaludon, L50, M|\n|poke|p2|Calyrex-Ice, L50|\n|poke|p2|Koraidon, L50|\n|poke|p2|Flutter Mane, L50|\n|poke|p2|Incineroar, L50, F|\n|poke|p2|Rillaboom, L50, M|\n|poke|p2|Annihilape, L50, M|\n|teampreview|4\n|inactive|Battle timer is ON: inactive players will automatically lose when time's up. (requested by Allien19)\n|j| lin25\n|inactive|fogdocker has 60 seconds left.\n|inactive|fogdocker has 30 seconds left.\n|\n|t:|1773485554\n|teamsize|p1|4\n|teamsize|p2|4\n|start\n|switch|p1a: Oricorio|Oricorio-Sensu, L50, F, shiny|100/100\n|switch|p1b: Volcarona|Volcarona, L50, F|100/100\n|switch|p2a: Calyrex|Calyrex-Ice, L50|100/100\n|switch|p2b: Annihilape|Annihilape, L50, M|100/100\n|-ability|p2a: Calyrex|As One\n|-ability|p2a: Calyrex|Unnerve\n|turn|1\n|\n|t:|1773485571\n|move|p1b: Volcarona|Protect|p1b: Volcarona\n|-singleturn|p1b: Volcarona|Protect\n|move|p2b: Annihilape|Final Gambit|p1b: Volcarona\n|-activate|p1b: Volcarona|move: Protect\n|move|p1a: Oricorio|Air Slash|p2b: Annihilape\n|-supereffective|p2b: Annihilape\n|-damage|p2b: Annihilape|36/100\n|move|p2a: Calyrex|Glacial Lance|p1a: Oricorio|[spread] p1a\n|-activate|p1b: Volcarona|move: Protect\n|-supereffective|p1a: Oricorio\n|-damage|p1a: Oricorio|0 fnt\n|faint|p1a: Oricorio\n|-ability|p2a: Calyrex|Chilling Neigh|boost\n|-boost|p2a: Calyrex|atk|1\n|\n|upkeep\n|\n|t:|1773485583\n|switch|p1a: Ditto|Ditto, L50|100/100\n|-transform|p1a: Ditto|p2b: Annihilape|[from] ability: Imposter\n|turn|2\n|\n|t:|1773485603\n|switch|p2b: Rillaboom|Rillaboom, L50, M|100/100\n|-fieldstart|move: Grassy Terrain|[from] ability: Grassy Surge|[of] p2b: Rillaboom\n|move|p2a: Calyrex|Protect|p2a: Calyrex\n|-singleturn|p2a: Calyrex|Protect\n|move|p1b: Volcarona|Quiver Dance|p1b: Volcarona\n|-boost|p1b: Volcarona|spa|1\n|-boost|p1b: Volcarona|spd|1\n|-boost|p1b: Volcarona|spe|1\n|move|p1a: Ditto|Shadow Claw|p2b: Rillaboom\n|-damage|p2b: Rillaboom|73/100\n|\n|-heal|p2b: Rillaboom|79/100|[from] Grassy Terrain\n|upkeep\n|turn|3\n|\n|t:|1773485621\n|-terastallize|p2a: Calyrex|Water\n|move|p2b: Rillaboom|Grassy Glide|p1a: Ditto\n|-damage|p1a: Ditto|55/100\n|move|p1b: Volcarona|Fiery Dance|p2a: Calyrex\n|-resisted|p2a: Calyrex\n|-damage|p2a: Calyrex|84/100\n|-boost|p1b: Volcarona|spa|1\n|move|p1a: Ditto|Shadow Claw|p2a: Calyrex\n|-damage|p2a: Calyrex|68/100\n|move|p2a: Calyrex|Glacial Lance|p1b: Volcarona|[spread] p1a,p1b\n|-resisted|p1b: Volcarona\n|-damage|p1a: Ditto|0 fnt\n|-damage|p1b: Volcarona|52/100\n|faint|p1a: Ditto\n|-ability|p2a: Calyrex|Chilling Neigh|boost\n|-boost|p2a: Calyrex|atk|1\n|\n|-heal|p1b: Volcarona|58/100|[from] Grassy Terrain\n|-heal|p2b: Rillaboom|84/100|[from] Grassy Terrain\n|-heal|p2a: Calyrex|74/100|[from] Grassy Terrain\n|-heal|p2a: Calyrex|80/100|[from] item: Leftovers\n|upkeep\n|\n|t:|1773485634\n|switch|p1a: Kyogre|Kyogre, L50|100/100\n|-weather|RainDance|[from] ability: Drizzle|[of] p1a: Kyogre\n|turn|4\n|\n|t:|1773485643\n|move|p1a: Kyogre|Protect|p1a: Kyogre\n|-singleturn|p1a: Kyogre|Protect\n|move|p2b: Rillaboom|Grassy Glide|p1a: Kyogre\n|-activate|p1a: Kyogre|move: Protect\n|move|p1b: Volcarona|Giga Drain|p2a: Calyrex\n|-supereffective|p2a: Calyrex\n|-damage|p2a: Calyrex|4/100\n|-heal|p1b: Volcarona|99/100|[from] drain|[of] p2a: Calyrex\n|move|p2a: Calyrex|Glacial Lance|p1a: Kyogre|[spread] p1b\n|-activate|p1a: Kyogre|move: Protect\n|-resisted|p1b: Volcarona\n|-damage|p1b: Volcarona|41/100\n|\n|-weather|RainDance|[upkeep]\n|-heal|p1b: Volcarona|47/100|[from] Grassy Terrain\n|-heal|p2b: Rillaboom|90/100|[from] Grassy Terrain\n|-heal|p2a: Calyrex|10/100|[from] Grassy Terrain\n|-heal|p2a: Calyrex|16/100|[from] item: Leftovers\n|upkeep\n|turn|5\n|\n|t:|1773485658\n|-terastallize|p1a: Kyogre|Water\n|move|p2b: Rillaboom|Grassy Glide|p1a: Kyogre\n|-supereffective|p1a: Kyogre\n|-damage|p1a: Kyogre|24/100\n|move|p1b: Volcarona|Fiery Dance|p2b: Rillaboom\n|-supereffective|p2b: Rillaboom\n|-damage|p2b: Rillaboom|51/100\n|move|p1a: Kyogre|Origin Pulse|p2b: Rillaboom|[spread] p2b\n|-miss|p1a: Kyogre|p2a: Calyrex\n|-resisted|p2b: Rillaboom\n|-damage|p2b: Rillaboom|24/100\n|move|p2a: Calyrex|Glacial Lance|p1a: Kyogre|[spread] p1a,p1b\n|-resisted|p1a: Kyogre\n|-resisted|p1b: Volcarona\n|-damage|p1a: Kyogre|0 fnt\n|-damage|p1b: Volcarona|0 fnt\n|faint|p1a: Kyogre\n|faint|p1b: Volcarona\n|\n|win|fogdocker\n|raw|Allien19's rating: 1397 &rarr; <strong>1387</strong><br />(-10 for losing)\n|raw|fogdocker's rating: 1591 &rarr; <strong>1601</strong><br />(+10 for winning)\n|l|\u2606Allien19\n|player|p1|\n|l|\u2606fogdocker\n|player|p2|\n|l| lin25\n","uploadtime":1773485849,"views":16,"formatid":"gen9vgc2026regi","rating":1387,"private":0,"password":null}