{"id":"gen9vgc2026regi-2515787403","format":"[Gen 9] VGC 2026 Reg I","players":["demomangokaboom!!!","Schimmli"],"log":"|j|\u2606demomangokaboom!!!\n|j|\u2606Schimmli\n|t:|1768039840\n|gametype|doubles\n|player|p1|demomangokaboom!!!|crasherwake|1174\n|player|p2|Schimmli|265|1322\n|gen|9\n|tier|[Gen 9] VGC 2026 Reg I\n|rated|\n|rule|Species Clause: Limit one of each Pok\u00e9mon\n|rule|Item Clause: Limit 1 of each item\n|clearpoke\n|poke|p1|Lunala, L50|\n|poke|p1|Incineroar, L50, F|\n|poke|p1|Raichu, L50, F|\n|poke|p1|Amoonguss, L50, M|\n|poke|p1|Ursaluna, L50, F|\n|poke|p1|Zamazenta-*, L50|\n|poke|p2|Terapagos, L50, M|\n|poke|p2|Calyrex-Shadow, L50|\n|poke|p2|Flutter Mane, L50|\n|poke|p2|Ogerpon-Cornerstone, L50, F|\n|poke|p2|Incineroar, L50, F|\n|poke|p2|Rillaboom, L50, M|\n|teampreview|4\n|\n|t:|1768039872\n|teamsize|p1|4\n|teamsize|p2|4\n|start\n|switch|p1a: Lunala|Lunala, L50|100/100\n|switch|p1b: Zamazenta|Zamazenta-Crowned, L50|100/100\n|switch|p2a: Terapagos|Terapagos, L50, M|100/100\n|switch|p2b: Rillaboom|Rillaboom, L50, M|100/100\n|-activate|p2a: Terapagos|ability: Tera Shift\n|detailschange|p2a: Terapagos|Terapagos-Terastal, L50, M\n|-heal|p2a: Terapagos|100/100|[silent]\n|-ability|p1b: Zamazenta|Dauntless Shield|boost\n|-boost|p1b: Zamazenta|def|1\n|-fieldstart|move: Grassy Terrain|[from] ability: Grassy Surge|[of] p2b: Rillaboom\n|turn|1\n|\n|t:|1768039895\n|switch|p1a: Amoonguss|Amoonguss, L50, M|100/100\n|move|p2b: Rillaboom|Fake Out|p1b: Zamazenta\n|-resisted|p1b: Zamazenta\n|-crit|p1b: Zamazenta\n|-damage|p1b: Zamazenta|95/100\n|cant|p1b: Zamazenta|flinch\n|move|p2a: Terapagos|Calm Mind|p2a: Terapagos\n|-boost|p2a: Terapagos|spa|1\n|-boost|p2a: Terapagos|spd|1\n|\n|-heal|p1b: Zamazenta|100/100|[from] Grassy Terrain\n|upkeep\n|turn|2\n|\n|t:|1768039923\n|move|p1b: Zamazenta|Body Press|p2a: Terapagos\n|-activate|p2a: Terapagos|ability: Tera Shell\n|-resisted|p2a: Terapagos\n|-crit|p2a: Terapagos\n|-damage|p2a: Terapagos|65/100\n|move|p2a: Terapagos|Tera Starstorm|p1a: Amoonguss\n|-damage|p1a: Amoonguss|35/100\n|move|p2b: Rillaboom|U-turn|p1a: Amoonguss\n|-damage|p1a: Amoonguss|17/100\n|-damage|p2b: Rillaboom|84/100|[from] item: Rocky Helmet|[of] p1a: Amoonguss\n|\n|t:|1768039934\n|switch|p2b: Calyrex|Calyrex-Shadow, L50|100/100|[from] U-turn\n|-ability|p2b: Calyrex|As One\n|-ability|p2b: Calyrex|Unnerve\n|move|p1a: Amoonguss|Clear Smog|p2a: Terapagos\n|-damage|p2a: Terapagos|57/100\n|-clearboost|p2a: Terapagos\n|\n|-heal|p2a: Terapagos|63/100|[from] Grassy Terrain\n|-heal|p2a: Terapagos|69/100|[from] item: Leftovers\n|-heal|p1a: Amoonguss|23/100|[from] Grassy Terrain\n|upkeep\n|turn|3\n|\n|t:|1768039956\n|switch|p1a: Incineroar|Incineroar, L50, F|100/100\n|-ability|p1a: Incineroar|Intimidate|boost\n|-unboost|p2a: Terapagos|atk|1\n|-unboost|p2b: Calyrex|atk|1\n|move|p2b: Calyrex|Will-O-Wisp|p1b: Zamazenta\n|-status|p1b: Zamazenta|brn\n|move|p1b: Zamazenta|Snarl|p2b: Calyrex|[spread] p2a,p2b\n|-crit|p2a: Terapagos\n|-supereffective|p2b: Calyrex\n|-damage|p2a: Terapagos|59/100\n|-damage|p2b: Calyrex|64/100\n|-unboost|p2a: Terapagos|spa|1\n|-unboost|p2b: Calyrex|spa|1\n|move|p2a: Terapagos|Calm Mind|p2a: Terapagos\n|-boost|p2a: Terapagos|spa|1\n|-boost|p2a: Terapagos|spd|1\n|\n|-heal|p2b: Calyrex|70/100|[from] Grassy Terrain\n|-heal|p2a: Terapagos|65/100|[from] Grassy Terrain\n|-heal|p2a: Terapagos|71/100|[from] item: Leftovers\n|-damage|p1b: Zamazenta|94/100 brn|[from] brn\n|upkeep\n|turn|4\n|\n|t:|1768039985\n|switch|p2b: Incineroar|Incineroar, L50, F, shiny|100/100\n|-ability|p2b: Incineroar|Intimidate|boost\n|-unboost|p1a: Incineroar|atk|1\n|-unboost|p1b: Zamazenta|atk|1\n|move|p2a: Terapagos|Protect|p2a: Terapagos\n|-singleturn|p2a: Terapagos|Protect\n|move|p1b: Zamazenta|Snarl|p2a: Terapagos|[spread] p2b\n|-activate|p2a: Terapagos|move: Protect\n|-resisted|p2b: Incineroar\n|-damage|p2b: Incineroar|97/100\n|-unboost|p2b: Incineroar|spa|1\n|move|p1a: Incineroar|Darkest Lariat|p2b: Incineroar\n|-resisted|p2b: Incineroar\n|-damage|p2b: Incineroar|90/100\n|-damage|p1a: Incineroar|84/100|[from] item: Rocky Helmet|[of] p2b: Incineroar\n|\n|-heal|p1b: Zamazenta|100/100 brn|[from] Grassy Terrain\n|-heal|p2a: Terapagos|78/100|[from] Grassy Terrain\n|-heal|p2a: Terapagos|84/100|[from] item: Leftovers\n|-heal|p2b: Incineroar|96/100|[from] Grassy Terrain\n|-heal|p1a: Incineroar|90/100|[from] Grassy Terrain\n|-damage|p1b: Zamazenta|94/100 brn|[from] brn\n|upkeep\n|turn|5\n|\n|t:|1768040004\n|move|p2b: Incineroar|Fake Out|p1b: Zamazenta\n|-resisted|p1b: Zamazenta\n|-damage|p1b: Zamazenta|92/100 brn\n|cant|p1b: Zamazenta|flinch\n|move|p2a: Terapagos|Calm Mind|p2a: Terapagos\n|-boost|p2a: Terapagos|spa|1\n|-boost|p2a: Terapagos|spd|1\n|move|p1a: Incineroar|Parting Shot|p2a: Terapagos\n|-unboost|p2a: Terapagos|atk|1\n|-unboost|p2a: Terapagos|spa|1\n|\n|t:|1768040019\n|switch|p1a: Amoonguss|Amoonguss, L50, M|56/100|[from] Parting Shot\n|\n|-heal|p1b: Zamazenta|98/100 brn|[from] Grassy Terrain\n|-heal|p2a: Terapagos|90/100|[from] Grassy Terrain\n|-heal|p2a: Terapagos|96/100|[from] item: Leftovers\n|-heal|p2b: Incineroar|100/100|[from] Grassy Terrain\n|-heal|p1a: Amoonguss|62/100|[from] Grassy Terrain\n|-damage|p1b: Zamazenta|92/100 brn|[from] brn\n|-fieldend|move: Grassy Terrain\n|upkeep\n|turn|6\n|\n|t:|1768040031\n|-terastallize|p1a: Amoonguss|Water\n|move|p1b: Zamazenta|Body Press|p2a: Terapagos\n|-supereffective|p2a: Terapagos\n|-damage|p2a: Terapagos|49/100\n|move|p2a: Terapagos|Tera Starstorm|p1a: Amoonguss\n|-damage|p1a: Amoonguss|21/100\n|move|p2b: Incineroar|Knock Off|p1a: Amoonguss\n|-damage|p1a: Amoonguss|0 fnt\n|-damage|p2b: Incineroar|84/100|[from] item: Rocky Helmet|[of] p1a: Amoonguss\n|-enditem|p1a: Amoonguss|Rocky Helmet|[from] move: Knock Off|[of] p2b: Incineroar\n|faint|p1a: Amoonguss\n|\n|-heal|p2a: Terapagos|56/100|[from] item: Leftovers\n|-damage|p1b: Zamazenta|86/100 brn|[from] brn\n|upkeep\n|\n|t:|1768040043\n|switch|p1a: Incineroar|Incineroar, L50, F|90/100\n|-ability|p1a: Incineroar|Intimidate|boost\n|-unboost|p2a: Terapagos|atk|1\n|-unboost|p2b: Incineroar|atk|1\n|turn|7\n|\n|t:|1768040050\n|switch|p2b: Rillaboom|Rillaboom, L50, M|84/100\n|-fieldstart|move: Grassy Terrain|[from] ability: Grassy Surge|[of] p2b: Rillaboom\n|move|p2a: Terapagos|Protect|p2a: Terapagos\n|-singleturn|p2a: Terapagos|Protect\n|move|p1a: Incineroar|Fake Out|p2a: Terapagos\n|-activate|p2a: Terapagos|move: Protect\n|move|p1b: Zamazenta|Body Press|p2b: Rillaboom\n|-damage|p2b: Rillaboom|52/100\n|\n|-heal|p1b: Zamazenta|92/100 brn|[from] Grassy Terrain\n|-heal|p2a: Terapagos|62/100|[from] Grassy Terrain\n|-heal|p2a: Terapagos|68/100|[from] item: Leftovers\n|-heal|p2b: Rillaboom|58/100|[from] Grassy Terrain\n|-heal|p1a: Incineroar|96/100|[from] Grassy Terrain\n|-damage|p1b: Zamazenta|86/100 brn|[from] brn\n|upkeep\n|turn|8\n|\n|t:|1768040065\n|switch|p1b: Lunala|Lunala, L50|100/100\n|move|p2b: Rillaboom|Fake Out|p1a: Incineroar\n|-damage|p1a: Incineroar|83/100\n|move|p2a: Terapagos|Calm Mind|p2a: Terapagos\n|-boost|p2a: Terapagos|spa|1\n|-boost|p2a: Terapagos|spd|1\n|cant|p1a: Incineroar|flinch\n|\n|-heal|p2a: Terapagos|74/100|[from] Grassy Terrain\n|-heal|p2a: Terapagos|81/100|[from] item: Leftovers\n|-heal|p2b: Rillaboom|64/100|[from] Grassy Terrain\n|-heal|p1a: Incineroar|89/100|[from] Grassy Terrain\n|upkeep\n|turn|9\n|\n|t:|1768040084\n|move|p2a: Terapagos|Protect|p2a: Terapagos\n|-singleturn|p2a: Terapagos|Protect\n|move|p1b: Lunala|Wide Guard|p1b: Lunala\n|-singleturn|p1b: Lunala|Wide Guard\n|move|p2b: Rillaboom|U-turn|p1b: Lunala\n|-damage|p1b: Lunala|92/100\n|\n|t:|1768040090\n|switch|p2b: Incineroar|Incineroar, L50, F, shiny|84/100|[from] U-turn\n|-ability|p2b: Incineroar|Intimidate|boost\n|-unboost|p1a: Incineroar|atk|1\n|-unboost|p1b: Lunala|atk|1\n|move|p1a: Incineroar|Parting Shot|p2a: Terapagos\n|-activate|p2a: Terapagos|move: Protect\n|\n|-heal|p1b: Lunala|98/100|[from] Grassy Terrain\n|-heal|p2a: Terapagos|87/100|[from] Grassy Terrain\n|-heal|p2a: Terapagos|93/100|[from] item: Leftovers\n|-heal|p2b: Incineroar|90/100|[from] Grassy Terrain\n|-heal|p1a: Incineroar|95/100|[from] Grassy Terrain\n|upkeep\n|turn|10\n|\n|t:|1768040106\n|-terastallize|p2a: Terapagos|Stellar\n|detailschange|p2a: Terapagos|Terapagos-Stellar, L50, M, tera:Stellar\n|-heal|p2a: Terapagos|95/100|[silent]\n|-ability|p2a: Terapagos|Teraform Zero\n|-fieldend|move: Grassy Terrain\n|move|p2b: Incineroar|Fake Out|p1a: Incineroar\n|-damage|p1a: Incineroar|84/100\n|move|p1b: Lunala|Meteor Beam||[still]\n|-prepare|p1b: Lunala|Meteor Beam\n|-boost|p1b: Lunala|spa|1\n|-enditem|p1b: Lunala|Power Herb\n|-anim|p1b: Lunala|Meteor Beam|p2b: Incineroar\n|-supereffective|p2b: Incineroar\n|-damage|p2b: Incineroar|0 fnt\n|faint|p2b: Incineroar\n|move|p2a: Terapagos|Earth Power|p1a: Incineroar\n|-supereffective|p1a: Incineroar\n|-damage|p1a: Incineroar|19/100\n|cant|p1a: Incineroar|flinch\n|\n|-heal|p2a: Terapagos|100/100|[from] item: Leftovers\n|upkeep\n|\n|t:|1768040125\n|switch|p2b: Calyrex|Calyrex-Shadow, L50|70/100\n|-ability|p2b: Calyrex|As One\n|-ability|p2b: Calyrex|Unnerve\n|turn|11\n|\n|t:|1768040132\n|move|p1b: Lunala|Wide Guard|p1b: Lunala\n|-singleturn|p1b: Lunala|Wide Guard\n|move|p2b: Calyrex|Astral Barrage|p1b: Lunala|[spread] \n|-activate|p1a: Incineroar|move: Wide Guard\n|-activate|p1b: Lunala|move: Wide Guard\n|move|p2a: Terapagos|Earth Power|p1a: Incineroar\n|-supereffective|p1a: Incineroar\n|-damage|p1a: Incineroar|0 fnt\n|faint|p1a: Incineroar\n|\n|upkeep\n|\n|t:|1768040144\n|switch|p1a: Zamazenta|Zamazenta-Crowned, L50|86/100 brn\n|turn|12\n|\n|t:|1768040149\n|move|p2a: Terapagos|Protect|p2a: Terapagos\n|-singleturn|p2a: Terapagos|Protect\n|move|p1b: Lunala|Wide Guard|p1b: Lunala\n|-singleturn|p1b: Lunala|Wide Guard\n|move|p2b: Calyrex|Disable|p1b: Lunala\n|-start|p1b: Lunala|Disable|Wide Guard\n|move|p1a: Zamazenta|Snarl|p2a: Terapagos|[spread] p2b\n|-activate|p2a: Terapagos|move: Protect\n|-supereffective|p2b: Calyrex\n|-damage|p2b: Calyrex|38/100\n|-unboost|p2b: Calyrex|spa|1\n|\n|-damage|p1a: Zamazenta|80/100 brn|[from] brn\n|upkeep\n|turn|13\n|\n|t:|1768040163\n|move|p1a: Zamazenta|Wide Guard|p1a: Zamazenta\n|-singleturn|p1a: Zamazenta|Wide Guard\n|move|p2b: Calyrex|Disable|p1a: Zamazenta\n|-start|p1a: Zamazenta|Disable|Wide Guard\n|move|p1b: Lunala|Moongeist Beam|p2b: Calyrex\n|-supereffective|p2b: Calyrex\n|-damage|p2b: Calyrex|0 fnt\n|faint|p2b: Calyrex\n|move|p2a: Terapagos|Tera Starstorm|p1a: Zamazenta|[spread] \n|-activate|p1a: Zamazenta|move: Wide Guard\n|-activate|p1b: Lunala|move: Wide Guard\n|\n|-damage|p1a: Zamazenta|74/100 brn|[from] brn\n|upkeep\n|\n|t:|1768040166\n|switch|p2b: Rillaboom|Rillaboom, L50, M|64/100\n|-fieldstart|move: Grassy Terrain|[from] ability: Grassy Surge|[of] p2b: Rillaboom\n|turn|14\n|\n|t:|1768040176\n|move|p2b: Rillaboom|Fake Out|p1a: Zamazenta\n|-resisted|p1a: Zamazenta\n|-damage|p1a: Zamazenta|71/100 brn\n|cant|p1a: Zamazenta|flinch\n|move|p1b: Lunala|Moongeist Beam|p2b: Rillaboom\n|-damage|p2b: Rillaboom|16/100\n|move|p2a: Terapagos|Tera Starstorm|p1b: Lunala|[spread] p1a,p1b\n|-damage|p1a: Zamazenta|37/100 brn\n|-damage|p1b: Lunala|64/100\n|\n|-heal|p1a: Zamazenta|43/100 brn|[from] Grassy Terrain\n|-heal|p1b: Lunala|70/100|[from] Grassy Terrain\n|-heal|p2b: Rillaboom|22/100|[from] Grassy Terrain\n|-damage|p1a: Zamazenta|37/100 brn|[from] brn\n|upkeep\n|turn|15\n|\n|t:|1768040199\n|move|p2b: Rillaboom|Grassy Glide|p1a: Zamazenta\n|-resisted|p1a: Zamazenta\n|-damage|p1a: Zamazenta|28/100 brn\n|move|p1a: Zamazenta|Snarl|p2a: Terapagos|[spread] p2a,p2b\n|-damage|p2a: Terapagos|98/100\n|-damage|p2b: Rillaboom|17/100\n|-unboost|p2a: Terapagos|spa|1\n|-unboost|p2b: Rillaboom|spa|1\n|move|p1b: Lunala|Moongeist Beam|p2b: Rillaboom\n|-damage|p2b: Rillaboom|0 fnt\n|faint|p2b: Rillaboom\n|move|p2a: Terapagos|Earth Power|p1a: Zamazenta\n|-supereffective|p1a: Zamazenta\n|-damage|p1a: Zamazenta|0 fnt\n|faint|p1a: Zamazenta\n|\n|-heal|p1b: Lunala|76/100|[from] Grassy Terrain\n|-heal|p2a: Terapagos|100/100|[from] Grassy Terrain\n|upkeep\n|turn|16\n|\n|t:|1768040218\n|move|p1b: Lunala|Meteor Beam||[still]\n|-prepare|p1b: Lunala|Meteor Beam\n|-boost|p1b: Lunala|spa|1\n|move|p2a: Terapagos|Calm Mind|p2a: Terapagos\n|-boost|p2a: Terapagos|spa|1\n|-boost|p2a: Terapagos|spd|1\n|\n|-heal|p1b: Lunala|82/100|[from] Grassy Terrain\n|-end|p1b: Lunala|Disable\n|upkeep\n|turn|17\n|\n|t:|1768040229\n|move|p1b: Lunala|Meteor Beam|p2a: Terapagos|[from] lockedmove\n|-damage|p2a: Terapagos|81/100\n|move|p2a: Terapagos|Tera Starstorm|p1b: Lunala\n|-damage|p1b: Lunala|35/100\n|\n|-heal|p1b: Lunala|41/100|[from] Grassy Terrain\n|-heal|p2a: Terapagos|87/100|[from] Grassy Terrain\n|-heal|p2a: Terapagos|93/100|[from] item: Leftovers\n|upkeep\n|turn|18\n|\n|t:|1768040239\n|move|p1b: Lunala|Meteor Beam||[still]\n|-prepare|p1b: Lunala|Meteor Beam\n|-boost|p1b: Lunala|spa|1\n|move|p2a: Terapagos|Calm Mind|p2a: Terapagos\n|-boost|p2a: Terapagos|spa|1\n|-boost|p2a: Terapagos|spd|1\n|\n|-heal|p1b: Lunala|47/100|[from] Grassy Terrain\n|-heal|p2a: Terapagos|99/100|[from] Grassy Terrain\n|-heal|p2a: Terapagos|100/100|[from] item: Leftovers\n|-fieldend|move: Grassy Terrain\n|upkeep\n|turn|19\n|\n|t:|1768040244\n|move|p1b: Lunala|Meteor Beam|p2a: Terapagos|[from] lockedmove|[miss]\n|-miss|p1b: Lunala|p2a: Terapagos\n|move|p2a: Terapagos|Tera Starstorm|p1b: Lunala\n|-damage|p1b: Lunala|0 fnt\n|faint|p1b: Lunala\n|\n|win|Schimmli\n|raw|demomangokaboom!!!'s rating: 1174 &rarr; <strong>1159</strong><br />(-15 for losing)\n|raw|Schimmli's rating: 1322 &rarr; <strong>1334</strong><br />(+12 for winning)\n|l|\u2606demomangokaboom!!!\n|player|p1|\n|l|\u2606Schimmli\n|player|p2|\n","uploadtime":1768040544,"views":14,"formatid":"gen9vgc2026regi","rating":1159,"private":0,"password":null}