{"id":"gen9vgc2026regi-2561550119","format":"[Gen 9] VGC 2026 Reg I","players":["2Timmothy","terafireflareblitz"],"log":"|j|\u26062Timmothy\n|j|\u2606terafireflareblitz\n|t:|1773810854\n|gametype|doubles\n|player|p1|2Timmothy|265|1354\n|player|p2|terafireflareblitz|sycamore|1463\n|gen|9\n|tier|[Gen 9] VGC 2026 Reg I\n|rated|\n|rule|Species Clause: Limit one of each Pok\u00e9mon\n|rule|Item Clause: Limit 1 of each item\n|clearpoke\n|poke|p1|Terapagos, L50, M|\n|poke|p1|Iron Valiant, L50|\n|poke|p1|Volcarona, L50, M|\n|poke|p1|Rillaboom, L50, F|\n|poke|p1|Calyrex-Shadow, L50|\n|poke|p1|Slowbro, L50, M|\n|poke|p2|Koraidon, L50|\n|poke|p2|Lunala, L50|\n|poke|p2|Indeedee-F, L50, F|\n|poke|p2|Flutter Mane, L50|\n|poke|p2|Volcarona, L50, M|\n|poke|p2|Ursaluna, L50, F|\n|teampreview|4\n|inactive|Battle timer is ON: inactive players will automatically lose when time's up. (requested by terafireflareblitz)\n|inactive|2Timmothy has 60 seconds left.\n|\n|t:|1773810886\n|teamsize|p1|4\n|teamsize|p2|4\n|start\n|switch|p1a: Terapagos|Terapagos, L50, M|100/100\n|switch|p1b: Volcarona|Volcarona, L50, M|100/100\n|switch|p2a: Flutter Mane|Flutter Mane, L50|100/100\n|switch|p2b: Lunala|Lunala, L50, shiny|100/100\n|-activate|p1a: Terapagos|ability: Tera Shift\n|detailschange|p1a: Terapagos|Terapagos-Terastal, L50, M\n|-heal|p1a: Terapagos|100/100|[silent]\n|turn|1\n|\n|t:|1773810899\n|switch|p1b: Rillaboom|Rillaboom, L50, F|100/100\n|-fieldstart|move: Grassy Terrain|[from] ability: Grassy Surge|[of] p1b: Rillaboom\n|move|p2a: Flutter Mane|Icy Wind|p1a: Terapagos|[spread] p1a,p1b\n|-activate|p1a: Terapagos|ability: Tera Shell\n|-resisted|p1a: Terapagos\n|-supereffective|p1b: Rillaboom\n|-damage|p1a: Terapagos|95/100\n|-damage|p1b: Rillaboom|80/100\n|-unboost|p1b: Rillaboom|spe|1\n|move|p2b: Lunala|Meteor Beam||[still]\n|-prepare|p2b: Lunala|Meteor Beam\n|-boost|p2b: Lunala|spa|1\n|-enditem|p2b: Lunala|Power Herb\n|-anim|p2b: Lunala|Meteor Beam|p1b: Rillaboom|[miss]\n|-miss|p2b: Lunala|p1b: Rillaboom\n|move|p1a: Terapagos|Calm Mind|p1a: Terapagos\n|-boost|p1a: Terapagos|spa|1\n|-boost|p1a: Terapagos|spd|1\n|\n|-heal|p1a: Terapagos|100/100|[from] Grassy Terrain\n|-heal|p1b: Rillaboom|86/100|[from] Grassy Terrain\n|upkeep\n|turn|2\n|inactive|2Timmothy has 30 seconds left.\n|\n|t:|1773810927\n|-end|p2a: Flutter Mane|Protosynthesis|[silent]\n|switch|p2a: Indeedee|Indeedee-F, L50, F|100/100\n|-fieldstart|move: Psychic Terrain|[from] ability: Psychic Surge|[of] p2a: Indeedee\n|-terastallize|p1a: Terapagos|Stellar\n|detailschange|p1a: Terapagos|Terapagos-Stellar, L50, M, tera:Stellar\n|-heal|p1a: Terapagos|100/100|[silent]\n|-ability|p1a: Terapagos|Teraform Zero\n|-fieldend|move: Psychic Terrain\n|move|p2b: Lunala|Expanding Force|p1a: Terapagos\n|-damage|p1a: Terapagos|71/100\n|move|p1a: Terapagos|Tera Starstorm|p2a: Indeedee|[spread] p2a,p2b\n|-crit|p2b: Lunala\n|-damage|p2a: Indeedee|50/100\n|-damage|p2b: Lunala|72/100\n|move|p1b: Rillaboom|U-turn|p2b: Lunala\n|-damage|p2b: Lunala|54/100\n|\n|t:|1773810942\n|switch|p1b: Volcarona|Volcarona, L50, M|100/100|[from] U-turn\n|\n|upkeep\n|turn|3\n|\n|t:|1773810958\n|switch|p2a: Flutter Mane|Flutter Mane, L50|100/100\n|move|p2b: Lunala|Wide Guard|p2b: Lunala\n|-singleturn|p2b: Lunala|Wide Guard\n|move|p1b: Volcarona|Struggle Bug|p2b: Lunala|[spread] \n|-activate|p2a: Flutter Mane|move: Wide Guard\n|-activate|p2b: Lunala|move: Wide Guard\n|move|p1a: Terapagos|Tera Starstorm|p2b: Lunala|[spread] \n|-activate|p2a: Flutter Mane|move: Wide Guard\n|-activate|p2b: Lunala|move: Wide Guard\n|\n|upkeep\n|turn|4\n|\n|t:|1773810977\n|move|p2b: Lunala|Wide Guard|p2b: Lunala\n|-singleturn|p2b: Lunala|Wide Guard\n|move|p2a: Flutter Mane|Shadow Ball|p1b: Volcarona\n|-damage|p1b: Volcarona|58/100\n|-unboost|p1b: Volcarona|spd|1\n|move|p1b: Volcarona|Struggle Bug|p2a: Flutter Mane|[spread] \n|-activate|p2a: Flutter Mane|move: Wide Guard\n|-activate|p2b: Lunala|move: Wide Guard\n|move|p1a: Terapagos|Flamethrower|p2b: Lunala\n|-damage|p2b: Lunala|15/100\n|\n|upkeep\n|turn|5\n|\n|t:|1773810996\n|switch|p1b: Rillaboom|Rillaboom, L50, F|86/100\n|-fieldstart|move: Grassy Terrain|[from] ability: Grassy Surge|[of] p1b: Rillaboom\n|move|p2a: Flutter Mane|Shadow Ball|p1b: Rillaboom\n|-damage|p1b: Rillaboom|59/100\n|move|p2b: Lunala|Expanding Force|p1a: Terapagos\n|-damage|p1a: Terapagos|43/100\n|move|p1a: Terapagos|Tera Starstorm|p2a: Flutter Mane|[spread] p2a,p2b\n|-damage|p2a: Flutter Mane|44/100\n|-damage|p2b: Lunala|0 fnt\n|faint|p2b: Lunala\n|\n|-heal|p2a: Flutter Mane|50/100|[from] Grassy Terrain\n|-heal|p1b: Rillaboom|65/100|[from] Grassy Terrain\n|-heal|p1a: Terapagos|49/100|[from] Grassy Terrain\n|upkeep\n|\n|t:|1773811003\n|switch|p2b: Koraidon|Koraidon, L50, shiny|100/100\n|-weather|SunnyDay|[from] ability: Orichalcum Pulse|[of] p2b: Koraidon\n|-activate|p2a: Flutter Mane|ability: Protosynthesis\n|-start|p2a: Flutter Mane|protosynthesisspe\n|-activate|p2b: Koraidon|Orichalcum Pulse|[source]\n|turn|6\n|\n|t:|1773811020\n|move|p2a: Flutter Mane|Protect|p2a: Flutter Mane\n|-singleturn|p2a: Flutter Mane|Protect\n|move|p2b: Koraidon|Protect|p2b: Koraidon\n|-singleturn|p2b: Koraidon|Protect\n|move|p1b: Rillaboom|Fake Out|p2b: Koraidon\n|-activate|p2b: Koraidon|move: Protect\n|move|p1a: Terapagos|Tera Starstorm|p2b: Koraidon|[spread] \n|-activate|p2a: Flutter Mane|move: Protect\n|-activate|p2b: Koraidon|move: Protect\n|\n|-weather|SunnyDay|[upkeep]\n|-heal|p2a: Flutter Mane|56/100|[from] Grassy Terrain\n|-heal|p1b: Rillaboom|71/100|[from] Grassy Terrain\n|-heal|p1a: Terapagos|55/100|[from] Grassy Terrain\n|upkeep\n|turn|7\n|\n|t:|1773811037\n|move|p1a: Terapagos|Protect|p1a: Terapagos\n|-singleturn|p1a: Terapagos|Protect\n|move|p2a: Flutter Mane|Shadow Ball|p1b: Rillaboom\n|-damage|p1b: Rillaboom|47/100\n|move|p2b: Koraidon|Breaking Swipe|p1a: Terapagos|[spread] p1b\n|-activate|p1a: Terapagos|move: Protect\n|-damage|p1b: Rillaboom|10/100\n|-unboost|p1b: Rillaboom|atk|1\n|-damage|p2b: Koraidon|91/100|[from] item: Life Orb\n|move|p1b: Rillaboom|U-turn|p2a: Flutter Mane\n|-resisted|p2a: Flutter Mane\n|-damage|p2a: Flutter Mane|49/100\n|\n|t:|1773811049\n|switch|p1b: Volcarona|Volcarona, L50, M|58/100|[from] U-turn\n|\n|-weather|SunnyDay|[upkeep]\n|-heal|p2a: Flutter Mane|55/100|[from] Grassy Terrain\n|-heal|p2b: Koraidon|96/100|[from] Grassy Terrain\n|-heal|p1b: Volcarona|65/100|[from] Grassy Terrain\n|-heal|p1a: Terapagos|61/100|[from] Grassy Terrain\n|upkeep\n|turn|8\n|\n|t:|1773811057\n|move|p1b: Volcarona|Rage Powder|p1b: Volcarona\n|-singleturn|p1b: Volcarona|move: Rage Powder\n|move|p2a: Flutter Mane|Shadow Ball|p1b: Volcarona\n|-damage|p1b: Volcarona|22/100\n|move|p2b: Koraidon|Breaking Swipe|p1a: Terapagos|[spread] p1a,p1b\n|-damage|p1a: Terapagos|38/100\n|-damage|p1b: Volcarona|0 fnt\n|-damage|p2b: Koraidon|80/100|[from] item: Rocky Helmet|[of] p1b: Volcarona\n|-status|p2b: Koraidon|brn|[from] ability: Flame Body|[of] p1b: Volcarona\n|faint|p1b: Volcarona\n|-damage|p2b: Koraidon|70/100 brn|[from] item: Life Orb\n|move|p1a: Terapagos|Tera Starstorm|p2a: Flutter Mane|[spread] p2a,p2b\n|-damage|p2a: Flutter Mane|0 fnt\n|-damage|p2b: Koraidon|13/100 brn\n|faint|p2a: Flutter Mane\n|-end|p2a: Flutter Mane|Protosynthesis|[silent]\n|\n|-weather|SunnyDay|[upkeep]\n|-heal|p2b: Koraidon|19/100 brn|[from] Grassy Terrain\n|-heal|p1a: Terapagos|44/100|[from] Grassy Terrain\n|-damage|p2b: Koraidon|13/100 brn|[from] brn\n|upkeep\n|-message|terafireflareblitz forfeited.\n|\n|win|2Timmothy\n|raw|2Timmothy's rating: 1354 &rarr; <strong>1380</strong><br />(+26 for winning)\n|raw|terafireflareblitz's rating: 1463 &rarr; <strong>1437</strong><br />(-26 for losing)\n|l|\u2606terafireflareblitz\n|player|p2|\n","uploadtime":1773811067,"views":11,"formatid":"gen9vgc2026regi","rating":1380,"private":0,"password":null}