{"id":"gen9vgc2026regi-2590966167","format":"[Gen 9] VGC 2026 Reg I","players":["spernerslemma","wizzywhy"],"log":"|j|\u2606spernerslemma\n|j|\u2606wizzywhy\n|t:|1776865176\n|gametype|doubles\n|player|p1|spernerslemma|pokekid|1503\n|player|p2|wizzywhy|266|1453\n|gen|9\n|tier|[Gen 9] VGC 2026 Reg I\n|rated|\n|rule|Species Clause: Limit one of each Pok\u00e9mon\n|rule|Item Clause: Limit 1 of each item\n|clearpoke\n|poke|p1|Zamazenta-*, L50|\n|poke|p1|Kyogre, L50|\n|poke|p1|Chien-Pao, L50|\n|poke|p1|Amoonguss, L50, F|\n|poke|p1|Roaring Moon, L50|\n|poke|p1|Landorus, L50, M|\n|poke|p2|Koraidon, L50|\n|poke|p2|Flutter Mane, L50|\n|poke|p2|Calyrex-Shadow, L50|\n|poke|p2|Rillaboom, L50, F|\n|poke|p2|Incineroar, L50, M|\n|poke|p2|Brute Bonnet, L50|\n|teampreview|4\n|\n|t:|1776865216\n|teamsize|p1|4\n|teamsize|p2|4\n|start\n|switch|p1a: Zamazenta|Zamazenta-Crowned, L50|100/100\n|switch|p1b: Kyogre|Kyogre, L50|100/100\n|switch|p2a: Koraidon|Koraidon, L50|100/100\n|switch|p2b: Flutter Mane|Flutter Mane, L50|100/100\n|-ability|p1a: Zamazenta|Dauntless Shield|boost\n|-boost|p1a: Zamazenta|def|1\n|-weather|SunnyDay|[from] ability: Orichalcum Pulse|[of] p2a: Koraidon\n|-activate|p2b: Flutter Mane|ability: Protosynthesis\n|-start|p2b: Flutter Mane|protosynthesisspe\n|-activate|p2a: Koraidon|Orichalcum Pulse|[source]\n|-weather|RainDance|[from] ability: Drizzle|[of] p1b: Kyogre\n|-end|p2b: Flutter Mane|Protosynthesis\n|turn|1\n|\n|t:|1776865255\n|move|p2b: Flutter Mane|Thunder Wave|p1b: Kyogre\n|-status|p1b: Kyogre|par\n|move|p1a: Zamazenta|Behemoth Bash|p2b: Flutter Mane\n|-supereffective|p2b: Flutter Mane\n|-enditem|p2b: Flutter Mane|Focus Sash\n|-damage|p2b: Flutter Mane|1/100\n|move|p2a: Koraidon|Collision Course|p1b: Kyogre\n|-damage|p1b: Kyogre|48/100 par\n|move|p1b: Kyogre|Water Spout|p2a: Koraidon|[spread] p2a,p2b\n|-resisted|p2a: Koraidon\n|-damage|p2a: Koraidon|76/100\n|-damage|p2b: Flutter Mane|0 fnt\n|faint|p2b: Flutter Mane\n|-end|p2b: Flutter Mane|Protosynthesis|[silent]\n|\n|-weather|RainDance|[upkeep]\n|upkeep\n|\n|t:|1776865277\n|switch|p2b: Brute Bonnet|Brute Bonnet, L50|100/100\n|turn|2\n|\n|t:|1776865301\n|-terastallize|p1a: Zamazenta|Grass\n|move|p1a: Zamazenta|Body Press|p2b: Brute Bonnet\n|-supereffective|p2b: Brute Bonnet\n|-crit|p2b: Brute Bonnet\n|-damage|p2b: Brute Bonnet|0 fnt\n|faint|p2b: Brute Bonnet\n|-end|p2b: Brute Bonnet|Protosynthesis|[silent]\n|move|p2a: Koraidon|Collision Course|p1b: Kyogre\n|-damage|p1b: Kyogre|0 fnt\n|faint|p1b: Kyogre\n|\n|-weather|RainDance|[upkeep]\n|upkeep\n|\n|t:|1776865313\n|switch|p1b: Roaring Moon|Roaring Moon, L50|100/100\n|switch|p2b: Calyrex|Calyrex-Shadow, L50|100/100\n|-ability|p2b: Calyrex|As One\n|-ability|p2b: Calyrex|Unnerve\n|-enditem|p1b: Roaring Moon|Booster Energy\n|-activate|p1b: Roaring Moon|ability: Protosynthesis|[fromitem]\n|-start|p1b: Roaring Moon|protosynthesisspe\n|turn|3\n|inactive|Battle timer is ON: inactive players will automatically lose when time's up. (requested by wizzywhy)\n|\n|t:|1776865380\n|-terastallize|p2b: Calyrex|Fighting\n|move|p2b: Calyrex|Pollen Puff|p1a: Zamazenta\n|-supereffective|p1a: Zamazenta\n|-damage|p1a: Zamazenta|42/100\n|move|p1b: Roaring Moon|Tailwind|p1b: Roaring Moon\n|-sidestart|p1: spernerslemma|move: Tailwind\n|move|p1a: Zamazenta|Body Press|p2a: Koraidon\n|-damage|p2a: Koraidon|25/100\n|move|p2a: Koraidon|Collision Course|p1b: Roaring Moon\n|-supereffective|p1b: Roaring Moon\n|-damage|p1b: Roaring Moon|0 fnt\n|faint|p1b: Roaring Moon\n|-end|p1b: Roaring Moon|Protosynthesis|[silent]\n|\n|-weather|RainDance|[upkeep]\n|upkeep\n|\n|t:|1776865393\n|switch|p1b: Landorus|Landorus, L50, M|100/100\n|turn|4\n|\n|t:|1776865403\n|move|p1a: Zamazenta|Protect|p1a: Zamazenta\n|-singleturn|p1a: Zamazenta|Protect\n|move|p2a: Koraidon|Protect|p2a: Koraidon\n|-singleturn|p2a: Koraidon|Protect\n|move|p2b: Calyrex|Pollen Puff|p1a: Zamazenta\n|-activate|p1a: Zamazenta|move: Protect\n|move|p1b: Landorus|Sandsear Storm|p2a: Koraidon|[spread] p2b\n|-activate|p2a: Koraidon|move: Protect\n|-damage|p2b: Calyrex|40/100\n|\n|-weather|RainDance|[upkeep]\n|upkeep\n|turn|5\n|\n|t:|1776865422\n|move|p1a: Zamazenta|Body Press|p2b: Calyrex\n|-damage|p2b: Calyrex|0 fnt\n|faint|p2b: Calyrex\n|move|p1b: Landorus|Sandsear Storm|p2a: Koraidon\n|-damage|p2a: Koraidon|0 fnt\n|faint|p2a: Koraidon\n|\n|win|spernerslemma\n|raw|spernerslemma's rating: 1503 &rarr; <strong>1520</strong><br />(+17 for winning)\n|raw|wizzywhy's rating: 1453 &rarr; <strong>1436</strong><br />(-17 for losing)\n|l|\u2606wizzywhy\n|player|p2|\n|l|\u2606spernerslemma\n|player|p1|\n","uploadtime":1776865664,"views":11,"formatid":"gen9vgc2026regi","rating":1436,"private":0,"password":null}