{"id":"gen9vgc2026regi-2545468413","format":"[Gen 9] VGC 2026 Reg I","players":["maihuyvuan","Schimmli"],"log":"|j|\u2606maihuyvuan\n|j|\u2606Schimmli\n|t:|1771853524\n|gametype|doubles\n|player|p1|maihuyvuan|lucas|1314\n|player|p2|Schimmli|102|1527\n|gen|9\n|tier|[Gen 9] VGC 2026 Reg I\n|rated|\n|rule|Species Clause: Limit one of each Pok\u00e9mon\n|rule|Item Clause: Limit 1 of each item\n|clearpoke\n|poke|p1|Koraidon, L50|\n|poke|p1|Necrozma-Dusk-Mane, L50|\n|poke|p1|Lilligant-Hisui, L50, F|\n|poke|p1|Raging Bolt, L50|\n|poke|p1|Garganacl, L50, F|\n|poke|p1|Indeedee-F, L50, F|\n|poke|p2|Terapagos, L50, M|\n|poke|p2|Calyrex-Shadow, L50|\n|poke|p2|Flutter Mane, L50|\n|poke|p2|Ogerpon-Cornerstone, L50, F|\n|poke|p2|Incineroar, L50, F|\n|poke|p2|Rillaboom, L50, M|\n|teampreview|4\n|\n|t:|1771853567\n|teamsize|p1|4\n|teamsize|p2|4\n|start\n|switch|p1a: Necrozma|Necrozma-Dusk-Mane, L50|100/100\n|switch|p1b: Garganacl|Garganacl, L50, F|100/100\n|switch|p2a: Terapagos|Terapagos, L50, M|100/100\n|switch|p2b: Incineroar|Incineroar, L50, F, shiny|100/100\n|-activate|p2a: Terapagos|ability: Tera Shift\n|detailschange|p2a: Terapagos|Terapagos-Terastal, L50, M\n|-heal|p2a: Terapagos|100/100|[silent]\n|-ability|p2b: Incineroar|Intimidate|boost\n|-unboost|p1a: Necrozma|atk|1\n|-unboost|p1b: Garganacl|atk|1\n|turn|1\n|\n|t:|1771853585\n|move|p2b: Incineroar|Fake Out|p1b: Garganacl\n|-resisted|p1b: Garganacl\n|-damage|p1b: Garganacl|98/100\n|move|p1a: Necrozma|Dragon Dance|p1a: Necrozma\n|-boost|p1a: Necrozma|atk|1\n|-boost|p1a: Necrozma|spe|1\n|move|p2a: Terapagos|Calm Mind|p2a: Terapagos\n|-boost|p2a: Terapagos|spa|1\n|-boost|p2a: Terapagos|spd|1\n|cant|p1b: Garganacl|flinch\n|\n|-heal|p1b: Garganacl|100/100|[from] item: Leftovers\n|upkeep\n|turn|2\n|\n|t:|1771853601\n|move|p2a: Terapagos|Protect|p2a: Terapagos\n|-singleturn|p2a: Terapagos|Protect\n|move|p1a: Necrozma|Dragon Dance|p1a: Necrozma\n|-boost|p1a: Necrozma|atk|1\n|-boost|p1a: Necrozma|spe|1\n|move|p2b: Incineroar|Will-O-Wisp|p1a: Necrozma\n|-status|p1a: Necrozma|brn\n|move|p1b: Garganacl|Salt Cure|p2a: Terapagos\n|-activate|p2a: Terapagos|move: Protect\n|\n|-damage|p1a: Necrozma|95/100 brn|[from] brn\n|upkeep\n|turn|3\n|\n|t:|1771853619\n|move|p1a: Necrozma|Dragon Dance|p1a: Necrozma\n|-boost|p1a: Necrozma|atk|1\n|-boost|p1a: Necrozma|spe|1\n|move|p2a: Terapagos|Calm Mind|p2a: Terapagos\n|-boost|p2a: Terapagos|spa|1\n|-boost|p2a: Terapagos|spd|1\n|move|p2b: Incineroar|Knock Off|p1b: Garganacl\n|-damage|p1b: Garganacl|80/100\n|-enditem|p1b: Garganacl|Leftovers|[from] move: Knock Off|[of] p2b: Incineroar\n|move|p1b: Garganacl|Salt Cure|p2a: Terapagos\n|-activate|p2a: Terapagos|ability: Tera Shell\n|-resisted|p2a: Terapagos\n|-damage|p2a: Terapagos|97/100\n|-start|p2a: Terapagos|Salt Cure\n|\n|-heal|p2a: Terapagos|100/100|[from] item: Leftovers\n|-damage|p1a: Necrozma|89/100 brn|[from] brn\n|-damage|p2a: Terapagos|88/100|[from] Salt Cure\n|upkeep\n|turn|4\n|\n|t:|1771853645\n|-terastallize|p2a: Terapagos|Stellar\n|detailschange|p2a: Terapagos|Terapagos-Stellar, L50, M, tera:Stellar\n|-heal|p2a: Terapagos|91/100|[silent]\n|move|p1a: Necrozma|Dragon Dance|p1a: Necrozma\n|-boost|p1a: Necrozma|atk|1\n|-boost|p1a: Necrozma|spe|1\n|move|p2a: Terapagos|Earth Power|p1b: Garganacl\n|-supereffective|p1b: Garganacl\n|-damage|p1b: Garganacl|0 fnt\n|faint|p1b: Garganacl\n|move|p2b: Incineroar|Parting Shot|p1a: Necrozma\n|-unboost|p1a: Necrozma|atk|1\n|-unboost|p1a: Necrozma|spa|1\n|\n|t:|1771853657\n|switch|p2b: Rillaboom|Rillaboom, L50, M|100/100|[from] Parting Shot\n|-fieldstart|move: Grassy Terrain|[from] ability: Grassy Surge|[of] p2b: Rillaboom\n|\n|-heal|p1a: Necrozma|95/100 brn|[from] Grassy Terrain\n|-heal|p2a: Terapagos|97/100|[from] Grassy Terrain\n|-heal|p2a: Terapagos|100/100|[from] item: Leftovers\n|-damage|p1a: Necrozma|89/100 brn|[from] brn\n|-damage|p2a: Terapagos|88/100|[from] Salt Cure\n|upkeep\n|\n|t:|1771853669\n|switch|p1b: Koraidon|Koraidon, L50, shiny|100/100\n|-weather|SunnyDay|[from] ability: Orichalcum Pulse|[of] p1b: Koraidon\n|-activate|p1b: Koraidon|Orichalcum Pulse|[source]\n|turn|5\n|\n|t:|1771853675\n|move|p1a: Necrozma|Protect|p1a: Necrozma\n|-singleturn|p1a: Necrozma|Protect\n|move|p1b: Koraidon|Protect|p1b: Koraidon\n|-singleturn|p1b: Koraidon|Protect\n|move|p2b: Rillaboom|Fake Out|p1b: Koraidon\n|-activate|p1b: Koraidon|move: Protect\n|move|p2a: Terapagos|Tera Starstorm|p1a: Necrozma|[spread] \n|-activate|p1a: Necrozma|move: Protect\n|-activate|p1b: Koraidon|move: Protect\n|\n|-weather|SunnyDay|[upkeep]\n|-heal|p1a: Necrozma|95/100 brn|[from] Grassy Terrain\n|-heal|p2a: Terapagos|94/100|[from] Grassy Terrain\n|-heal|p2a: Terapagos|100/100|[from] item: Leftovers\n|-damage|p1a: Necrozma|89/100 brn|[from] brn\n|-damage|p2a: Terapagos|88/100|[from] Salt Cure\n|upkeep\n|turn|6\n|\n|t:|1771853698\n|switch|p2b: Incineroar|Incineroar, L50, F, shiny|100/100\n|-ability|p2b: Incineroar|Intimidate|boost\n|-unboost|p1a: Necrozma|atk|1\n|-fail|p1b: Koraidon|unboost|[from] item: Clear Amulet|[of] p1b: Koraidon\n|move|p2a: Terapagos|Protect|p2a: Terapagos\n|-singleturn|p2a: Terapagos|Protect\n|move|p1a: Necrozma|Dragon Dance|p1a: Necrozma\n|-boost|p1a: Necrozma|atk|1\n|-boost|p1a: Necrozma|spe|1\n|move|p1b: Koraidon|Collision Course|p2a: Terapagos\n|-activate|p2a: Terapagos|move: Protect\n|\n|-weather|SunnyDay|[upkeep]\n|-heal|p1a: Necrozma|95/100 brn|[from] Grassy Terrain\n|-heal|p2a: Terapagos|94/100|[from] Grassy Terrain\n|-heal|p2a: Terapagos|100/100|[from] item: Leftovers\n|-damage|p1a: Necrozma|89/100 brn|[from] brn\n|-damage|p2a: Terapagos|88/100|[from] Salt Cure\n|upkeep\n|turn|7\n|\n|t:|1771853728\n|switch|p2b: Rillaboom|Rillaboom, L50, M|100/100\n|move|p1a: Necrozma|Protect|p1a: Necrozma\n|-singleturn|p1a: Necrozma|Protect\n|move|p1b: Koraidon|Protect|p1b: Koraidon\n|-singleturn|p1b: Koraidon|Protect\n|move|p2a: Terapagos|Calm Mind|p2a: Terapagos\n|-boost|p2a: Terapagos|spa|1\n|-boost|p2a: Terapagos|spd|1\n|\n|-weather|SunnyDay|[upkeep]\n|-heal|p1a: Necrozma|95/100 brn|[from] Grassy Terrain\n|-heal|p2a: Terapagos|94/100|[from] Grassy Terrain\n|-heal|p2a: Terapagos|100/100|[from] item: Leftovers\n|-damage|p1a: Necrozma|89/100 brn|[from] brn\n|-damage|p2a: Terapagos|88/100|[from] Salt Cure\n|upkeep\n|turn|8\n|\n|t:|1771853760\n|switch|p1b: Raging Bolt|Raging Bolt, L50|100/100\n|-activate|p1b: Raging Bolt|ability: Protosynthesis\n|-start|p1b: Raging Bolt|protosynthesisspa\n|move|p2b: Rillaboom|Fake Out|p1b: Raging Bolt\n|-damage|p1b: Raging Bolt|90/100\n|move|p1a: Necrozma|Sunsteel Strike|p2a: Terapagos\n|-damage|p2a: Terapagos|56/100\n|move|p2a: Terapagos|Tera Starstorm|p1a: Necrozma|[spread] p1a,p1b\n|-damage|p1a: Necrozma|12/100 brn\n|-damage|p1b: Raging Bolt|46/100\n|\n|-weather|SunnyDay|[upkeep]\n|-heal|p1a: Necrozma|17/100 brn|[from] Grassy Terrain\n|-heal|p2a: Terapagos|62/100|[from] Grassy Terrain\n|-heal|p2a: Terapagos|68/100|[from] item: Leftovers\n|-heal|p1b: Raging Bolt|52/100|[from] Grassy Terrain\n|-damage|p1a: Necrozma|12/100 brn|[from] brn\n|-damage|p2a: Terapagos|56/100|[from] Salt Cure\n|-fieldend|move: Grassy Terrain\n|upkeep\n|turn|9\n|\n|t:|1771853799\n|move|p2a: Terapagos|Protect|p2a: Terapagos\n|-singleturn|p2a: Terapagos|Protect\n|move|p1a: Necrozma|Photon Geyser|p2a: Terapagos\n|-activate|p2a: Terapagos|move: Protect\n|move|p2b: Rillaboom|U-turn|p1b: Raging Bolt\n|-damage|p1b: Raging Bolt|33/100\n|\n|t:|1771853809\n|switch|p2b: Incineroar|Incineroar, L50, F, shiny|100/100|[from] U-turn\n|-ability|p2b: Incineroar|Intimidate|boost\n|-unboost|p1a: Necrozma|atk|1\n|-unboost|p1b: Raging Bolt|atk|1\n|move|p1b: Raging Bolt|Draco Meteor|p2b: Incineroar\n|-damage|p2b: Incineroar|4/100\n|-unboost|p1b: Raging Bolt|spa|2\n|\n|-weather|none\n|-end|p1b: Raging Bolt|Protosynthesis\n|-heal|p2a: Terapagos|62/100|[from] item: Leftovers\n|-damage|p1a: Necrozma|6/100 brn|[from] brn\n|-damage|p2a: Terapagos|50/100|[from] Salt Cure\n|upkeep\n|turn|10\n|\n|t:|1771853828\n|move|p2b: Incineroar|Fake Out|p1a: Necrozma\n|-resisted|p1a: Necrozma\n|-damage|p1a: Necrozma|1/100 brn\n|move|p1b: Raging Bolt|Thunderclap|p2a: Terapagos\n|-damage|p2a: Terapagos|44/100\n|cant|p1a: Necrozma|flinch\n|move|p2a: Terapagos|Tera Starstorm|p1b: Raging Bolt|[spread] p1a,p1b\n|-damage|p1a: Necrozma|0 fnt\n|-damage|p1b: Raging Bolt|0 fnt\n|faint|p1a: Necrozma\n|faint|p1b: Raging Bolt\n|-end|p1b: Raging Bolt|Protosynthesis|[silent]\n|\n|-heal|p2a: Terapagos|50/100|[from] item: Leftovers\n|-damage|p2a: Terapagos|37/100|[from] Salt Cure\n|upkeep\n|\n|t:|1771853846\n|switch|p1b: Koraidon|Koraidon, L50, shiny|100/100\n|-weather|SunnyDay|[from] ability: Orichalcum Pulse|[of] p1b: Koraidon\n|-activate|p1b: Koraidon|Orichalcum Pulse|[source]\n|turn|11\n|\n|t:|1771853857\n|move|p1b: Koraidon|Flame Charge|p2b: Incineroar\n|-resisted|p2b: Incineroar\n|-damage|p2b: Incineroar|0 fnt\n|-boost|p1b: Koraidon|spe|1\n|-damage|p1b: Koraidon|84/100|[from] item: Rocky Helmet|[of] p2b: Incineroar\n|faint|p2b: Incineroar\n|move|p2a: Terapagos|Tera Starstorm|p1b: Koraidon\n|-damage|p1b: Koraidon|0 fnt\n|faint|p1b: Koraidon\n|\n|win|Schimmli\n|raw|maihuyvuan's rating: 1314 &rarr; <strong>1305</strong><br />(-9 for losing)\n|raw|Schimmli's rating: 1527 &rarr; <strong>1536</strong><br />(+9 for winning)\n|l|\u2606maihuyvuan\n|player|p1|\n|l|\u2606Schimmli\n|player|p2|\n","uploadtime":1771854078,"views":16,"formatid":"gen9vgc2026regi","rating":1305,"private":0,"password":null}