{"id":"gen9vgc2026regi-2572238518","format":"[Gen 9] VGC 2026 Reg I","players":["SnarkyShane","Kwiper"],"log":"|j|\u2606SnarkyShane\n|j|\u2606Kwiper\n|t:|1775000676\n|gametype|doubles\n|player|p1|SnarkyShane|gambler|1571\n|player|p2|Kwiper|sycamore|1540\n|gen|9\n|tier|[Gen 9] VGC 2026 Reg I\n|rated|\n|rule|Species Clause: Limit one of each Pok\u00e9mon\n|rule|Item Clause: Limit 1 of each item\n|clearpoke\n|poke|p1|Rayquaza, L50|\n|poke|p1|Calyrex-Shadow, L50|\n|poke|p1|Chien-Pao, L50|\n|poke|p1|Ting-Lu, L50|\n|poke|p1|Amoonguss, L50, M|\n|poke|p1|Avalugg-Hisui, L50, M|\n|poke|p2|Koraidon, L50|\n|poke|p2|Lunala, L50|\n|poke|p2|Indeedee-F, L50, F|\n|poke|p2|Flutter Mane, L50|\n|poke|p2|Volcarona, L50, F|\n|poke|p2|Ursaluna, L50, M|\n|teampreview|4\n|inactive|Battle timer is ON: inactive players will automatically lose when time's up. (requested by Kwiper)\n|inactive|SnarkyShane also wants the timer to be on.\n|inactive|SnarkyShane has 60 seconds left.\n|\n|t:|1775000713\n|teamsize|p1|4\n|teamsize|p2|4\n|start\n|switch|p1a: FesterinEquestrian|Calyrex-Shadow, L50|100/100\n|switch|p1b: Victor Creed|Chien-Pao, L50|100/100\n|switch|p2a: Lunala|Lunala, L50, shiny|100/100\n|switch|p2b: Indeedee|Indeedee-F, L50, F|100/100\n|-ability|p1a: FesterinEquestrian|As One\n|-ability|p1a: FesterinEquestrian|Unnerve\n|-ability|p1b: Victor Creed|Sword of Ruin\n|-fieldstart|move: Psychic Terrain|[from] ability: Psychic Surge|[of] p2b: Indeedee\n|turn|1\n|\n|t:|1775000731\n|switch|p1a: Big Gulp|Ting-Lu, L50|100/100\n|-ability|p1a: Big Gulp|Vessel of Ruin\n|-terastallize|p2a: Lunala|Water\n|move|p1b: Victor Creed|Ice Spinner|p2b: Indeedee\n|-damage|p2b: Indeedee|34/100\n|-fieldend|move: Psychic Terrain\n|-damage|p1b: Victor Creed|91/100|[from] item: Life Orb\n|move|p2a: Lunala|Moongeist Beam|p1a: Big Gulp\n|-resisted|p1a: Big Gulp\n|-damage|p1a: Big Gulp|90/100\n|move|p2b: Indeedee|Alluring Voice|p1a: Big Gulp\n|-supereffective|p1a: Big Gulp\n|-damage|p1a: Big Gulp|78/100\n|\n|upkeep\n|turn|2\n|inactive|SnarkyShane has 30 seconds left.\n|\n|t:|1775000761\n|move|p2b: Indeedee|Follow Me|p2b: Indeedee\n|-singleturn|p2b: Indeedee|move: Follow Me\n|move|p1b: Victor Creed|Ice Spinner|p2b: Indeedee\n|-damage|p2b: Indeedee|0 fnt\n|faint|p2b: Indeedee\n|-damage|p1b: Victor Creed|81/100|[from] item: Life Orb\n|move|p2a: Lunala|Meteor Beam||[still]\n|-prepare|p2a: Lunala|Meteor Beam\n|-boost|p2a: Lunala|spa|1\n|-enditem|p2a: Lunala|Power Herb\n|-anim|p2a: Lunala|Meteor Beam|p1b: Victor Creed\n|-supereffective|p1b: Victor Creed\n|-damage|p1b: Victor Creed|0 fnt\n|faint|p1b: Victor Creed\n|move|p1a: Big Gulp|Ruination|p2a: Lunala\n|-damage|p2a: Lunala|51/100\n|\n|upkeep\n|\n|t:|1775000783\n|switch|p1b: FesterinEquestrian|Calyrex-Shadow, L50|100/100\n|switch|p2b: Flutter Mane|Flutter Mane, L50|100/100\n|-ability|p1b: FesterinEquestrian|As One\n|-ability|p1b: FesterinEquestrian|Unnerve\n|turn|3\n|\n|t:|1775000795\n|move|p1b: FesterinEquestrian|Protect|p1b: FesterinEquestrian\n|-singleturn|p1b: FesterinEquestrian|Protect\n|move|p2a: Lunala|Wide Guard|p2a: Lunala\n|-singleturn|p2a: Lunala|Wide Guard\n|move|p2b: Flutter Mane|Icy Wind|p1a: Big Gulp|[spread] p1a\n|-activate|p1b: FesterinEquestrian|move: Protect\n|-supereffective|p1a: Big Gulp\n|-damage|p1a: Big Gulp|67/100\n|-unboost|p1a: Big Gulp|spe|1\n|move|p1a: Big Gulp|Heavy Slam|p2b: Flutter Mane\n|-supereffective|p2b: Flutter Mane\n|-enditem|p2b: Flutter Mane|Focus Sash\n|-damage|p2b: Flutter Mane|1/100\n|\n|upkeep\n|turn|4\n|\n|t:|1775000816\n|switch|p1a: Noodle Del Muerte|Rayquaza, L50|100/100\n|-ability|p1a: Noodle Del Muerte|Air Lock\n|move|p2b: Flutter Mane|Protect|p2b: Flutter Mane\n|-singleturn|p2b: Flutter Mane|Protect\n|move|p1b: FesterinEquestrian|Psychic|p2b: Flutter Mane\n|-activate|p2b: Flutter Mane|move: Protect\n|move|p2a: Lunala|Moongeist Beam|p1b: FesterinEquestrian\n|-supereffective|p1b: FesterinEquestrian\n|-enditem|p1b: FesterinEquestrian|Focus Sash\n|-damage|p1b: FesterinEquestrian|1/100\n|\n|upkeep\n|turn|5\n|\n|t:|1775000834\n|-end|p2b: Flutter Mane|Protosynthesis|[silent]\n|switch|p2b: Koraidon|Koraidon, L50, shiny|100/100\n|-weather|SunnyDay|[from] ability: Orichalcum Pulse|[of] p2b: Koraidon\n|-activate|p2b: Koraidon|Orichalcum Pulse|[source]\n|move|p1b: FesterinEquestrian|Psychic|p2b: Koraidon\n|-supereffective|p2b: Koraidon\n|-damage|p2b: Koraidon|0 fnt\n|faint|p2b: Koraidon\n|-ability|p1b: FesterinEquestrian|Grim Neigh|boost\n|-boost|p1b: FesterinEquestrian|spa|1\n|move|p2a: Lunala|Moongeist Beam|p1a: Noodle Del Muerte\n|-damage|p1a: Noodle Del Muerte|25/100\n|move|p1a: Noodle Del Muerte|Swords Dance|p1a: Noodle Del Muerte\n|-boost|p1a: Noodle Del Muerte|atk|2\n|\n|-weather|SunnyDay|[upkeep]\n|upkeep\n|\n|t:|1775000838\n|switch|p2b: Flutter Mane|Flutter Mane, L50|1/100\n|turn|6\n|-message|Kwiper forfeited.\n|\n|win|SnarkyShane\n|raw|SnarkyShane's rating: 1571 &rarr; <strong>1589</strong><br />(+18 for winning)\n|raw|Kwiper's rating: 1540 &rarr; <strong>1522</strong><br />(-18 for losing)\n","uploadtime":1775000844,"views":21,"formatid":"gen9vgc2026regi","rating":1522,"private":0,"password":null}