{"id":"gen9vgc2026regi-2534743412","format":"[Gen 9] VGC 2026 Reg I","players":["j0l0k0","Like a Fish"],"log":"|j|\u2606j0l0k0\n|j|\u2606Like a Fish\n|t:|1770471150\n|gametype|doubles\n|player|p1|j0l0k0|brycen|1444\n|player|p2|Like a Fish|n|1396\n|gen|9\n|tier|[Gen 9] VGC 2026 Reg I\n|rated|\n|rule|Species Clause: Limit one of each Pok\u00e9mon\n|rule|Item Clause: Limit 1 of each item\n|clearpoke\n|poke|p1|Calyrex-Ice, L50|\n|poke|p1|Kyogre, L50|\n|poke|p1|Indeedee-F, L50, F|\n|poke|p1|Urshifu-*, L50, F|\n|poke|p1|Amoonguss, L50, F|\n|poke|p1|Landorus, L50, M|\n|poke|p2|Miraidon, L50|\n|poke|p2|Groudon, L50|\n|poke|p2|Incineroar, L50, M|\n|poke|p2|Electivire, L50, F|\n|poke|p2|Wo-Chien, L50|\n|poke|p2|Oranguru, L50, M|\n|teampreview|4\n|inactive|Battle timer is ON: inactive players will automatically lose when time's up. (requested by Like a Fish)\n|inactive|j0l0k0 also wants the timer to be on.\n|\n|t:|1770471164\n|teamsize|p1|4\n|teamsize|p2|4\n|start\n|switch|p1a: Kyogre|Kyogre, L50, shiny|100/100\n|switch|p1b: Urshifu|Urshifu, L50, F|100/100\n|switch|p2a: Miraidon|Miraidon, L50|100/100\n|switch|p2b: Oranguru|Oranguru, L50, M|100/100\n|-fieldstart|move: Electric Terrain|[from] ability: Hadron Engine|[of] p2a: Miraidon\n|-enditem|p2a: Miraidon|Electric Seed\n|-boost|p2a: Miraidon|def|1|[from] item: Electric Seed\n|-activate|p2b: Oranguru|ability: Symbiosis|Covert Cloak|[of] p2a: Miraidon\n|-weather|RainDance|[from] ability: Drizzle|[of] p1a: Kyogre\n|turn|1\n|\n|t:|1770471178\n|-terastallize|p1a: Kyogre|Grass\n|move|p2a: Miraidon|Calm Mind|p2a: Miraidon\n|-boost|p2a: Miraidon|spa|1\n|-boost|p2a: Miraidon|spd|1\n|move|p1b: Urshifu|Wicked Blow|p2b: Oranguru\n|-supereffective|p2b: Oranguru\n|-crit|p2b: Oranguru\n|-damage|p2b: Oranguru|8/100\n|move|p1a: Kyogre|Water Spout|p2b: Oranguru|[spread] p2a,p2b\n|-resisted|p2a: Miraidon\n|-crit|p2a: Miraidon\n|-damage|p2a: Miraidon|41/100\n|-damage|p2b: Oranguru|0 fnt\n|faint|p2b: Oranguru\n|\n|-weather|RainDance|[upkeep]\n|upkeep\n|\n|t:|1770471197\n|switch|p2b: Groudon|Groudon, L50|100/100\n|-weather|SunnyDay|[from] ability: Drought|[of] p2b: Groudon\n|turn|2\n|\n|t:|1770471208\n|move|p2a: Miraidon|Parabolic Charge|p1b: Urshifu|[spread] p1a,p1b\n|-immune|p2b: Groudon\n|-resisted|p1a: Kyogre\n|-damage|p1a: Kyogre|88/100\n|-heal|p2a: Miraidon|47/100|[from] drain|[of] p1a: Kyogre\n|-damage|p1b: Urshifu|9/100\n|-heal|p2a: Miraidon|86/100|[from] drain|[of] p1b: Urshifu\n|move|p1b: Urshifu|Wicked Blow|p2a: Miraidon\n|-crit|p2a: Miraidon\n|-damage|p2a: Miraidon|35/100\n|move|p2b: Groudon|Heat Crash|p1a: Kyogre\n|-supereffective|p1a: Kyogre\n|-damage|p1a: Kyogre|16/100\n|move|p1a: Kyogre|Hydro Pump|p2b: Groudon\n|-supereffective|p2b: Groudon\n|-damage|p2b: Groudon|33/100\n|\n|-weather|SunnyDay|[upkeep]\n|upkeep\n|turn|3\n|\n|t:|1770471232\n|move|p2a: Miraidon|Parabolic Charge|p1a: Kyogre|[spread] p1a,p1b\n|-immune|p2b: Groudon\n|-resisted|p1a: Kyogre\n|-damage|p1a: Kyogre|5/100\n|-heal|p2a: Miraidon|41/100|[from] drain|[of] p1a: Kyogre\n|-damage|p1b: Urshifu|0 fnt\n|-heal|p2a: Miraidon|45/100|[from] drain|[of] p1b: Urshifu\n|faint|p1b: Urshifu\n|move|p2b: Groudon|Precipice Blades|p1a: Kyogre\n|-resisted|p1a: Kyogre\n|-damage|p1a: Kyogre|0 fnt\n|faint|p1a: Kyogre\n|\n|-weather|SunnyDay|[upkeep]\n|upkeep\n|\n|t:|1770471245\n|switch|p1b: Landorus|Landorus, L50, M, shiny|100/100\n|switch|p1a: Calyrex|Calyrex-Ice, L50|100/100\n|-ability|p1a: Calyrex|As One\n|-ability|p1a: Calyrex|Unnerve\n|turn|4\n|inactive|Like a Fish has 30 seconds left.\n|\n|t:|1770471275\n|-terastallize|p2b: Groudon|Fire\n|move|p2a: Miraidon|Dragon Pulse|p1a: Calyrex\n|-damage|p1a: Calyrex|42/100\n|move|p2b: Groudon|Heat Crash|p1a: Calyrex\n|-supereffective|p1a: Calyrex\n|-damage|p1a: Calyrex|0 fnt\n|faint|p1a: Calyrex\n|move|p1b: Landorus|Sandsear Storm|p2b: Groudon|[spread] p2a,p2b\n|-supereffective|p2a: Miraidon\n|-supereffective|p2b: Groudon\n|-damage|p2a: Miraidon|0 fnt\n|-damage|p2b: Groudon|0 fnt\n|faint|p2a: Miraidon\n|faint|p2b: Groudon\n|\n|-weather|SunnyDay|[upkeep]\n|upkeep\n|\n|t:|1770471286\n|switch|p2b: Electivire|Electivire, L50, F|100/100\n|turn|5\n|\n|t:|1770471291\n|move|p2b: Electivire|Feint|p1b: Landorus\n|-damage|p1b: Landorus|92/100\n|move|p1b: Landorus|Earth Power|p2b: Electivire\n|-supereffective|p2b: Electivire\n|-damage|p2b: Electivire|0 fnt\n|faint|p2b: Electivire\n|\n|win|j0l0k0\n|raw|j0l0k0's rating: 1444 &rarr; <strong>1461</strong><br />(+17 for winning)\n|raw|Like a Fish's rating: 1396 &rarr; <strong>1379</strong><br />(-17 for losing)\n|l|\u2606Like a Fish\n|player|p2|\n|l|\u2606j0l0k0\n|player|p1|\n","uploadtime":1770471546,"views":34,"formatid":"gen9vgc2026regi","rating":1379,"private":0,"password":null}