{"id":"gen9vgc2026regi-2524323310","format":"[Gen 9] VGC 2026 Reg I","players":["Torracat Master","GoofyRonald756"],"log":"|j|\u2606Torracat Master\n|j|\u2606GoofyRonald756\n|t:|1769131463\n|gametype|doubles\n|player|p1|Torracat Master|266|1420\n|player|p2|GoofyRonald756|266|1440\n|gen|9\n|tier|[Gen 9] VGC 2026 Reg I\n|rated|\n|rule|Species Clause: Limit one of each Pok\u00e9mon\n|rule|Item Clause: Limit 1 of each item\n|clearpoke\n|poke|p1|Koraidon, L50|\n|poke|p1|Incineroar, L50, M|\n|poke|p1|Zoroark-Hisui, L50, M|\n|poke|p1|Lunala, L50|\n|poke|p1|Amoonguss, L50, M|\n|poke|p1|Ursaluna, L50, M|\n|poke|p2|Miraidon, L50|\n|poke|p2|Lunala, L50|\n|poke|p2|Sylveon, L50, F|\n|poke|p2|Incineroar, L50, M|\n|poke|p2|Whimsicott, L50, M|\n|poke|p2|Urshifu-*, L50, M|\n|teampreview|4\n|\n|t:|1769131510\n|teamsize|p1|4\n|teamsize|p2|4\n|start\n|switch|p1a: Lunala|Lunala, L50|100/100\n|switch|p1b: Incineroar|Incineroar, L50, M, shiny|100/100\n|switch|p2a: Miraidon|Miraidon, L50, shiny|100/100\n|switch|p2b: Lunala|Lunala, L50|100/100\n|-fieldstart|move: Electric Terrain|[from] ability: Hadron Engine|[of] p2a: Miraidon\n|-enditem|p2b: Lunala|Electric Seed\n|-boost|p2b: Lunala|def|1|[from] item: Electric Seed\n|turn|1\n|j| xiaoliyunVGC\n|\n|t:|1769131532\n|-terastallize|p2b: Lunala|Fairy\n|move|p1b: Incineroar|Fake Out|p2a: Miraidon\n|-crit|p2a: Miraidon\n|-damage|p2a: Miraidon|83/100\n|cant|p2a: Miraidon|flinch\n|move|p1a: Lunala|Meteor Beam||[still]\n|-prepare|p1a: Lunala|Meteor Beam\n|-boost|p1a: Lunala|spa|1\n|-enditem|p1a: Lunala|Power Herb\n|-anim|p1a: Lunala|Meteor Beam|p2b: Lunala\n|-damage|p2b: Lunala|77/100\n|move|p2b: Lunala|Moongeist Beam|p1a: Lunala\n|-supereffective|p1a: Lunala\n|-damage|p1a: Lunala|10/100\n|\n|upkeep\n|turn|2\n|\n|t:|1769131559\n|switch|p1a: Ursaluna|Ursaluna, L50, M|100/100\n|move|p2a: Miraidon|Draco Meteor|p1a: Ursaluna\n|-damage|p1a: Ursaluna|0 fnt\n|-unboost|p2a: Miraidon|spa|2\n|faint|p1a: Ursaluna\n|move|p2b: Lunala|Moonblast|p1b: Incineroar\n|-damage|p1b: Incineroar|63/100\n|move|p1b: Incineroar|Parting Shot|p2a: Miraidon\n|-unboost|p2a: Miraidon|atk|1\n|-unboost|p2a: Miraidon|spa|1\n|\n|t:|1769131566\n|switch|p1b: Koraidon|Koraidon, L50|100/100|[from] Parting Shot\n|-weather|SunnyDay|[from] ability: Orichalcum Pulse|[of] p1b: Koraidon\n|-activate|p1b: Koraidon|Orichalcum Pulse|[source]\n|\n|-weather|SunnyDay|[upkeep]\n|upkeep\n|\n|t:|1769131569\n|switch|p1a: Incineroar|Incineroar, L50, M, shiny|63/100\n|turn|3\n|\n|t:|1769131580\n|switch|p2a: Incineroar|Incineroar, L50, M|100/100\n|-ability|p2a: Incineroar|Intimidate|boost\n|-unboost|p1a: Incineroar|atk|1\n|-unboost|p1b: Koraidon|atk|1\n|move|p1a: Incineroar|Fake Out|p2b: Lunala\n|-damage|p2b: Lunala|74/100\n|move|p1b: Koraidon|Close Combat|p2a: Incineroar\n|-supereffective|p2a: Incineroar\n|-damage|p2a: Incineroar|0 fnt\n|-unboost|p1b: Koraidon|def|1\n|-unboost|p1b: Koraidon|spd|1\n|faint|p2a: Incineroar\n|-damage|p1b: Koraidon|91/100|[from] item: Life Orb\n|cant|p2b: Lunala|flinch\n|\n|-weather|SunnyDay|[upkeep]\n|upkeep\n|\n|t:|1769131587\n|switch|p2a: Miraidon|Miraidon, L50, shiny|83/100\n|-activate|p2a: Miraidon|ability: Hadron Engine\n|turn|4\n|\n|t:|1769131593\n|switch|p1b: Lunala|Lunala, L50|10/100\n|move|p2a: Miraidon|Electro Drift|p1b: Lunala\n|-damage|p1b: Lunala|0 fnt\n|faint|p1b: Lunala\n|move|p2b: Lunala|Moonblast|p1a: Incineroar\n|-damage|p1a: Incineroar|24/100\n|move|p1a: Incineroar|Parting Shot|p2a: Miraidon\n|-unboost|p2a: Miraidon|atk|1\n|-unboost|p2a: Miraidon|spa|1\n|\n|t:|1769131603\n|switch|p1a: Koraidon|Koraidon, L50|91/100|[from] Parting Shot\n|-activate|p1a: Koraidon|ability: Orichalcum Pulse\n|\n|-weather|SunnyDay|[upkeep]\n|upkeep\n|\n|t:|1769131605\n|switch|p1b: Incineroar|Incineroar, L50, M, shiny|24/100\n|turn|5\n|\n|t:|1769131611\n|-terastallize|p1a: Koraidon|Fire\n|move|p1b: Incineroar|Fake Out|p2a: Miraidon\n|-damage|p2a: Miraidon|74/100\n|move|p1a: Koraidon|Flame Charge|p2b: Lunala\n|-damage|p2b: Lunala|30/100\n|-boost|p1a: Koraidon|spe|1\n|-damage|p1a: Koraidon|81/100|[from] item: Life Orb\n|cant|p2a: Miraidon|flinch\n|move|p2b: Lunala|Trick Room|p2b: Lunala\n|-fieldstart|move: Trick Room|[of] p2b: Lunala\n|\n|-weather|SunnyDay|[upkeep]\n|-fieldend|move: Electric Terrain\n|upkeep\n|turn|6\n|\n|t:|1769131639\n|move|p1b: Incineroar|Flare Blitz|p2b: Lunala\n|-damage|p2b: Lunala|0 fnt\n|faint|p2b: Lunala\n|-damage|p1b: Incineroar|13/100|[from] Recoil\n|move|p2a: Miraidon|Electro Drift|p1a: Koraidon\n|-damage|p1a: Koraidon|25/100\n|move|p1a: Koraidon|Close Combat|p2a: Miraidon\n|-damage|p2a: Miraidon|0 fnt\n|-unboost|p1a: Koraidon|def|1\n|-unboost|p1a: Koraidon|spd|1\n|faint|p2a: Miraidon\n|-damage|p1a: Koraidon|15/100|[from] item: Life Orb\n|\n|-weather|none\n|upkeep\n|\n|t:|1769131644\n|switch|p2a: Sylveon|Sylveon, L50, F, shiny|100/100\n|turn|7\n|\n|t:|1769131672\n|move|p1a: Koraidon|Protect|p1a: Koraidon\n|-singleturn|p1a: Koraidon|Protect\n|move|p1b: Incineroar|Flare Blitz|p2a: Sylveon\n|-damage|p2a: Sylveon|22/100\n|-damage|p1b: Incineroar|0 fnt|[from] Recoil\n|faint|p1b: Incineroar\n|move|p2a: Sylveon|Hyper Voice|p1a: Koraidon\n|-activate|p1a: Koraidon|move: Protect\n|\n|upkeep\n|turn|8\n|c|\u2606GoofyRonald756|wrong ab on incin?\n|c|\u2606Torracat Master|Yup\n|c|\u2606GoofyRonald756|oh\n|c|\u2606Torracat Master|I forgot\n|\n|t:|1769131704\n|move|p1a: Koraidon|Protect||[still]\n|-fail|p1a: Koraidon\n|move|p2a: Sylveon|Hyper Voice|p1a: Koraidon\n|-resisted|p1a: Koraidon\n|-damage|p1a: Koraidon|0 fnt\n|faint|p1a: Koraidon\n|\n|win|GoofyRonald756\n|raw|Torracat Master's rating: 1420 &rarr; <strong>1401</strong><br />(-19 for losing)\n|raw|GoofyRonald756's rating: 1440 &rarr; <strong>1459</strong><br />(+19 for winning)\n|l|\u2606Torracat Master\n|player|p1|\n|c|\u2606GoofyRonald756|i was like wtf\n|l|\u2606GoofyRonald756\n|player|p2|\n|l| xiaoliyunVGC\n","uploadtime":1769131924,"views":18,"formatid":"gen9vgc2026regi","rating":1401,"private":0,"password":null}