{"id":"gen9vgc2026regi-2565365784","format":"[Gen 9] VGC 2026 Reg I","players":["darkest_contender","Jonen"],"log":"|j|\u2606darkest_contender\n|j|\u2606Jonen\n|t:|1774268301\n|gametype|doubles\n|player|p1|darkest_contender|cynthia-masters3|1495\n|player|p2|Jonen|medium|1499\n|gen|9\n|tier|[Gen 9] VGC 2026 Reg I\n|rated|\n|rule|Species Clause: Limit one of each Pok\u00e9mon\n|rule|Item Clause: Limit 1 of each item\n|clearpoke\n|poke|p1|Calyrex-Shadow, L50|\n|poke|p1|Zamazenta-*, L50|\n|poke|p1|Ogerpon-Cornerstone, L50, F|\n|poke|p1|Flutter Mane, L50|\n|poke|p1|Whimsicott, L50, F|\n|poke|p1|Torkoal, L50, M|\n|poke|p2|Groudon, L50|\n|poke|p2|Lunala, L50|\n|poke|p2|Sableye, L50, F|\n|poke|p2|Chi-Yu, L50|\n|poke|p2|Rillaboom, L50, F|\n|poke|p2|Jumpluff, L50, F|\n|teampreview|4\n|\n|t:|1774268323\n|teamsize|p1|4\n|teamsize|p2|4\n|start\n|switch|p1a: Calyrex|Calyrex-Shadow, L50|100/100\n|switch|p1b: Whimsicott|Whimsicott, L50, F|100/100\n|switch|p2a: Groudon|Groudon, L50|100/100\n|switch|p2b: Sableye|Sableye, L50, F|100/100\n|-ability|p1a: Calyrex|As One\n|-ability|p1a: Calyrex|Unnerve\n|-weather|SunnyDay|[from] ability: Drought|[of] p2a: Groudon\n|turn|1\n|inactive|Battle timer is ON: inactive players will automatically lose when time's up. (requested by darkest_contender)\n|\n|t:|1774268351\n|move|p1a: Calyrex|Protect|p1a: Calyrex\n|-singleturn|p1a: Calyrex|Protect\n|move|p1b: Whimsicott|Tailwind|p1b: Whimsicott\n|-sidestart|p1: darkest_contender|move: Tailwind\n|move|p2b: Sableye|Quash|p1a: Calyrex\n|-activate|p1a: Calyrex|move: Protect\n|move|p2a: Groudon|Heat Crash|p1a: Calyrex\n|-activate|p1a: Calyrex|move: Protect\n|\n|-weather|SunnyDay|[upkeep]\n|upkeep\n|turn|2\n|\n|t:|1774268363\n|-terastallize|p1a: Calyrex|Dark\n|move|p1b: Whimsicott|Helping Hand|p1a: Calyrex\n|-singleturn|p1a: Calyrex|Helping Hand|[of] p1b: Whimsicott\n|move|p2a: Groudon|Protect|p2a: Groudon\n|-singleturn|p2a: Groudon|Protect\n|move|p2b: Sableye|Gravity|p2b: Sableye\n|-fieldstart|move: Gravity\n|move|p1a: Calyrex|Astral Barrage|p2b: Sableye|[spread] p2b\n|-activate|p2a: Groudon|move: Protect\n|-enditem|p2b: Sableye|Focus Sash\n|-damage|p2b: Sableye|1/100\n|\n|-weather|SunnyDay|[upkeep]\n|upkeep\n|turn|3\n|\n|t:|1774268388\n|move|p1b: Whimsicott|Helping Hand|p1a: Calyrex\n|-singleturn|p1a: Calyrex|Helping Hand|[of] p1b: Whimsicott\n|move|p2b: Sableye|Quash||[still]\n|-fail|p2b: Sableye\n|move|p1a: Calyrex|Astral Barrage|p2b: Sableye|[spread] p2a,p2b\n|-damage|p2a: Groudon|8/100\n|-damage|p2b: Sableye|0 fnt\n|faint|p2b: Sableye\n|-ability|p1a: Calyrex|Grim Neigh|boost\n|-boost|p1a: Calyrex|spa|1\n|move|p2a: Groudon|Precipice Blades|p1a: Calyrex|[spread] p1a,p1b\n|-resisted|p1b: Whimsicott\n|-damage|p1a: Calyrex|10/100\n|-damage|p1b: Whimsicott|57/100\n|-damage|p2a: Groudon|0 fnt|[from] item: Life Orb\n|faint|p2a: Groudon\n|\n|-weather|SunnyDay|[upkeep]\n|upkeep\n|\n|t:|1774268394\n|switch|p2a: Chi-Yu|Chi-Yu, L50|100/100\n|switch|p2b: Lunala|Lunala, L50|100/100\n|-ability|p2a: Chi-Yu|Beads of Ruin\n|turn|4\n|\n|t:|1774268408\n|move|p1b: Whimsicott|Helping Hand|p1a: Calyrex\n|-singleturn|p1a: Calyrex|Helping Hand|[of] p1b: Whimsicott\n|move|p2b: Lunala|Protect|p2b: Lunala\n|-singleturn|p2b: Lunala|Protect\n|move|p1a: Calyrex|Dark Pulse|p2b: Lunala\n|-activate|p2b: Lunala|move: Protect\n|move|p2a: Chi-Yu|Heat Wave|p1a: Calyrex|[spread] p1a,p1b\n|-supereffective|p1b: Whimsicott\n|-damage|p1a: Calyrex|0 fnt\n|-damage|p1b: Whimsicott|0 fnt\n|faint|p1a: Calyrex\n|faint|p1b: Whimsicott\n|\n|-weather|SunnyDay|[upkeep]\n|-sideend|p1: darkest_contender|move: Tailwind\n|upkeep\n|\n|t:|1774268415\n|switch|p1a: Zamazenta|Zamazenta-Crowned, L50|100/100\n|switch|p1b: Flutter Mane|Flutter Mane, L50|100/100\n|-ability|p1a: Zamazenta|Dauntless Shield|boost\n|-boost|p1a: Zamazenta|def|1\n|-activate|p1b: Flutter Mane|ability: Protosynthesis\n|-start|p1b: Flutter Mane|protosynthesisspe\n|turn|5\n|\n|t:|1774268424\n|-terastallize|p2a: Chi-Yu|Ghost\n|move|p1b: Flutter Mane|Shadow Ball|p2b: Lunala\n|-supereffective|p2b: Lunala\n|-damage|p2b: Lunala|17/100\n|-unboost|p2b: Lunala|spd|1\n|move|p2a: Chi-Yu|Heat Wave|p1b: Flutter Mane|[spread] p1a,p1b\n|-supereffective|p1a: Zamazenta\n|-damage|p1a: Zamazenta|0 fnt\n|-damage|p1b: Flutter Mane|13/100\n|faint|p1a: Zamazenta\n|move|p2b: Lunala|Hypnosis|p1b: Flutter Mane\n|-status|p1b: Flutter Mane|slp|[from] move: Hypnosis\n|\n|-weather|none\n|-end|p1b: Flutter Mane|Protosynthesis\n|upkeep\n|-enditem|p1b: Flutter Mane|Booster Energy\n|-activate|p1b: Flutter Mane|ability: Protosynthesis|[fromitem]\n|-start|p1b: Flutter Mane|protosynthesisspe\n|turn|6\n|\n|t:|1774268434\n|cant|p1b: Flutter Mane|slp\n|move|p2a: Chi-Yu|Heat Wave|p1b: Flutter Mane\n|-damage|p1b: Flutter Mane|0 fnt\n|faint|p1b: Flutter Mane\n|-end|p1b: Flutter Mane|Protosynthesis|[silent]\n|\n|win|Jonen\n|raw|darkest_contender's rating: 1495 &rarr; <strong>1475</strong><br />(-20 for losing)\n|raw|Jonen's rating: 1499 &rarr; <strong>1519</strong><br />(+20 for winning)\n|c|\u2606Jonen|gg\n|l|\u2606darkest_contender\n|player|p1|\n|l|\u2606Jonen\n|player|p2|\n","uploadtime":1774268434,"views":15,"formatid":"gen9vgc2026regi","rating":1475,"private":0,"password":null}