{"id":"gen9vgc2026regi-2552584028","format":"[Gen 9] VGC 2026 Reg I","players":["pzyxhic","bigbadbirdvgc"],"log":"|j|\u2606pzyxhic\n|j|\u2606bigbadbirdvgc\n|t:|1772734532\n|gametype|doubles\n|player|p1|pzyxhic|1|1405\n|player|p2|bigbadbirdvgc|101|1426\n|gen|9\n|tier|[Gen 9] VGC 2026 Reg I\n|rated|\n|rule|Species Clause: Limit one of each Pok\u00e9mon\n|rule|Item Clause: Limit 1 of each item\n|clearpoke\n|poke|p1|Calyrex-Shadow, L50|\n|poke|p1|Chi-Yu, L50|\n|poke|p1|Whimsicott, L50, F|\n|poke|p1|Urshifu-*, L50, F|\n|poke|p1|Farigiraf, L50, F|\n|poke|p1|Kyurem-White, L50|\n|poke|p2|Kyogre, L50|\n|poke|p2|Farigiraf, L50, F|\n|poke|p2|Incineroar, L50, M|\n|poke|p2|Miraidon, L50|\n|poke|p2|Amoonguss, L50, M|\n|poke|p2|Gholdengo, L50|\n|teampreview|4\n|\n|t:|1772734578\n|teamsize|p1|4\n|teamsize|p2|4\n|start\n|switch|p1a: Calyrex|Calyrex-Shadow, L50|100/100\n|switch|p1b: Kyurem|Kyurem-White, L50|100/100\n|switch|p2a: Incineroar|Incineroar, L50, M|100/100\n|switch|p2b: Farigiraf|Farigiraf, L50, F|100/100\n|-ability|p1a: Calyrex|As One\n|-ability|p1a: Calyrex|Unnerve\n|-ability|p1b: Kyurem|Turboblaze\n|-ability|p2a: Incineroar|Intimidate|boost\n|-unboost|p1a: Calyrex|atk|1\n|-unboost|p1b: Kyurem|atk|1\n|turn|1\n|\n|t:|1772734609\n|move|p2a: Incineroar|Fake Out|p1b: Kyurem\n|-damage|p1b: Kyurem|91/100\n|move|p1a: Calyrex|Pollen Puff|p2b: Farigiraf\n|-supereffective|p2b: Farigiraf\n|-damage|p2b: Farigiraf|47/100\n|cant|p1b: Kyurem|flinch\n|move|p2b: Farigiraf|Trick Room|p2b: Farigiraf\n|-fieldstart|move: Trick Room|[of] p2b: Farigiraf\n|\n|upkeep\n|turn|2\n|\n|t:|1772734635\n|switch|p1a: Whimsicott|Whimsicott, L50, F|100/100\n|move|p2b: Farigiraf|Protect|p2b: Farigiraf\n|-singleturn|p2b: Farigiraf|Protect\n|move|p2a: Incineroar|Parting Shot|p1b: Kyurem\n|-unboost|p1b: Kyurem|atk|1\n|-unboost|p1b: Kyurem|spa|1\n|\n|t:|1772734642\n|switch|p2a: Gholdengo|Gholdengo, L50|100/100|[from] Parting Shot\n|move|p1b: Kyurem|Freeze-Dry|p2b: Farigiraf\n|-activate|p2b: Farigiraf|move: Protect\n|\n|upkeep\n|turn|3\n|\n|t:|1772734676\n|switch|p1a: Urshifu|Urshifu-Rapid-Strike, L50, F|100/100\n|-terastallize|p1b: Kyurem|Fire\n|move|p2b: Farigiraf|Psychic|p1a: Urshifu\n|-supereffective|p1a: Urshifu\n|-enditem|p1a: Urshifu|Focus Sash\n|-damage|p1a: Urshifu|1/100\n|-unboost|p1a: Urshifu|spd|1\n|move|p2a: Gholdengo|Make It Rain|p1b: Kyurem|[spread] p1a,p1b\n|-resisted|p1a: Urshifu\n|-resisted|p1b: Kyurem\n|-damage|p1a: Urshifu|0 fnt\n|-damage|p1b: Kyurem|62/100\n|-unboost|p2a: Gholdengo|spa|1\n|faint|p1a: Urshifu\n|-damage|p2a: Gholdengo|91/100|[from] item: Life Orb\n|move|p1b: Kyurem|Fusion Flare|p2a: Gholdengo\n|-supereffective|p2a: Gholdengo\n|-damage|p2a: Gholdengo|0 fnt\n|faint|p2a: Gholdengo\n|-damage|p1b: Kyurem|52/100|[from] item: Life Orb\n|\n|upkeep\n|\n|t:|1772734699\n|switch|p2a: Kyogre|Kyogre, L50|100/100\n|switch|p1a: Calyrex|Calyrex-Shadow, L50|100/100\n|-ability|p1a: Calyrex|As One\n|-ability|p1a: Calyrex|Unnerve\n|-weather|RainDance|[from] ability: Drizzle|[of] p2a: Kyogre\n|turn|4\n|\n|t:|1772734727\n|switch|p1b: Whimsicott|Whimsicott, L50, F|100/100\n|move|p2b: Farigiraf|Psychic|p1a: Calyrex\n|-resisted|p1a: Calyrex\n|-damage|p1a: Calyrex|84/100\n|move|p2a: Kyogre|Origin Pulse|p1b: Whimsicott|[spread] p1a,p1b\n|-resisted|p1b: Whimsicott\n|-damage|p1a: Calyrex|18/100\n|-damage|p1b: Whimsicott|63/100\n|move|p1a: Calyrex|Pollen Puff|p2b: Farigiraf\n|-supereffective|p2b: Farigiraf\n|-damage|p2b: Farigiraf|0 fnt\n|faint|p2b: Farigiraf\n|-ability|p1a: Calyrex|Grim Neigh|boost\n|-boost|p1a: Calyrex|spa|1\n|\n|-weather|RainDance|[upkeep]\n|upkeep\n|\n|t:|1772734743\n|switch|p2b: Incineroar|Incineroar, L50, M|100/100\n|-ability|p2b: Incineroar|Intimidate|boost\n|-unboost|p1a: Calyrex|atk|1\n|-unboost|p1b: Whimsicott|atk|1\n|turn|5\n|\n|t:|1772734765\n|move|p1b: Whimsicott|Fake Tears|p2a: Kyogre\n|-unboost|p2a: Kyogre|spd|2\n|move|p2b: Incineroar|Knock Off|p1a: Calyrex\n|-supereffective|p1a: Calyrex\n|-damage|p1a: Calyrex|0 fnt\n|-enditem|p1a: Calyrex|Choice Scarf|[from] move: Knock Off|[of] p2b: Incineroar\n|faint|p1a: Calyrex\n|move|p2a: Kyogre|Ice Beam|p1b: Whimsicott\n|-supereffective|p1b: Whimsicott\n|-damage|p1b: Whimsicott|0 fnt\n|faint|p1b: Whimsicott\n|\n|-weather|RainDance|[upkeep]\n|-fieldend|move: Trick Room\n|upkeep\n|\n|t:|1772734776\n|switch|p1a: Kyurem|Kyurem-White, L50, tera:Fire|52/100\n|-ability|p1a: Kyurem|Turboblaze\n|turn|6\n|\n|t:|1772734790\n|-terastallize|p2b: Incineroar|Bug\n|move|p1a: Kyurem|Protect|p1a: Kyurem\n|-singleturn|p1a: Kyurem|Protect\n|move|p2a: Kyogre|Protect|p2a: Kyogre\n|-singleturn|p2a: Kyogre|Protect\n|move|p2b: Incineroar|Knock Off|p1a: Kyurem\n|-activate|p1a: Kyurem|move: Protect\n|\n|-weather|RainDance|[upkeep]\n|upkeep\n|turn|7\n|\n|t:|1772734802\n|move|p1a: Kyurem|Freeze-Dry|p2a: Kyogre\n|-supereffective|p2a: Kyogre\n|-damage|p2a: Kyogre|0 fnt\n|faint|p2a: Kyogre\n|-damage|p1a: Kyurem|42/100|[from] item: Life Orb\n|move|p2b: Incineroar|Knock Off|p1a: Kyurem\n|-damage|p1a: Kyurem|3/100\n|-enditem|p1a: Kyurem|Life Orb|[from] move: Knock Off|[of] p2b: Incineroar\n|\n|-weather|RainDance|[upkeep]\n|upkeep\n|turn|8\n|\n|t:|1772734813\n|move|p1a: Kyurem|Protect|p1a: Kyurem\n|-singleturn|p1a: Kyurem|Protect\n|move|p2b: Incineroar|Knock Off|p1a: Kyurem\n|-activate|p1a: Kyurem|move: Protect\n|\n|-weather|none\n|upkeep\n|turn|9\n|\n|t:|1772734822\n|move|p1a: Kyurem|Fusion Flare|p2b: Incineroar\n|-supereffective|p2b: Incineroar\n|-damage|p2b: Incineroar|0 fnt\n|faint|p2b: Incineroar\n|\n|win|pzyxhic\n|raw|pzyxhic's rating: 1405 &rarr; <strong>1426</strong><br />(+21 for winning)\n|raw|bigbadbirdvgc's rating: 1426 &rarr; <strong>1405</strong><br />(-21 for losing)\n|c|\u2606bigbadbirdvgc|ah well played, made a bad mistake there\n|c|\u2606bigbadbirdvgc|capitalised, props to you\n|c|\u2606pzyxhic|tbh I didn\u2019t think I\u2019d survive knock off. Gg\n|c|\u2606bigbadbirdvgc|gg\n|l|\u2606bigbadbirdvgc\n|player|p2|\n|l|\u2606pzyxhic\n|player|p1|\n","uploadtime":1772734966,"views":14,"formatid":"gen9vgc2026regi","rating":1405,"private":0,"password":null}