{"id":"gen9vgc2026regi-2565055428","format":"[Gen 9] VGC 2026 Reg I","players":["slicertheabsol","happidoodledoo"],"log":"|j|\u2606slicertheabsol\n|j|\u2606happidoodledoo\n|t:|1774224342\n|gametype|doubles\n|player|p1|slicertheabsol|beauty-gen6xy|1388\n|player|p2|happidoodledoo|169|1431\n|gen|9\n|tier|[Gen 9] VGC 2026 Reg I\n|rated|\n|rule|Species Clause: Limit one of each Pok\u00e9mon\n|rule|Item Clause: Limit 1 of each item\n|clearpoke\n|poke|p1|Giratina-Origin, L50|\n|poke|p1|Chien-Pao, L50|\n|poke|p1|Kingambit, L50, F|\n|poke|p1|Ho-Oh, L50|\n|poke|p1|Landorus-Therian, L50, M|\n|poke|p1|Sinistcha, L50|\n|poke|p2|Grimmsnarl, L50, M|\n|poke|p2|Zamazenta-*, L50|\n|poke|p2|Sinistcha, L50|\n|poke|p2|Landorus, L50, M|\n|poke|p2|Whimsicott, L50, M|\n|poke|p2|Lunala, L50|\n|teampreview|4\n|\n|t:|1774224384\n|teamsize|p1|4\n|teamsize|p2|4\n|start\n|switch|p1a: Ho-Oh|Ho-Oh, L50|100/100\n|switch|p1b: Landorus|Landorus-Therian, L50, M|100/100\n|switch|p2a: rudigerrimsnarl|Grimmsnarl, L50, M|100/100\n|switch|p2b: Lunala|Lunala, L50|100/100\n|-ability|p1b: Landorus|Intimidate|boost\n|-unboost|p2a: rudigerrimsnarl|atk|1\n|-unboost|p2b: Lunala|atk|1\n|turn|1\n|\n|t:|1774224416\n|move|p1a: Ho-Oh|Protect|p1a: Ho-Oh\n|-singleturn|p1a: Ho-Oh|Protect\n|move|p2a: rudigerrimsnarl|Fake Out|p1a: Ho-Oh\n|-activate|p1a: Ho-Oh|move: Protect\n|move|p1b: Landorus|U-turn|p2b: Lunala\n|-damage|p2b: Lunala|91/100\n|\n|t:|1774224426\n|switch|p1b: Giratina|Giratina-Origin, L50|100/100|[from] U-turn\n|move|p2b: Lunala|Moongeist Beam|p1b: Giratina\n|-supereffective|p1b: Giratina\n|-damage|p1b: Giratina|18/100\n|\n|upkeep\n|turn|2\n|\n|t:|1774224467\n|move|p2b: Lunala|Protect|p2b: Lunala\n|-singleturn|p2b: Lunala|Protect\n|move|p1b: Giratina|Protect|p1b: Giratina\n|-singleturn|p1b: Giratina|Protect\n|move|p2a: rudigerrimsnarl|Reflect|p2a: rudigerrimsnarl\n|-sidestart|p2: happidoodledoo|Reflect\n|move|p1a: Ho-Oh|Sacred Fire|p2b: Lunala\n|-activate|p2b: Lunala|move: Protect\n|\n|upkeep\n|turn|3\n|\n|t:|1774224489\n|-terastallize|p2b: Lunala|Fairy\n|move|p2b: Lunala|Dazzling Gleam|p1b: Giratina|[spread] p1a,p1b\n|-resisted|p1a: Ho-Oh\n|-supereffective|p1b: Giratina\n|-damage|p1a: Ho-Oh|90/100\n|-damage|p1b: Giratina|0 fnt\n|faint|p1b: Giratina\n|move|p1a: Ho-Oh|Sacred Fire|p2a: rudigerrimsnarl\n|-damage|p2a: rudigerrimsnarl|66/100\n|-status|p2a: rudigerrimsnarl|brn\n|move|p2a: rudigerrimsnarl|Foul Play|p1a: Ho-Oh\n|-damage|p1a: Ho-Oh|69/100\n|\n|-damage|p2a: rudigerrimsnarl|60/100 brn|[from] brn\n|upkeep\n|\n|t:|1774224504\n|switch|p1b: Landorus|Landorus-Therian, L50, M|100/100\n|-ability|p1b: Landorus|Intimidate|boost\n|-unboost|p2a: rudigerrimsnarl|atk|1\n|-unboost|p2b: Lunala|atk|1\n|turn|4\n|\n|t:|1774224529\n|switch|p2a: sinistchouameni|Sinistcha, L50|100/100\n|-heal|p2b: Lunala|100/100|[from] ability: Hospitality|[of] p2a: sinistchouameni\n|move|p1b: Landorus|U-turn|p2a: sinistchouameni\n|-damage|p2a: sinistchouameni|88/100\n|-enditem|p2a: sinistchouameni|Eject Button\n|\n|t:|1774224547\n|switch|p2a: rudigerrimsnarl|Grimmsnarl, L50, M|60/100 brn\n|move|p2b: Lunala|Moongeist Beam|p1b: Landorus\n|-damage|p1b: Landorus|33/100\n|move|p1a: Ho-Oh|Sacred Fire|p2a: rudigerrimsnarl\n|-damage|p2a: rudigerrimsnarl|24/100 brn\n|\n|-damage|p2a: rudigerrimsnarl|18/100 brn|[from] brn\n|upkeep\n|turn|5\n|\n|t:|1774224574\n|move|p2a: rudigerrimsnarl|Fake Out|p1a: Ho-Oh\n|-damage|p1a: Ho-Oh|64/100\n|move|p1b: Landorus|U-turn|p2a: rudigerrimsnarl\n|-damage|p2a: rudigerrimsnarl|0 fnt\n|faint|p2a: rudigerrimsnarl\n|\n|t:|1774224579\n|switch|p1b: Chien-Pao|Chien-Pao, L50|100/100|[from] U-turn\n|-ability|p1b: Chien-Pao|Sword of Ruin\n|move|p2b: Lunala|Dazzling Gleam|p1b: Chien-Pao|[spread] p1a,p1b\n|-resisted|p1a: Ho-Oh\n|-supereffective|p1b: Chien-Pao\n|-damage|p1a: Ho-Oh|55/100\n|-enditem|p1b: Chien-Pao|Focus Sash\n|-damage|p1b: Chien-Pao|1/100\n|cant|p1a: Ho-Oh|flinch\n|\n|upkeep\n|\n|t:|1774224592\n|switch|p2a: Landorus|Landorus, L50, M|100/100\n|turn|6\n|j| Daruk13x\n|\n|t:|1774224603\n|move|p1b: Chien-Pao|Protect|p1b: Chien-Pao\n|-singleturn|p1b: Chien-Pao|Protect\n|move|p2a: Landorus|Stone Edge|p1a: Ho-Oh\n|-supereffective|p1a: Ho-Oh\n|-damage|p1a: Ho-Oh|0 fnt\n|faint|p1a: Ho-Oh\n|move|p2b: Lunala|Moongeist Beam|p1b: Chien-Pao\n|-activate|p1b: Chien-Pao|move: Protect\n|\n|upkeep\n|-message|slicertheabsol forfeited.\n|\n|win|happidoodledoo\n|raw|slicertheabsol's rating: 1388 &rarr; <strong>1370</strong><br />(-18 for losing)\n|raw|happidoodledoo's rating: 1431 &rarr; <strong>1449</strong><br />(+18 for winning)\n|l|\u2606slicertheabsol\n|player|p1|\n|l| Daruk13x\n|l|\u2606happidoodledoo\n|player|p2|\n","uploadtime":1774224839,"views":15,"formatid":"gen9vgc2026regi","rating":1370,"private":0,"password":null}