{"id":"gen9vgc2026regi-2563847145","format":"[Gen 9] VGC 2026 Reg I","players":["suc vat vk","TheManOfSausage"],"log":"|j|\u2606suc vat vk\n|j|\u2606TheManOfSausage\n|t:|1774070792\n|gametype|doubles\n|player|p1|suc vat vk|kimonogirl|1396\n|player|p2|TheManOfSausage|miku-water|1542\n|gen|9\n|tier|[Gen 9] VGC 2026 Reg I\n|rated|\n|rule|Species Clause: Limit one of each Pok\u00e9mon\n|rule|Item Clause: Limit 1 of each item\n|clearpoke\n|poke|p1|Kyogre, L50|\n|poke|p1|Amoonguss, L50, M|\n|poke|p1|Iron Jugulis, L50|\n|poke|p1|Calyrex-Ice, L50|\n|poke|p1|Indeedee-F, L50, F|\n|poke|p1|Urshifu-*, L50, M|\n|poke|p2|Calyrex-Ice, L50|\n|poke|p2|Miraidon, L50|\n|poke|p2|Amoonguss, L50, F|\n|poke|p2|Volcarona, L50, M|\n|poke|p2|Iron Valiant, L50|\n|poke|p2|Iron Hands, L50|\n|teampreview|4\nTheManOfSausage has agreed to open team sheets.\n|\n|t:|1774070817\n|teamsize|p1|4\n|teamsize|p2|4\n|start\n|switch|p1a: Iron Jugulis|Iron Jugulis, L50|100/100\n|switch|p1b: Kyogre|Kyogre, L50, shiny|100/100\n|switch|p2a: Tama|Miraidon, L50|100/100\n|switch|p2b: Iron Valiant|Iron Valiant, L50|100/100\n|-fieldstart|move: Electric Terrain|[from] ability: Hadron Engine|[of] p2a: Tama\n|-activate|p1a: Iron Jugulis|ability: Quark Drive\n|-start|p1a: Iron Jugulis|quarkdrivespe\n|-activate|p2b: Iron Valiant|ability: Quark Drive\n|-start|p2b: Iron Valiant|quarkdrivespe\n|-weather|RainDance|[from] ability: Drizzle|[of] p1b: Kyogre\n|turn|1\n|\n|t:|1774070854\n|switch|p1b: Indeedee|Indeedee-F, L50, F|100/100\n|-fieldstart|move: Psychic Terrain|[from] ability: Psychic Surge|[of] p1b: Indeedee\n|-end|p1a: Iron Jugulis|Quark Drive\n|-end|p2b: Iron Valiant|Quark Drive\n|-enditem|p1a: Iron Jugulis|Booster Energy\n|-activate|p1a: Iron Jugulis|ability: Quark Drive|[fromitem]\n|-start|p1a: Iron Jugulis|quarkdrivespe\n|move|p2a: Tama|Volt Switch|p1a: Iron Jugulis\n|-supereffective|p1a: Iron Jugulis\n|-damage|p1a: Iron Jugulis|0 fnt\n|faint|p1a: Iron Jugulis\n|-end|p1a: Iron Jugulis|Quark Drive|[silent]\n|inactive|Battle timer is ON: inactive players will automatically lose when time's up. (requested by suc vat vk)\n|\n|t:|1774070864\n|switch|p2a: Ogurin|Calyrex-Ice, L50|100/100|[from] Volt Switch\n|-ability|p2a: Ogurin|As One\n|-ability|p2a: Ogurin|Unnerve\n|move|p2b: Iron Valiant|Spirit Break|p1b: Indeedee\n|-damage|p1b: Indeedee|62/100\n|-unboost|p1b: Indeedee|spa|1\n|-enditem|p1b: Indeedee|Eject Button\n|inactive|suc vat vk has 30 seconds left.\n|inactive|suc vat vk has 20 seconds left.\n|inactive|suc vat vk has 15 seconds left.\n|inactive|suc vat vk has 10 seconds left.\n|inactive|suc vat vk has 5 seconds left.\n|\n|t:|1774070920\n|switch|p1b: Kyogre|Kyogre, L50, shiny|100/100\n|\n|-weather|RainDance|[upkeep]\n|upkeep\n|\n|t:|1774070932\n|switch|p1a: Calyrex|Calyrex-Ice, L50|100/100\n|-ability|p1a: Calyrex|As One\n|-ability|p1a: Calyrex|Unnerve\n|turn|2\n|\n|t:|1774070941\n|move|p2a: Ogurin|Protect|p2a: Ogurin\n|-singleturn|p2a: Ogurin|Protect\n|move|p2b: Iron Valiant|Coaching|p2a: Ogurin\n|-boost|p2a: Ogurin|atk|1\n|-boost|p2a: Ogurin|def|1\n|move|p1b: Kyogre|Origin Pulse|p2b: Iron Valiant|[spread] \n|-activate|p2a: Ogurin|move: Protect\n|-miss|p1b: Kyogre|p2b: Iron Valiant\n|move|p1a: Calyrex|Trick Room|p1a: Calyrex\n|-fieldstart|move: Trick Room|[of] p1a: Calyrex\n|\n|-weather|RainDance|[upkeep]\n|upkeep\n|turn|3\n|\n|t:|1774070950\n|-terastallize|p2a: Ogurin|Water\n|move|p2b: Iron Valiant|Wide Guard|p2b: Iron Valiant\n|-singleturn|p2b: Iron Valiant|Wide Guard\n|move|p2a: Ogurin|Glacial Lance|p1b: Kyogre|[spread] p1a,p1b\n|-resisted|p1a: Calyrex\n|-resisted|p1b: Kyogre\n|-damage|p1a: Calyrex|73/100\n|-damage|p1b: Kyogre|47/100\n|move|p1a: Calyrex|Swords Dance|p1a: Calyrex\n|-boost|p1a: Calyrex|atk|2\n|move|p1b: Kyogre|Origin Pulse|p2b: Iron Valiant|[spread] \n|-activate|p2a: Ogurin|move: Wide Guard\n|-activate|p2b: Iron Valiant|move: Wide Guard\n|\n|-weather|RainDance|[upkeep]\n|upkeep\n|turn|4\n|\n|t:|1774070957\n|move|p2b: Iron Valiant|Wide Guard|p2b: Iron Valiant\n|-singleturn|p2b: Iron Valiant|Wide Guard\n|move|p2a: Ogurin|Glacial Lance|p1a: Calyrex|[spread] p1a,p1b\n|-resisted|p1a: Calyrex\n|-resisted|p1b: Kyogre\n|-damage|p1a: Calyrex|48/100\n|-damage|p1b: Kyogre|0 fnt\n|faint|p1b: Kyogre\n|-ability|p2a: Ogurin|Chilling Neigh|boost\n|-boost|p2a: Ogurin|atk|1\n|move|p1a: Calyrex|Icicle Spear|p2b: Iron Valiant\n|-damage|p2b: Iron Valiant|60/100\n|-damage|p2b: Iron Valiant|17/100\n|-hitcount|p2b: Iron Valiant|2\n|\n|-weather|RainDance|[upkeep]\n|upkeep\n|\n|t:|1774070963\n|switch|p1b: Indeedee|Indeedee-F, L50, F|62/100\n|turn|5\n|\n|t:|1774070971\n|move|p2b: Iron Valiant|Wide Guard|p2b: Iron Valiant\n|-singleturn|p2b: Iron Valiant|Wide Guard\n|move|p1a: Calyrex|Icicle Spear|p2b: Iron Valiant\n|-damage|p2b: Iron Valiant|0 fnt\n|faint|p2b: Iron Valiant\n|-end|p2b: Iron Valiant|Quark Drive|[silent]\n|-ability|p1a: Calyrex|Chilling Neigh|boost\n|-boost|p1a: Calyrex|atk|1\n|-hitcount|p2: Iron Valiant|1\n|move|p2a: Ogurin|Glacial Lance|p1b: Indeedee|[spread] p1a,p1b\n|-resisted|p1a: Calyrex\n|-damage|p1a: Calyrex|15/100\n|-damage|p1b: Indeedee|0 fnt\n|faint|p1b: Indeedee\n|-ability|p2a: Ogurin|Chilling Neigh|boost\n|-boost|p2a: Ogurin|atk|1\n|\n|-weather|none\n|-fieldend|move: Psychic Terrain\n|upkeep\n|\n|t:|1774070976\n|switch|p2b: Amoonguss|Amoonguss, L50, F|100/100\n|turn|6\n|\n|t:|1774070979\n|-terastallize|p1a: Calyrex|Grass\n|move|p2b: Amoonguss|Spore|p1a: Calyrex\n|-immune|p1a: Calyrex\n|move|p1a: Calyrex|Glacial Lance|p2b: Amoonguss|[spread] p2a,p2b\n|-resisted|p2a: Ogurin\n|-supereffective|p2b: Amoonguss\n|-damage|p2a: Ogurin|67/100\n|-damage|p2b: Amoonguss|0 fnt\n|faint|p2b: Amoonguss\n|-ability|p1a: Calyrex|Chilling Neigh|boost\n|-boost|p1a: Calyrex|atk|1\n|move|p2a: Ogurin|Glacial Lance|p1a: Calyrex\n|-supereffective|p1a: Calyrex\n|-damage|p1a: Calyrex|0 fnt\n|faint|p1a: Calyrex\n|\n|win|TheManOfSausage\n|raw|suc vat vk's rating: 1413 &rarr; <strong>1400</strong><br />(-13 for losing)\n|raw|TheManOfSausage's rating: 1542 &rarr; <strong>1555</strong><br />(+13 for winning)\n|l|\u2606suc vat vk\n|player|p1|\n|c|\u2606TheManOfSausage|gg\n|l|\u2606TheManOfSausage\n|player|p2|\n","uploadtime":1774071247,"views":17,"formatid":"gen9vgc2026regi","rating":1400,"private":0,"password":null}