{"id":"gen9vgc2026regi-2568361269","format":"[Gen 9] VGC 2026 Reg I","players":["kapu reki","Cello L."],"log":"|j|\u2606kapu reki\n|j|\u2606Cello L.\n|t:|1774570227\n|gametype|doubles\n|player|p1|kapu reki|caitlin|1483\n|player|p2|Cello L.|cynthia-gen4|1546\n|gen|9\n|tier|[Gen 9] VGC 2026 Reg I\n|rated|\n|rule|Species Clause: Limit one of each Pok\u00e9mon\n|rule|Item Clause: Limit 1 of each item\n|clearpoke\n|poke|p1|Miraidon, L50|\n|poke|p1|Calyrex-Ice, L50|\n|poke|p1|Mienshao, L50, F|\n|poke|p1|Sinistcha, L50|\n|poke|p1|Incineroar, L50, M|\n|poke|p1|Ursaluna-Bloodmoon, L50, M|\n|poke|p2|Miraidon, L50|\n|poke|p2|Zamazenta-*, L50|\n|poke|p2|Chien-Pao, L50|\n|poke|p2|Iron Hands, L50|\n|poke|p2|Volcarona, L50, F|\n|poke|p2|Grimmsnarl, L50, M|\n|teampreview|4\n|\n|t:|1774570270\n|teamsize|p1|4\n|teamsize|p2|4\n|start\n|switch|p1a: Calyrex|Calyrex-Ice, L50|100/100\n|switch|p1b: Mienshao|Mienshao, L50, F|100/100\n|switch|p2a: Zamazenta|Zamazenta-Crowned, L50|100/100\n|switch|p2b: Chien-Pao|Chien-Pao, L50|100/100\n|-ability|p1a: Calyrex|As One\n|-ability|p1a: Calyrex|Unnerve\n|-ability|p2b: Chien-Pao|Sword of Ruin\n|-ability|p2a: Zamazenta|Dauntless Shield|boost\n|-boost|p2a: Zamazenta|def|1\n|turn|1\n|\n|t:|1774570284\n|move|p1b: Mienshao|Fake Out|p2b: Chien-Pao\n|-damage|p2b: Chien-Pao|83/100\n|cant|p2b: Chien-Pao|flinch\n|move|p2a: Zamazenta|Body Press|p1a: Calyrex\n|-damage|p1a: Calyrex|43/100\n|move|p1a: Calyrex|Trick Room|p1a: Calyrex\n|-fieldstart|move: Trick Room|[of] p1a: Calyrex\n|\n|upkeep\n|turn|2\n|\n|t:|1774570313\n|-terastallize|p1a: Calyrex|Fire\n|move|p2b: Chien-Pao|Sucker Punch|p1b: Mienshao\n|-resisted|p1b: Mienshao\n|-damage|p1b: Mienshao|51/100\n|move|p1a: Calyrex|High Horsepower|p2a: Zamazenta\n|-supereffective|p2a: Zamazenta\n|-damage|p2a: Zamazenta|58/100\n|move|p2a: Zamazenta|Body Press|p1a: Calyrex\n|-damage|p1a: Calyrex|0 fnt\n|faint|p1a: Calyrex\n|move|p1b: Mienshao|Brick Break|p2a: Zamazenta\n|-supereffective|p2a: Zamazenta\n|-damage|p2a: Zamazenta|23/100\n|\n|upkeep\n|\n|t:|1774570321\n|switch|p1a: Ursaluna|Ursaluna-Bloodmoon, L50, M|100/100\n|turn|3\n|j| Chedda Bawls\n|\n|t:|1774570358\n|move|p2a: Zamazenta|Wide Guard|p2a: Zamazenta\n|-singleturn|p2a: Zamazenta|Wide Guard\n|move|p1a: Ursaluna|Earth Power|p2a: Zamazenta\n|-supereffective|p2a: Zamazenta\n|-damage|p2a: Zamazenta|0 fnt\n|faint|p2a: Zamazenta\n|move|p1b: Mienshao|Brick Break|p2b: Chien-Pao\n|-supereffective|p2b: Chien-Pao\n|-damage|p2b: Chien-Pao|0 fnt\n|faint|p2b: Chien-Pao\n|\n|upkeep\n|\n|t:|1774570369\n|switch|p2a: Miraidon|Miraidon, L50|100/100\n|switch|p2b: Iron Hands|Iron Hands, L50|100/100\n|-fieldstart|move: Electric Terrain|[from] ability: Hadron Engine|[of] p2a: Miraidon\n|-activate|p2b: Iron Hands|ability: Quark Drive\n|-start|p2b: Iron Hands|quarkdriveatk\n|turn|4\n|\n|t:|1774570388\n|move|p2b: Iron Hands|Fake Out|p1a: Ursaluna\n|-damage|p1a: Ursaluna|85/100\n|cant|p1a: Ursaluna|flinch\n|move|p1b: Mienshao|Brick Break|p2a: Miraidon\n|-damage|p2a: Miraidon|61/100\n|move|p2a: Miraidon|Dazzling Gleam|p1a: Ursaluna|[spread] p1a,p1b\n|-supereffective|p1b: Mienshao\n|-damage|p1a: Ursaluna|54/100\n|-damage|p1b: Mienshao|0 fnt\n|faint|p1b: Mienshao\n|\n|upkeep\n|\n|t:|1774570392\n|switch|p1b: Sinistcha|Sinistcha, L50|100/100\n|-heal|p1a: Ursaluna|79/100|[from] ability: Hospitality|[of] p1b: Sinistcha\n|turn|5\n|\n|t:|1774570413\n|-terastallize|p2a: Miraidon|Fairy\n|move|p1b: Sinistcha|Rage Powder|p1b: Sinistcha\n|-singleturn|p1b: Sinistcha|move: Rage Powder\n|move|p1a: Ursaluna|Earth Power|p2a: Miraidon\n|-damage|p2a: Miraidon|8/100\n|move|p2b: Iron Hands|Wild Charge|p1b: Sinistcha\n|-resisted|p1b: Sinistcha\n|-damage|p1b: Sinistcha|60/100\n|-damage|p2b: Iron Hands|93/100|[from] Recoil\n|move|p2a: Miraidon|Dazzling Gleam|p1b: Sinistcha|[spread] p1a,p1b\n|-damage|p1a: Ursaluna|28/100\n|-damage|p1b: Sinistcha|0 fnt\n|faint|p1b: Sinistcha\n|\n|-fieldend|move: Trick Room\n|upkeep\n|turn|6\n|\n|t:|1774570431\n|move|p2a: Miraidon|Dazzling Gleam|p1a: Ursaluna\n|-damage|p1a: Ursaluna|0 fnt\n|faint|p1a: Ursaluna\n|\n|win|Cello L.\n|raw|kapu reki's rating: 1483 &rarr; <strong>1467</strong><br />(-16 for losing)\n|raw|Cello L.'s rating: 1546 &rarr; <strong>1562</strong><br />(+16 for winning)\n|l|\u2606kapu reki\n|player|p1|\n|l|\u2606Cello L.\n|player|p2|\n|l| Chedda Bawls\n","uploadtime":1774570573,"views":16,"formatid":"gen9vgc2026regi","rating":1467,"private":0,"password":null}