{"id":"gen9vgc2026regi-2562392791","format":"[Gen 9] VGC 2026 Reg I","players":["itsxaver","EllenJoe2026"],"log":"|j|\u2606itsxaver\n|j|\u2606EllenJoe2026\n|t:|1773910052\n|gametype|doubles\n|player|p1|itsxaver|2|1432\n|player|p2|EllenJoe2026|101|1609\n|gen|9\n|tier|[Gen 9] VGC 2026 Reg I\n|rated|\n|rule|Species Clause: Limit one of each Pok\u00e9mon\n|rule|Item Clause: Limit 1 of each item\n|clearpoke\n|poke|p1|Miraidon, L50|\n|poke|p1|Groudon, L50|\n|poke|p1|Flutter Mane, L50|\n|poke|p1|Dragonite, L50, M|\n|poke|p1|Chien-Pao, L50|\n|poke|p1|Entei, L50|\n|poke|p2|Calyrex-Shadow, L50|\n|poke|p2|Zamazenta-*, L50|\n|poke|p2|Incineroar, L50, F|\n|poke|p2|Rillaboom, L50, F|\n|poke|p2|Smeargle, L50, F|\n|poke|p2|Tornadus, L50, M|\n|teampreview|4\n|inactive|Battle timer is ON: inactive players will automatically lose when time's up. (requested by EllenJoe2026)\nitsxaver rejected open team sheets.\n|inactive|EllenJoe2026 has 60 seconds left.\n|\n|t:|1773910105\n|teamsize|p1|4\n|teamsize|p2|4\n|start\n|switch|p1a: Groudon|Groudon, L50|100/100\n|switch|p1b: Flutter Mane|Flutter Mane, L50|100/100\n|switch|p2a: Calyrex|Calyrex-Shadow, L50|100/100\n|switch|p2b: Smeargle|Smeargle, L50, F, shiny|100/100\n|-ability|p2a: Calyrex|As One\n|-ability|p2a: Calyrex|Unnerve\n|-weather|SunnyDay|[from] ability: Drought|[of] p1a: Groudon\n|-activate|p1b: Flutter Mane|ability: Protosynthesis\n|-start|p1b: Flutter Mane|protosynthesisspe\n|turn|1\n|inactive|itsxaver has 30 seconds left.\n|inactive|itsxaver has 20 seconds left.\n|inactive|itsxaver has 15 seconds left.\n|\n|t:|1773910146\n|-terastallize|p1b: Flutter Mane|Fairy\n|move|p2a: Calyrex|Protect|p2a: Calyrex\n|-singleturn|p2a: Calyrex|Protect\n|move|p1b: Flutter Mane|Dazzling Gleam|p2b: Smeargle|[spread] p2b\n|-activate|p2a: Calyrex|move: Protect\n|-enditem|p2b: Smeargle|Focus Sash\n|-damage|p2b: Smeargle|1/100\n|move|p1a: Groudon|Precipice Blades|p2a: Calyrex|[spread] p2b\n|-activate|p2a: Calyrex|move: Protect\n|-damage|p2b: Smeargle|0 fnt\n|faint|p2b: Smeargle\n|\n|-weather|SunnyDay|[upkeep]\n|upkeep\n|\n|t:|1773910171\n|switch|p2b: Zamazenta|Zamazenta-Crowned, L50, shiny|100/100\n|-ability|p2b: Zamazenta|Dauntless Shield|boost\n|-boost|p2b: Zamazenta|def|1\n|turn|2\n|inactive|itsxaver has 30 seconds left.\n|\n|t:|1773910198\n|-end|p1b: Flutter Mane|Protosynthesis|[silent]\n|switch|p1b: Entei|Entei, L50|100/100\n|-terastallize|p2a: Calyrex|Dark\n|move|p2b: Zamazenta|Wide Guard|p2b: Zamazenta\n|-singleturn|p2b: Zamazenta|Wide Guard\n|move|p2a: Calyrex|Astral Barrage|p1a: Groudon|[spread] p1a,p1b\n|-damage|p1a: Groudon|43/100\n|-damage|p1b: Entei|36/100\n|move|p1a: Groudon|Crunch|p2a: Calyrex\n|-resisted|p2a: Calyrex\n|-damage|p2a: Calyrex|86/100\n|\n|-weather|SunnyDay|[upkeep]\n|upkeep\n|turn|3\n|inactive|itsxaver has 30 seconds left.\n|inactive|EllenJoe2026 has 30 seconds left.\n|inactive|EllenJoe2026 has 20 seconds left.\n|\n|t:|1773910234\n|move|p1a: Groudon|Protect|p1a: Groudon\n|-singleturn|p1a: Groudon|Protect\n|move|p1b: Entei|Extreme Speed|p2a: Calyrex\n|-damage|p2a: Calyrex|43/100\n|-damage|p1b: Entei|26/100|[from] item: Life Orb\n|move|p2a: Calyrex|Astral Barrage|p1a: Groudon|[spread] p1b\n|-activate|p1a: Groudon|move: Protect\n|-damage|p1b: Entei|0 fnt\n|faint|p1b: Entei\n|-ability|p2a: Calyrex|Grim Neigh|boost\n|-boost|p2a: Calyrex|spa|1\n|move|p2b: Zamazenta|Heavy Slam|p1a: Groudon\n|-activate|p1a: Groudon|move: Protect\n|\n|-weather|SunnyDay|[upkeep]\n|upkeep\n|inactive|itsxaver has 30 seconds left.\n|inactive|itsxaver has 20 seconds left.\n|inactive|itsxaver has 15 seconds left.\n|\n|t:|1773910275\n|switch|p1b: Flutter Mane|Flutter Mane, L50, tera:Fairy|100/100\n|-activate|p1b: Flutter Mane|ability: Protosynthesis\n|-start|p1b: Flutter Mane|protosynthesisspe\n|turn|4\n|\n|t:|1773910290\n|move|p2a: Calyrex|Protect|p2a: Calyrex\n|-singleturn|p2a: Calyrex|Protect\n|move|p1b: Flutter Mane|Moonblast|p2a: Calyrex\n|-activate|p2a: Calyrex|move: Protect\n|move|p2b: Zamazenta|Heavy Slam|p1b: Flutter Mane\n|-supereffective|p1b: Flutter Mane\n|-damage|p1b: Flutter Mane|0 fnt\n|faint|p1b: Flutter Mane\n|-end|p1b: Flutter Mane|Protosynthesis|[silent]\n|move|p1a: Groudon|Precipice Blades|p2b: Zamazenta|[spread] \n|-activate|p2a: Calyrex|move: Protect\n|-miss|p1a: Groudon|p2b: Zamazenta\n|\n|-weather|SunnyDay|[upkeep]\n|upkeep\n|\n|t:|1773910293\n|switch|p1b: Miraidon|Miraidon, L50|100/100\n|-fieldstart|move: Electric Terrain|[from] ability: Hadron Engine|[of] p1b: Miraidon\n|turn|5\n|\n|t:|1773910314\n|move|p1a: Groudon|Protect|p1a: Groudon\n|-singleturn|p1a: Groudon|Protect\n|move|p2a: Calyrex|Astral Barrage|p1a: Groudon|[spread] p1b\n|-activate|p1a: Groudon|move: Protect\n|-damage|p1b: Miraidon|20/100\n|move|p1b: Miraidon|Discharge|p2b: Zamazenta|[spread] p2a,p2b\n|-activate|p1a: Groudon|move: Protect\n|-damage|p2a: Calyrex|0 fnt\n|-damage|p2b: Zamazenta|60/100\n|-status|p2b: Zamazenta|par\n|faint|p2a: Calyrex\n|move|p2b: Zamazenta|Body Press|p1a: Groudon\n|-activate|p1a: Groudon|move: Protect\n|\n|-weather|none\n|upkeep\n|\n|t:|1773910326\n|switch|p2a: Tornadus|Tornadus, L50, M, shiny|100/100\n|turn|6\n|\n|t:|1773910343\n|cant|p2b: Zamazenta|par\n|move|p2a: Tornadus|Tailwind|p2a: Tornadus\n|-sidestart|p2: EllenJoe2026|move: Tailwind\n|move|p1b: Miraidon|Electro Drift|p2b: Zamazenta\n|-damage|p2b: Zamazenta|0 fnt\n|faint|p2b: Zamazenta\n|move|p1a: Groudon|Crunch|p2a: Tornadus\n|-damage|p2a: Tornadus|74/100\n|\n|upkeep\n|turn|7\n|\n|t:|1773910355\n|move|p2a: Tornadus|Bleakwind Storm|p1a: Groudon|[spread] p1a\n|-miss|p2a: Tornadus|p1b: Miraidon\n|-damage|p1a: Groudon|16/100\n|move|p1b: Miraidon|Electro Drift|p2a: Tornadus\n|-supereffective|p2a: Tornadus\n|-damage|p2a: Tornadus|0 fnt\n|faint|p2a: Tornadus\n|\n|win|itsxaver\n|raw|itsxaver's rating: 1432 &rarr; <strong>1461</strong><br />(+29 for winning)\n|raw|EllenJoe2026's rating: 1609 &rarr; <strong>1580</strong><br />(-29 for losing)\n|l|\u2606EllenJoe2026\n|player|p2|\n|l|\u2606itsxaver\n|player|p1|\n","uploadtime":1773910572,"views":9,"formatid":"gen9vgc2026regi","rating":1461,"private":0,"password":null}