{"id":"gen9vgc2026regi-2540200964","format":"[Gen 9] VGC 2026 Reg I","players":["EllenJoe2026","Preuve_3"],"log":"|j|\u2606EllenJoe2026\n|j|\u2606Preuve_3\n|t:|1771175079\n|gametype|doubles\n|player|p1|EllenJoe2026|iono|1480\n|player|p2|Preuve_3|265|1500\n|gen|9\n|tier|[Gen 9] VGC 2026 Reg I\n|rated|\n|rule|Species Clause: Limit one of each Pok\u00e9mon\n|rule|Item Clause: Limit 1 of each item\n|clearpoke\n|poke|p1|Calyrex-Ice, L50|\n|poke|p1|Kyogre, L50|\n|poke|p1|Tornadus, L50, M|\n|poke|p1|Urshifu-*, L50, F|\n|poke|p1|Indeedee-F, L50, F|\n|poke|p1|Smeargle, L50, F|\n|poke|p2|Zamazenta-*, L50|\n|poke|p2|Ho-Oh, L50|\n|poke|p2|Dondozo, L50, F|\n|poke|p2|Wyrdeer, L50, M|\n|poke|p2|Rhydon, L50, M|\n|poke|p2|Ninetales-Alola, L50, F|\n|teampreview|4\n|inactive|Battle timer is ON: inactive players will automatically lose when time's up. (requested by EllenJoe2026)\n|inactive|Preuve_3 has 60 seconds left.\n|\n|t:|1771175117\n|teamsize|p1|4\n|teamsize|p2|4\n|start\n|switch|p1a: Tornadus|Tornadus, L50, M, shiny|100/100\n|switch|p1b: Urshifu|Urshifu-Rapid-Strike, L50, F|100/100\n|switch|p2a: Zamazenta|Zamazenta-Crowned, L50|100/100\n|switch|p2b: Ho-Oh|Ho-Oh, L50|100/100\n|-ability|p2a: Zamazenta|Dauntless Shield|boost\n|-boost|p2a: Zamazenta|def|1\n|turn|1\n|\n|t:|1771175137\n|-terastallize|p2b: Ho-Oh|Grass\n|move|p1a: Tornadus|Rain Dance|p1a: Tornadus\n|-weather|RainDance\n|move|p2a: Zamazenta|Heavy Slam|p1a: Tornadus\n|-damage|p1a: Tornadus|45/100\n|move|p1b: Urshifu|Surging Strikes|p2a: Zamazenta\n|-crit|p2a: Zamazenta\n|-damage|p2a: Zamazenta|75/100\n|-crit|p2a: Zamazenta\n|-damage|p2a: Zamazenta|48/100\n|-crit|p2a: Zamazenta\n|-damage|p2a: Zamazenta|19/100\n|-hitcount|p2a: Zamazenta|3\n|move|p2b: Ho-Oh|Giga Drain|p1b: Urshifu\n|-supereffective|p1b: Urshifu\n|-damage|p1b: Urshifu|0 fnt\n|faint|p1b: Urshifu\n|\n|-weather|RainDance|[upkeep]\n|upkeep\n|\n|t:|1771175155\n|switch|p1b: Kyogre|Kyogre, L50, shiny|100/100\n|turn|2\n|\n|t:|1771175174\n|move|p2a: Zamazenta|Wide Guard|p2a: Zamazenta\n|-singleturn|p2a: Zamazenta|Wide Guard\n|move|p1b: Kyogre|Hydro Pump|p2a: Zamazenta\n|-damage|p2a: Zamazenta|0 fnt\n|faint|p2a: Zamazenta\n|move|p1a: Tornadus|Hurricane|p2b: Ho-Oh\n|-supereffective|p2b: Ho-Oh\n|-damage|p2b: Ho-Oh|45/100\n|-start|p2b: Ho-Oh|confusion\n|-activate|p2b: Ho-Oh|confusion\n|move|p2b: Ho-Oh|Giga Drain|p1b: Kyogre\n|-supereffective|p1b: Kyogre\n|-damage|p1b: Kyogre|46/100\n|-heal|p2b: Ho-Oh|69/100|[from] drain|[of] p1b: Kyogre\n|\n|-weather|RainDance|[upkeep]\n|-heal|p2b: Ho-Oh|74/100|[from] item: Leftovers\n|upkeep\n|\n|t:|1771175182\n|switch|p2a: Ninetales|Ninetales-Alola, L50, F|100/100\n|-weather|Snowscape|[from] ability: Snow Warning|[of] p2a: Ninetales\n|turn|3\n|\n|t:|1771175200\n|switch|p1b: Smeargle|Smeargle, L50, F, shiny|100/100\n|switch|p2b: Dondozo|Dondozo, L50, F|100/100\n|move|p1a: Tornadus|Rain Dance|p1a: Tornadus\n|-weather|RainDance\n|move|p2a: Ninetales|Icy Wind|p1a: Tornadus|[spread] p1a,p1b\n|-supereffective|p1a: Tornadus\n|-damage|p1a: Tornadus|21/100\n|-damage|p1b: Smeargle|72/100\n|-unboost|p1a: Tornadus|spe|1\n|-unboost|p1b: Smeargle|spe|1\n|\n|-weather|RainDance|[upkeep]\n|upkeep\n|turn|4\n|\n|t:|1771175217\n|move|p2a: Ninetales|Ice Shard|p1a: Tornadus\n|-supereffective|p1a: Tornadus\n|-damage|p1a: Tornadus|2/100\n|move|p1a: Tornadus|Tailwind|p1a: Tornadus\n|-sidestart|p1: EllenJoe2026|move: Tailwind\n|move|p1b: Smeargle|Spore|p2a: Ninetales\n|-status|p2a: Ninetales|slp|[from] move: Spore\n|move|p2b: Dondozo|Body Press|p1b: Smeargle\n|-supereffective|p1b: Smeargle\n|-damage|p1b: Smeargle|0 fnt\n|faint|p1b: Smeargle\n|\n|-weather|RainDance|[upkeep]\n|upkeep\n|\n|t:|1771175225\n|switch|p1b: Kyogre|Kyogre, L50, shiny|46/100\n|turn|5\n|j| lunala fairy ghost\n|\n|t:|1771175249\n|move|p1b: Kyogre|Thunder|p2b: Dondozo\n|-supereffective|p2b: Dondozo\n|-damage|p2b: Dondozo|62/100\n|move|p1a: Tornadus|Hurricane|p2b: Dondozo\n|-damage|p2b: Dondozo|40/100\n|cant|p2a: Ninetales|slp\n|move|p2b: Dondozo|Heavy Slam|p1a: Tornadus\n|-damage|p1a: Tornadus|0 fnt\n|faint|p1a: Tornadus\n|\n|-weather|RainDance|[upkeep]\n|upkeep\n|turn|6\n|-message|EllenJoe2026 forfeited.\n|\n|win|Preuve_3\n|raw|EllenJoe2026's rating: 1480 &rarr; <strong>1461</strong><br />(-19 for losing)\n|raw|Preuve_3's rating: 1500 &rarr; <strong>1519</strong><br />(+19 for winning)\n|l|\u2606EllenJoe2026\n|player|p1|\n|l| lunala fairy ghost\n|l|\u2606Preuve_3\n|player|p2|\n","uploadtime":1771175500,"views":39,"formatid":"gen9vgc2026regi","rating":1461,"private":0,"password":null}