{"id":"gen9vgc2026regi-2570086242","format":"[Gen 9] VGC 2026 Reg I","players":["fallacy277","soten soten"],"log":"|j|\u2606fallacy277\n|j|\u2606soten soten\n|t:|1774767721\n|gametype|doubles\n|player|p1|fallacy277|102|1453\n|player|p2|soten soten|hilbert|1490\n|gen|9\n|tier|[Gen 9] VGC 2026 Reg I\n|rated|\n|rule|Species Clause: Limit one of each Pok\u00e9mon\n|rule|Item Clause: Limit 1 of each item\n|clearpoke\n|poke|p1|Groudon, L50|\n|poke|p1|Calyrex-Ice, L50|\n|poke|p1|Flutter Mane, L50|\n|poke|p1|Gouging Fire, L50|\n|poke|p1|Jumpluff, L50, M|\n|poke|p1|Raging Bolt, L50|\n|poke|p2|Ho-Oh, L50|\n|poke|p2|Eternatus, L50|\n|poke|p2|Incineroar, L50, M|\n|poke|p2|Rillaboom, L50, F|\n|poke|p2|Toxapex, L50, M|\n|poke|p2|Ting-Lu, L50|\n|teampreview|4\n|inactive|Battle timer is ON: inactive players will automatically lose when time's up. (requested by soten soten)\n|\n|t:|1774767749\n|teamsize|p1|4\n|teamsize|p2|4\n|start\n|switch|p1a: Calyrex|Calyrex-Ice, L50|100/100\n|switch|p1b: Flutter Mane|Flutter Mane, L50|100/100\n|switch|p2a: Eternatus|Eternatus, L50|100/100\n|switch|p2b: Ho-Oh|Ho-Oh, L50|100/100\n|-ability|p1a: Calyrex|As One\n|-ability|p1a: Calyrex|Unnerve\n|-ability|p2a: Eternatus|Pressure\n|turn|1\n|\n|t:|1774767755\n|switch|p2a: Incineroar|Incineroar, L50, M|100/100\n|-ability|p2a: Incineroar|Intimidate|boost\n|-unboost|p1a: Calyrex|atk|1\n|-unboost|p1b: Flutter Mane|atk|1\n|-terastallize|p1a: Calyrex|Fire\n|move|p1b: Flutter Mane|Taunt|p2a: Incineroar\n|-start|p2a: Incineroar|move: Taunt\n|move|p2b: Ho-Oh|Sacred Fire|p1a: Calyrex\n|-resisted|p1a: Calyrex\n|-damage|p1a: Calyrex|87/100\n|move|p1a: Calyrex|Glacial Lance|p2b: Ho-Oh|[spread] p2a,p2b\n|-resisted|p2a: Incineroar\n|-damage|p2a: Incineroar|87/100\n|-damage|p2b: Ho-Oh|75/100\n|\n|upkeep\n|turn|2\n|\n|t:|1774767775\n|switch|p1a: Raging Bolt|Raging Bolt, L50|100/100\n|move|p1b: Flutter Mane|Protect|p1b: Flutter Mane\n|-singleturn|p1b: Flutter Mane|Protect\n|move|p2b: Ho-Oh|Sacred Fire|p1b: Flutter Mane\n|-activate|p1b: Flutter Mane|move: Protect\n|move|p2a: Incineroar|Knock Off|p1a: Raging Bolt\n|-damage|p1a: Raging Bolt|68/100\n|-enditem|p1a: Raging Bolt|Zap Plate|[from] move: Knock Off|[of] p2a: Incineroar\n|\n|upkeep\n|turn|3\n|j| eggs egs\n|\n|t:|1774767794\n|switch|p2a: Ting-Lu|Ting-Lu, L50|100/100\n|-ability|p2a: Ting-Lu|Vessel of Ruin\n|move|p2b: Ho-Oh|Protect|p2b: Ho-Oh\n|-singleturn|p2b: Ho-Oh|Protect\n|move|p1b: Flutter Mane|Moonblast|p2a: Ting-Lu\n|-supereffective|p2a: Ting-Lu\n|-damage|p2a: Ting-Lu|65/100\n|move|p1a: Raging Bolt|Thunderbolt|p2a: Ting-Lu\n|-immune|p2a: Ting-Lu\n|\n|-heal|p2a: Ting-Lu|71/100|[from] item: Leftovers\n|upkeep\n|turn|4\n|inactive|fallacy277 has 30 seconds left.\n|\n|t:|1774767821\n|switch|p2b: Eternatus|Eternatus, L50|100/100\n|-ability|p2b: Eternatus|Pressure\n|-end|p1a: Raging Bolt|Protosynthesis|[silent]\n|switch|p1a: Calyrex|Calyrex-Ice, L50, tera:Fire|87/100\n|-ability|p1a: Calyrex|As One\n|-ability|p1a: Calyrex|Unnerve\n|move|p2a: Ting-Lu|Protect|p2a: Ting-Lu\n|-singleturn|p2a: Ting-Lu|Protect\n|move|p1b: Flutter Mane|Taunt|p2b: Eternatus\n|-start|p2b: Eternatus|move: Taunt\n|\n|-heal|p2a: Ting-Lu|78/100|[from] item: Leftovers\n|upkeep\n|turn|5\n|\n|t:|1774767842\n|-end|p1b: Flutter Mane|Protosynthesis|[silent]\n|switch|p1b: Raging Bolt|Raging Bolt, L50|68/100\n|switch|p2b: Ho-Oh|Ho-Oh, L50|100/100\n|switch|p2a: Incineroar|Incineroar, L50, M|87/100\n|-ability|p2a: Incineroar|Intimidate|boost\n|-unboost|p1a: Calyrex|atk|1\n|-unboost|p1b: Raging Bolt|atk|1\n|move|p1a: Calyrex|Glacial Lance|p2a: Incineroar|[spread] p2a,p2b\n|-resisted|p2a: Incineroar\n|-damage|p2a: Incineroar|73/100\n|-damage|p2b: Ho-Oh|77/100\n|\n|upkeep\n|turn|6\n|inactive|soten soten has 30 seconds left.\n|inactive|fallacy277 has 30 seconds left.\n|\n|t:|1774767881\n|move|p2b: Ho-Oh|Protect|p2b: Ho-Oh\n|-singleturn|p2b: Ho-Oh|Protect\n|move|p1a: Calyrex|High Horsepower|p2a: Incineroar\n|-supereffective|p2a: Incineroar\n|-damage|p2a: Incineroar|34/100\n|move|p1b: Raging Bolt|Thunderbolt|p2a: Incineroar\n|-damage|p2a: Incineroar|0 fnt\n|faint|p2a: Incineroar\n|\n|upkeep\n|\n|t:|1774767889\n|switch|p2a: Eternatus|Eternatus, L50|100/100\n|-ability|p2a: Eternatus|Pressure\n|turn|7\n|\n|t:|1774767911\n|switch|p1a: Groudon|Groudon, L50|100/100\n|-weather|SunnyDay|[from] ability: Drought|[of] p1a: Groudon\n|-activate|p1b: Raging Bolt|ability: Protosynthesis\n|-start|p1b: Raging Bolt|protosynthesisspa\n|move|p2a: Eternatus|Dynamax Cannon|p1b: Raging Bolt\n|-supereffective|p1b: Raging Bolt\n|-damage|p1b: Raging Bolt|0 fnt\n|faint|p1b: Raging Bolt\n|-end|p1b: Raging Bolt|Protosynthesis|[silent]\n|move|p2b: Ho-Oh|Brave Bird|p1a: Groudon\n|-damage|p1a: Groudon|64/100\n|-damage|p2b: Ho-Oh|65/100|[from] Recoil\n|\n|-weather|SunnyDay|[upkeep]\n|upkeep\n|\n|t:|1774767928\n|switch|p1b: Calyrex|Calyrex-Ice, L50, tera:Fire|87/100\n|-ability|p1b: Calyrex|As One\n|-ability|p1b: Calyrex|Unnerve\n|turn|8\n|\n|t:|1774767934\n|move|p2a: Eternatus|Protect|p2a: Eternatus\n|-singleturn|p2a: Eternatus|Protect\n|move|p1a: Groudon|Precipice Blades|p2a: Eternatus|[spread] \n|-activate|p2a: Eternatus|move: Protect\n|-immune|p2b: Ho-Oh\n|move|p2b: Ho-Oh|Life Dew||[still]|[spread] p2a,p2b\n|-fail|p2a: Eternatus|heal\n|-heal|p2b: Ho-Oh|90/100\n|move|p1b: Calyrex|Glacial Lance|p2b: Ho-Oh|[spread] p2b\n|-activate|p2a: Eternatus|move: Protect\n|-damage|p2b: Ho-Oh|55/100\n|\n|-weather|SunnyDay|[upkeep]\n|upkeep\n|turn|9\n|\n|t:|1774767948\n|-terastallize|p2a: Eternatus|Poison\n|move|p2a: Eternatus|Substitute|p2a: Eternatus\n|-start|p2a: Eternatus|Substitute\n|-damage|p2a: Eternatus|76/100\n|move|p1a: Groudon|Precipice Blades|p2a: Eternatus|[spread] \n|-immune|p2b: Ho-Oh\n|-miss|p1a: Groudon|p2a: Eternatus\n|move|p2b: Ho-Oh|Life Dew|p2b: Ho-Oh|[spread] p2a,p2b\n|-heal|p2a: Eternatus|100/100\n|-heal|p2b: Ho-Oh|80/100\n|move|p1b: Calyrex|Glacial Lance|p2a: Eternatus|[spread] p2a,p2b\n|-end|p2a: Eternatus|Substitute\n|-damage|p2b: Ho-Oh|45/100\n|\n|-weather|SunnyDay|[upkeep]\n|upkeep\n|turn|10\n|\n|t:|1774767959\n|move|p2b: Ho-Oh|Protect|p2b: Ho-Oh\n|-singleturn|p2b: Ho-Oh|Protect\n|move|p2a: Eternatus|Substitute|p2a: Eternatus\n|-start|p2a: Eternatus|Substitute\n|-damage|p2a: Eternatus|76/100\n|move|p1a: Groudon|Precipice Blades|p2b: Ho-Oh|[spread] \n|-activate|p2b: Ho-Oh|move: Protect\n|-miss|p1a: Groudon|p2a: Eternatus\n|move|p1b: Calyrex|Glacial Lance|p2b: Ho-Oh|[spread] p2a\n|-activate|p2b: Ho-Oh|move: Protect\n|-end|p2a: Eternatus|Substitute\n|\n|-weather|SunnyDay|[upkeep]\n|-heal|p2a: Eternatus|82/100|[from] item: Black Sludge\n|upkeep\n|turn|11\n|\n|t:|1774767974\n|move|p2a: Eternatus|Substitute|p2a: Eternatus\n|-start|p2a: Eternatus|Substitute\n|-damage|p2a: Eternatus|57/100\n|move|p1a: Groudon|Precipice Blades|p2b: Ho-Oh|[spread] \n|-immune|p2b: Ho-Oh\n|-miss|p1a: Groudon|p2a: Eternatus\n|move|p2b: Ho-Oh|Life Dew|p2b: Ho-Oh|[spread] p2a,p2b\n|-heal|p2a: Eternatus|82/100\n|-heal|p2b: Ho-Oh|70/100\n|move|p1b: Calyrex|High Horsepower|p2a: Eternatus\n|-supereffective|p2a: Eternatus\n|-end|p2a: Eternatus|Substitute\n|\n|-weather|none\n|-heal|p2a: Eternatus|88/100|[from] item: Black Sludge\n|upkeep\n|turn|12\n|\n|t:|1774767995\n|switch|p2a: Ting-Lu|Ting-Lu, L50|78/100\n|-ability|p2a: Ting-Lu|Vessel of Ruin\n|switch|p1a: Flutter Mane|Flutter Mane, L50|100/100\n|move|p2b: Ho-Oh|Life Dew|p2b: Ho-Oh|[spread] p2a,p2b\n|-heal|p2a: Ting-Lu|100/100\n|-heal|p2b: Ho-Oh|94/100\n|move|p1b: Calyrex|High Horsepower|p2a: Ting-Lu\n|-damage|p2a: Ting-Lu|81/100\n|\n|-heal|p2a: Ting-Lu|88/100|[from] item: Leftovers\n|upkeep\n|turn|13\n|-message|fallacy277 forfeited.\n|\n|win|soten soten\n|raw|fallacy277's rating: 1453 &rarr; <strong>1435</strong><br />(-18 for losing)\n|raw|soten soten's rating: 1490 &rarr; <strong>1508</strong><br />(+18 for winning)\n|l|\u2606fallacy277\n|player|p1|\n|l|\u2606soten soten\n|player|p2|\n|l| eggs egs\n|j| eggs egs\n|l| eggs egs\n","uploadtime":1774768234,"views":11,"formatid":"gen9vgc2026regi","rating":1435,"private":0,"password":null}