{"id":"gen9vgc2026regi-2527139941","format":"[Gen 9] VGC 2026 Reg I","players":["huanyu0.0","liv.x"],"log":"|j|\u2606huanyu0.0\n|j|\u2606liv.x\n|t:|1769502020\n|gametype|doubles\n|player|p1|huanyu0.0|266|1147\n|player|p2|liv.x|cynthia|1065\n|gen|9\n|tier|[Gen 9] VGC 2026 Reg I\n|rated|\n|rule|Species Clause: Limit one of each Pok\u00e9mon\n|rule|Item Clause: Limit 1 of each item\n|clearpoke\n|poke|p1|Calyrex-Shadow, L50|\n|poke|p1|Koraidon, L50|\n|poke|p1|Flutter Mane, L50|\n|poke|p1|Incineroar, L50, F|\n|poke|p1|Rillaboom, L50, F|\n|poke|p1|Clefairy, L50, M|\n|poke|p2|Zacian-*, L50|\n|poke|p2|Giratina, L50|\n|poke|p2|Whimsicott, L50, F|\n|poke|p2|Persian, L50, F|\n|poke|p2|Incineroar, L50, F|\n|poke|p2|Galvantula, L50, F|\n|teampreview|4\n|inactive|Battle timer is ON: inactive players will automatically lose when time's up. (requested by liv.x)\n|inactive|huanyu0.0 also wants the timer to be on.\n|inactive|huanyu0.0 has 60 seconds left.\n|\n|t:|1769502067\n|teamsize|p1|4\n|teamsize|p2|4\n|start\n|switch|p1a: Calyrex|Calyrex-Shadow, L50|100/100\n|switch|p1b: Incineroar|Incineroar, L50, F|100/100\n|switch|p2a: Galvantula|Galvantula, L50, F|100/100\n|switch|p2b: Persian|Persian, L50, F, shiny|100/100\n|-ability|p1a: Calyrex|As One\n|-ability|p1a: Calyrex|Unnerve\n|-ability|p1b: Incineroar|Intimidate|boost\n|-unboost|p2a: Galvantula|atk|1\n|-unboost|p2b: Persian|atk|1\n|turn|1\n|\n|t:|1769502085\n|move|p2b: Persian|Fake Out|p1b: Incineroar\n|-crit|p1b: Incineroar\n|-damage|p1b: Incineroar|67/100\n|cant|p1b: Incineroar|flinch\n|move|p1a: Calyrex|Nasty Plot|p1a: Calyrex\n|-boost|p1a: Calyrex|spa|2\n|move|p2a: Galvantula|Sticky Web|p1a: Calyrex\n|-sidestart|p1: huanyu0.0|move: Sticky Web\n|\n|upkeep\n|turn|2\n|\n|t:|1769502103\n|-terastallize|p1a: Calyrex|Dark\n|move|p1a: Calyrex|Astral Barrage|p2b: Persian|[spread] p2a\n|-immune|p2b: Persian\n|-damage|p2a: Galvantula|0 fnt\n|faint|p2a: Galvantula\n|-ability|p1a: Calyrex|Grim Neigh|boost\n|-boost|p1a: Calyrex|spa|1\n|-damage|p1a: Calyrex|91/100|[from] item: Life Orb\n|move|p2b: Persian|Shadow Claw|p1a: Calyrex\n|-resisted|p1a: Calyrex\n|-damage|p1a: Calyrex|85/100\n|move|p1b: Incineroar|U-turn|p2b: Persian\n|-damage|p2b: Persian|64/100\n|\n|t:|1769502120\n|switch|p1b: Clefairy|Clefairy, L50, M|100/100|[from] U-turn\n|-activate|p1b: Clefairy|move: Sticky Web\n|-unboost|p1b: Clefairy|spe|1\n|\n|upkeep\n|\n|t:|1769502132\n|switch|p2a: Giratina|Giratina, L50|100/100\n|turn|3\n|\n|t:|1769502139\n|-terastallize|p2a: Giratina|Steel\n|move|p2b: Persian|Protect|p2b: Persian\n|-singleturn|p2b: Persian|Protect\n|move|p1b: Clefairy|Follow Me|p1b: Clefairy\n|-singleturn|p1b: Clefairy|move: Follow Me\n|move|p1a: Calyrex|Astral Barrage|p2b: Persian|[spread] p2a\n|-activate|p2b: Persian|move: Protect\n|-crit|p2a: Giratina\n|-damage|p2a: Giratina|0 fnt\n|faint|p2a: Giratina\n|-ability|p1a: Calyrex|Grim Neigh|boost\n|-boost|p1a: Calyrex|spa|1\n|-damage|p1a: Calyrex|75/100|[from] item: Life Orb\n|\n|upkeep\n|\n|t:|1769502155\n|switch|p2a: Zacian|Zacian, L50, shiny|100/100\n|-ability|p2a: Zacian|Intrepid Sword|boost\n|-boost|p2a: Zacian|atk|1\n|turn|4\n|\n|t:|1769502175\n|move|p1b: Clefairy|Follow Me|p1b: Clefairy\n|-singleturn|p1b: Clefairy|move: Follow Me\n|move|p1a: Calyrex|Astral Barrage|p2a: Zacian|[spread] p2a\n|-immune|p2b: Persian\n|-damage|p2a: Zacian|0 fnt\n|faint|p2a: Zacian\n|-ability|p1a: Calyrex|Grim Neigh|boost\n|-boost|p1a: Calyrex|spa|1\n|-damage|p1a: Calyrex|66/100|[from] item: Life Orb\n|move|p2b: Persian|Last Resort|p1b: Clefairy\n|-damage|p1b: Clefairy|71/100\n|\n|upkeep\n|turn|5\n|-message|liv.x forfeited.\n|\n|win|huanyu0.0\n|raw|huanyu0.0's rating: 1147 &rarr; <strong>1166</strong><br />(+19 for winning)\n|raw|liv.x's rating: 1065 &rarr; <strong>1050</strong><br />(-15 for losing)\n|l|\u2606liv.x\n|player|p2|\n|l|\u2606huanyu0.0\n|player|p1|\n","uploadtime":1769502513,"views":12,"formatid":"gen9vgc2026regi","rating":1050,"private":0,"password":null}