{"id":"gen9vgc2026regi-2527939762","format":"[Gen 9] VGC 2026 Reg I","players":["lior97h","i\u2764\u5a1c\u7984forever"],"log":"|j|\u2606lior97h\n|j|\u2606i\u2764\u5a1c\u7984forever\n|t:|1769603109\n|gametype|doubles\n|player|p1|lior97h|lucas|1376\n|player|p2|i\u2764\u5a1c\u7984forever|youngcouple-gen4dp|1351\n|gen|9\n|tier|[Gen 9] VGC 2026 Reg I\n|rated|\n|rule|Species Clause: Limit one of each Pok\u00e9mon\n|rule|Item Clause: Limit 1 of each item\n|clearpoke\n|poke|p1|Zamazenta-*, L50|\n|poke|p1|Gengar, L50, F|\n|poke|p1|Whimsicott, L50, F|\n|poke|p1|Calyrex-Shadow, L50|\n|poke|p1|Sableye, L50, F|\n|poke|p1|Oranguru, L50, F|\n|poke|p2|Groudon, L50|\n|poke|p2|Kyurem-White, L50|\n|poke|p2|Brute Bonnet, L50|\n|poke|p2|Heatran, L50, F|\n|poke|p2|Whimsicott, L50, M|\n|poke|p2|Roaring Moon, L50|\n|teampreview|4\n|inactive|Battle timer is ON: inactive players will automatically lose when time's up. (requested by lior97h)\n|\n|t:|1769603135\n|teamsize|p1|4\n|teamsize|p2|4\n|start\n|switch|p1a: Sableye|Sableye, L50, F|100/100\n|switch|p1b: Zamazenta|Zamazenta-Crowned, L50|100/100\n|switch|p2a: Whimsicott|Whimsicott, L50, M|100/100\n|switch|p2b: Kyurem|Kyurem-White, L50|100/100\n|-ability|p1b: Zamazenta|Dauntless Shield|boost\n|-boost|p1b: Zamazenta|def|1\n|-ability|p2b: Kyurem|Turboblaze\n|turn|1\n|\n|t:|1769603151\n|move|p1a: Sableye|Fake Out|p2b: Kyurem\n|-crit|p2b: Kyurem\n|-damage|p2b: Kyurem|90/100\n|move|p2a: Whimsicott|Endeavor|p1b: Zamazenta\n|-damage|p1b: Zamazenta|67/100\n|move|p1b: Zamazenta|Body Press|p2b: Kyurem\n|-supereffective|p2b: Kyurem\n|-damage|p2b: Kyurem|0 fnt\n|faint|p2b: Kyurem\n|\n|upkeep\n|\n|t:|1769603163\n|switch|p2b: Groudon|Groudon, L50|100/100\n|-weather|SunnyDay|[from] ability: Drought|[of] p2b: Groudon\n|turn|2\n|\n|t:|1769603170\n|move|p2a: Whimsicott|Tailwind|p2a: Whimsicott\n|-sidestart|p2: i\u2764\u5a1c\u7984forever|move: Tailwind\n|move|p1a: Sableye|Encore|p2a: Whimsicott\n|-start|p2a: Whimsicott|Encore\n|move|p2b: Groudon|Heat Crash|p1a: Sableye\n|-damage|p1a: Sableye|22/100\n|-enditem|p1a: Sableye|Eject Button\n|\n|t:|1769603186\n|switch|p1a: Whimsicott|Whimsicott, L50, F|100/100\n|move|p1b: Zamazenta|Body Press|p2b: Groudon\n|-damage|p2b: Groudon|57/100\n|\n|-weather|SunnyDay|[upkeep]\n|upkeep\n|turn|3\n|\n|t:|1769603205\n|switch|p2a: Heatran|Heatran, L50, F|100/100\n|move|p1a: Whimsicott|Tailwind|p1a: Whimsicott\n|-sidestart|p1: lior97h|move: Tailwind\n|move|p1b: Zamazenta|Iron Defense|p1b: Zamazenta\n|-boost|p1b: Zamazenta|def|2\n|move|p2b: Groudon|Precipice Blades|p1a: Whimsicott|[spread] p1a,p1b\n|-resisted|p1a: Whimsicott\n|-supereffective|p1b: Zamazenta\n|-damage|p1a: Whimsicott|63/100\n|-damage|p1b: Zamazenta|40/100\n|\n|-weather|SunnyDay|[upkeep]\n|upkeep\n|turn|4\n|\n|t:|1769603227\n|move|p2a: Heatran|Protect|p2a: Heatran\n|-singleturn|p2a: Heatran|Protect\n|move|p1a: Whimsicott|Endeavor|p2a: Heatran\n|-activate|p2a: Heatran|move: Protect\n|move|p1b: Zamazenta|Body Press|p2b: Groudon\n|-damage|p2b: Groudon|0 fnt\n|faint|p2b: Groudon\n|\n|-weather|SunnyDay|[upkeep]\n|upkeep\n|\n|t:|1769603238\n|switch|p2b: Whimsicott|Whimsicott, L50, M|100/100\n|turn|5\n|\n|t:|1769603252\n|-terastallize|p2a: Heatran|Fire\n|move|p1a: Whimsicott|Taunt|p2b: Whimsicott\n|-start|p2b: Whimsicott|move: Taunt\n|move|p2b: Whimsicott|Energy Ball|p1a: Whimsicott\n|-resisted|p1a: Whimsicott\n|-crit|p1a: Whimsicott\n|-damage|p1a: Whimsicott|18/100\n|move|p1b: Zamazenta|Body Press|p2a: Heatran\n|-crit|p2a: Heatran\n|-damage|p2a: Heatran|0 fnt\n|-status|p1b: Zamazenta|brn|[from] ability: Flame Body|[of] p2a: Heatran\n|faint|p2a: Heatran\n|\n|-weather|SunnyDay|[upkeep]\n|-damage|p1b: Zamazenta|34/100 brn|[from] brn\n|-sideend|p2: i\u2764\u5a1c\u7984forever|move: Tailwind\n|upkeep\n|turn|6\n|\n|t:|1769603271\n|move|p1a: Whimsicott|Endeavor|p2b: Whimsicott\n|-damage|p2b: Whimsicott|20/100\n|move|p1b: Zamazenta|Body Press|p2b: Whimsicott\n|-resisted|p2b: Whimsicott\n|-damage|p2b: Whimsicott|0 fnt\n|faint|p2b: Whimsicott\n|\n|win|lior97h\n|raw|lior97h's rating: 1376 &rarr; <strong>1395</strong><br />(+19 for winning)\n|raw|i\u2764\u5a1c\u7984forever's rating: 1351 &rarr; <strong>1332</strong><br />(-19 for losing)\n|l|\u2606i\u2764\u5a1c\u7984forever\n|player|p2|\n|l|\u2606lior97h\n|player|p1|\n","uploadtime":1769603422,"views":16,"formatid":"gen9vgc2026regi","rating":1332,"private":0,"password":null}