{"id":"gen9vgc2026regi-2520550832","format":"[Gen 9] VGC 2026 Reg I","players":["jakethelittlecat","marcxhenry"],"log":"|j|\u2606jakethelittlecat\n|j|\u2606marcxhenry\n|t:|1768652955\n|gametype|doubles\n|player|p1|jakethelittlecat|lucas|1268\n|player|p2|marcxhenry|hilbert-wonderlauncher|1440\n|gen|9\n|tier|[Gen 9] VGC 2026 Reg I\n|rated|\n|rule|Species Clause: Limit one of each Pok\u00e9mon\n|rule|Item Clause: Limit 1 of each item\n|clearpoke\n|poke|p1|Lunala, L50|\n|poke|p1|Koraidon, L50|\n|poke|p1|Flutter Mane, L50|\n|poke|p1|Indeedee-F, L50, F|\n|poke|p1|Ogerpon-Cornerstone, L50, F|\n|poke|p1|Chi-Yu, L50|\n|poke|p2|Calyrex-Shadow, L50|\n|poke|p2|Urshifu-*, L50, M|\n|poke|p2|Roaring Moon, L50|\n|poke|p2|Kyogre, L50|\n|poke|p2|Tsareena, L50, F|\n|poke|p2|Kingambit, L50, M|\n|teampreview|4\n|\n|t:|1768652979\n|teamsize|p1|4\n|teamsize|p2|4\n|start\n|switch|p1a: Flutter Mane|Flutter Mane, L50|100/100\n|switch|p1b: Koraidon|Koraidon, L50|100/100\n|switch|p2a: Ludwig|Calyrex-Shadow, L50|100/100\n|switch|p2b: Tripitz|Kyogre, L50, shiny|100/100\n|-ability|p2a: Ludwig|As One\n|-ability|p2a: Ludwig|Unnerve\n|-weather|SunnyDay|[from] ability: Orichalcum Pulse|[of] p1b: Koraidon\n|-activate|p1a: Flutter Mane|ability: Protosynthesis\n|-start|p1a: Flutter Mane|protosynthesisspe\n|-activate|p1b: Koraidon|Orichalcum Pulse|[source]\n|-weather|RainDance|[from] ability: Drizzle|[of] p2b: Tripitz\n|-end|p1a: Flutter Mane|Protosynthesis\n|turn|1\n|inactive|Battle timer is ON: inactive players will automatically lose when time's up. (requested by jakethelittlecat)\n|\n|t:|1768653007\n|switch|p1b: Ogerpon|Ogerpon-Cornerstone, L50, F|100/100\n|switch|p2b: Hermann|Kingambit, L50, M, shiny|100/100\n|-terastallize|p2a: Ludwig|Normal\n|-terastallize|p1a: Flutter Mane|Normal\n|move|p2a: Ludwig|Psychic|p1b: Ogerpon\n|-damage|p1b: Ogerpon|32/100\n|move|p1a: Flutter Mane|Icy Wind|p2b: Hermann|[spread] p2a,p2b\n|-resisted|p2b: Hermann\n|-damage|p2a: Ludwig|86/100\n|-damage|p2b: Hermann|96/100\n|-unboost|p2a: Ludwig|spe|1\n|-unboost|p2b: Hermann|spe|1\n|-ability|p2b: Hermann|Defiant|boost\n|-boost|p2b: Hermann|atk|2\n|\n|-weather|RainDance|[upkeep]\n|upkeep\n|turn|2\n|inactive|jakethelittlecat has 30 seconds left.\n|\n|t:|1768653033\n|move|p2b: Hermann|Sucker Punch|p1b: Ogerpon\n|-damage|p1b: Ogerpon|0 fnt\n|faint|p1b: Ogerpon\n|move|p1a: Flutter Mane|Moonblast|p2b: Hermann\n|-damage|p2b: Hermann|61/100\n|move|p2a: Ludwig|Trick Room|p2a: Ludwig\n|-fieldstart|move: Trick Room|[of] p2a: Ludwig\n|\n|-weather|RainDance|[upkeep]\n|upkeep\n|\n|t:|1768653044\n|switch|p1b: Lunala|Lunala, L50|100/100\n|turn|3\n|\n|t:|1768653058\n|move|p1b: Lunala|Protect|p1b: Lunala\n|-singleturn|p1b: Lunala|Protect\n|move|p2b: Hermann|Kowtow Cleave|p1b: Lunala\n|-activate|p1b: Lunala|move: Protect\n|move|p2a: Ludwig|Psychic|p1a: Flutter Mane\n|-damage|p1a: Flutter Mane|45/100\n|move|p1a: Flutter Mane|Trick Room|p1a: Flutter Mane\n|-fieldend|move: Trick Room\n|\n|-weather|RainDance|[upkeep]\n|upkeep\n|turn|4\n|inactive|jakethelittlecat has 30 seconds left.\n|\n|t:|1768653086\n|move|p2b: Hermann|Sucker Punch|p1a: Flutter Mane\n|-damage|p1a: Flutter Mane|0 fnt\n|faint|p1a: Flutter Mane\n|-end|p1a: Flutter Mane|Protosynthesis|[silent]\n|move|p1b: Lunala|Meteor Beam||[still]\n|-prepare|p1b: Lunala|Meteor Beam\n|-boost|p1b: Lunala|spa|1\n|-enditem|p1b: Lunala|Power Herb\n|-anim|p1b: Lunala|Meteor Beam|p2a: Ludwig\n|-crit|p2a: Ludwig\n|-damage|p2a: Ludwig|0 fnt\n|faint|p2a: Ludwig\n|\n|-weather|RainDance|[upkeep]\n|upkeep\n|\n|t:|1768653099\n|switch|p2a: Eva|Tsareena, L50, F, shiny|100/100\n|switch|p1a: Koraidon|Koraidon, L50|100/100\n|-weather|SunnyDay|[from] ability: Orichalcum Pulse|[of] p1a: Koraidon\n|-activate|p1a: Koraidon|Orichalcum Pulse|[source]\n|turn|5\n|\n|t:|1768653123\n|move|p2b: Hermann|Sucker Punch|p1a: Koraidon\n|-resisted|p1a: Koraidon\n|-damage|p1a: Koraidon|63/100\n|move|p1a: Koraidon|Close Combat|p2b: Hermann\n|-supereffective|p2b: Hermann\n|-damage|p2b: Hermann|0 fnt\n|-unboost|p1a: Koraidon|def|1\n|-unboost|p1a: Koraidon|spd|1\n|faint|p2b: Hermann\n|-damage|p1a: Koraidon|53/100|[from] item: Life Orb\n|move|p1b: Lunala|Moongeist Beam|p2a: Eva\n|-damage|p2a: Eva|3/100\n|move|p2a: Eva|Triple Axel|p1a: Koraidon\n|-supereffective|p1a: Koraidon\n|-damage|p1a: Koraidon|31/100\n|-supereffective|p1a: Koraidon\n|-crit|p1a: Koraidon\n|-damage|p1a: Koraidon|0 fnt\n|faint|p1a: Koraidon\n|-hitcount|p1: Koraidon|2\n|\n|-weather|SunnyDay|[upkeep]\n|upkeep\n|\n|t:|1768653142\n|switch|p2b: Tripitz|Kyogre, L50, shiny|100/100\n|-weather|RainDance|[from] ability: Drizzle|[of] p2b: Tripitz\n|turn|6\n|\n|t:|1768653150\n|move|p2b: Tripitz|Protect|p2b: Tripitz\n|-singleturn|p2b: Tripitz|Protect\n|move|p1b: Lunala|Moongeist Beam|p2b: Tripitz\n|-activate|p2b: Tripitz|move: Protect\n|move|p2a: Eva|Triple Axel|p1b: Lunala\n|-damage|p1b: Lunala|97/100\n|-damage|p1b: Lunala|84/100\n|-damage|p1b: Lunala|65/100\n|-hitcount|p1b: Lunala|3\n|\n|-weather|RainDance|[upkeep]\n|upkeep\n|turn|7\n|\n|t:|1768653163\n|move|p1b: Lunala|Moongeist Beam|p2b: Tripitz\n|-damage|p2b: Tripitz|42/100\n|move|p2b: Tripitz|Origin Pulse|p1b: Lunala\n|-damage|p1b: Lunala|0 fnt\n|faint|p1b: Lunala\n|\n|win|marcxhenry\n|raw|jakethelittlecat's rating: 1268 &rarr; <strong>1254</strong><br />(-14 for losing)\n|raw|marcxhenry's rating: 1440 &rarr; <strong>1451</strong><br />(+11 for winning)\n|l|\u2606marcxhenry\n|player|p2|\n|l|\u2606jakethelittlecat\n|player|p1|\n","uploadtime":1768653308,"views":11,"formatid":"gen9vgc2026regi","rating":1254,"private":0,"password":null}