{"id":"gen9vgc2026regi-2521168896","format":"[Gen 9] VGC 2026 Reg I","players":["j0l0k0","sein1006"],"log":"|j|\u2606j0l0k0\n|j|\u2606sein1006\n|t:|1768741511\n|gametype|doubles\n|player|p1|j0l0k0|brycen|1350\n|player|p2|sein1006|cynthia-gen4|1335\n|gen|9\n|tier|[Gen 9] VGC 2026 Reg I\n|rated|\n|rule|Species Clause: Limit one of each Pok\u00e9mon\n|rule|Item Clause: Limit 1 of each item\n|clearpoke\n|poke|p1|Calyrex-Ice, L50|\n|poke|p1|Kyogre, L50|\n|poke|p1|Indeedee-F, L50, F|\n|poke|p1|Urshifu-*, L50, F|\n|poke|p1|Amoonguss, L50, F|\n|poke|p1|Landorus, L50, M|\n|poke|p2|Ursaluna, L50, F|\n|poke|p2|Porygon2, L50|\n|poke|p2|Calyrex-Ice, L50|\n|poke|p2|Incineroar, L50, M|\n|poke|p2|Kyogre, L50|\n|poke|p2|Amoonguss, L50, M|\n|teampreview|4\n|inactive|Battle timer is ON: inactive players will automatically lose when time's up. (requested by j0l0k0)\n|inactive|sein1006 has 60 seconds left.\n|\n|t:|1768741542\n|teamsize|p1|4\n|teamsize|p2|4\n|start\n|switch|p1a: Kyogre|Kyogre, L50, shiny|100/100\n|switch|p1b: Indeedee|Indeedee-F, L50, F, shiny|100/100\n|switch|p2a: Ursaluna|Ursaluna, L50, F, shiny|100/100\n|switch|p2b: Porygon2|Porygon2, L50, shiny|100/100\n|-fieldstart|move: Psychic Terrain|[from] ability: Psychic Surge|[of] p1b: Indeedee\n|-weather|RainDance|[from] ability: Drizzle|[of] p1a: Kyogre\n|-ability|p2b: Porygon2|Download|boost\n|-boost|p2b: Porygon2|atk|1\n|turn|1\n|\n|t:|1768741563\n|move|p1b: Indeedee|Helping Hand|p1a: Kyogre\n|-singleturn|p1a: Kyogre|Helping Hand|[of] p1b: Indeedee\n|move|p2a: Ursaluna|Protect|p2a: Ursaluna\n|-singleturn|p2a: Ursaluna|Protect\n|move|p1a: Kyogre|Water Spout|p2b: Porygon2|[spread] p2b\n|-activate|p2a: Ursaluna|move: Protect\n|-damage|p2b: Porygon2|4/100\n|move|p2b: Porygon2|Trick Room|p2b: Porygon2\n|-fieldstart|move: Trick Room|[of] p2b: Porygon2\n|\n|-weather|RainDance|[upkeep]\n|-status|p2a: Ursaluna|brn|[from] item: Flame Orb\n|upkeep\n|turn|2\n|inactive|sein1006 has 30 seconds left.\n|\n|t:|1768741590\n|move|p1b: Indeedee|Follow Me|p1b: Indeedee\n|-singleturn|p1b: Indeedee|move: Follow Me\n|move|p2a: Ursaluna|Facade|p1b: Indeedee\n|-damage|p1b: Indeedee|0 fnt\n|faint|p1b: Indeedee\n|move|p2b: Porygon2|Recover|p2b: Porygon2\n|-heal|p2b: Porygon2|54/100\n|move|p1a: Kyogre|Water Spout|p2b: Porygon2|[spread] p2a,p2b\n|-supereffective|p2a: Ursaluna\n|-crit|p2b: Porygon2\n|-damage|p2a: Ursaluna|0 fnt\n|-damage|p2b: Porygon2|0 fnt\n|faint|p2a: Ursaluna\n|faint|p2b: Porygon2\n|\n|-weather|RainDance|[upkeep]\n|upkeep\n|\n|t:|1768741607\n|switch|p2a: Calyrex|Calyrex-Ice, L50|100/100\n|switch|p2b: Kyogre|Kyogre, L50|100/100\n|switch|p1b: Amoonguss|Amoonguss, L50, F, shiny|100/100\n|-ability|p2a: Calyrex|As One\n|-ability|p2a: Calyrex|Unnerve\n|turn|3\n|inactive|j0l0k0 has 30 seconds left.\n|inactive|sein1006 has 30 seconds left.\n|\n|t:|1768741638\n|-terastallize|p1b: Amoonguss|Water\n|-terastallize|p2a: Calyrex|Grass\n|move|p1b: Amoonguss|Spore|p2b: Kyogre\n|-status|p2b: Kyogre|slp|[from] move: Spore\n|move|p2a: Calyrex|Glacial Lance|p1b: Amoonguss|[spread] p1a,p1b\n|-resisted|p1a: Kyogre\n|-resisted|p1b: Amoonguss\n|-damage|p1a: Kyogre|72/100\n|-damage|p1b: Amoonguss|72/100\n|move|p1a: Kyogre|Water Spout|p2a: Calyrex|[spread] p2a,p2b\n|-resisted|p2a: Calyrex\n|-resisted|p2b: Kyogre\n|-damage|p2a: Calyrex|72/100\n|-damage|p2b: Kyogre|70/100 slp\n|cant|p2b: Kyogre|slp\n|\n|-weather|RainDance|[upkeep]\n|upkeep\n|turn|4\n|\n|t:|1768741662\n|move|p1b: Amoonguss|Energy Ball|p2b: Kyogre\n|-supereffective|p2b: Kyogre\n|-damage|p2b: Kyogre|22/100 slp\n|move|p2a: Calyrex|Glacial Lance|p1a: Kyogre|[spread] p1a,p1b\n|-resisted|p1a: Kyogre\n|-resisted|p1b: Amoonguss\n|-damage|p1a: Kyogre|43/100\n|-damage|p1b: Amoonguss|43/100\n|move|p1a: Kyogre|Ice Beam|p2a: Calyrex\n|-supereffective|p2a: Calyrex\n|-damage|p2a: Calyrex|22/100\n|-curestatus|p2b: Kyogre|slp|[msg]\n|move|p2b: Kyogre|Origin Pulse|p1b: Amoonguss|[spread] p1a,p1b\n|-resisted|p1a: Kyogre\n|-resisted|p1b: Amoonguss\n|-damage|p1a: Kyogre|28/100\n|-damage|p1b: Amoonguss|12/100\n|\n|-weather|RainDance|[upkeep]\n|upkeep\n|turn|5\n|\n|t:|1768741685\n|move|p1b: Amoonguss|Energy Ball|p2b: Kyogre\n|-supereffective|p2b: Kyogre\n|-damage|p2b: Kyogre|0 fnt\n|faint|p2b: Kyogre\n|move|p2a: Calyrex|Glacial Lance|p1b: Amoonguss|[spread] p1a,p1b\n|-resisted|p1a: Kyogre\n|-resisted|p1b: Amoonguss\n|-damage|p1a: Kyogre|0 fnt\n|-damage|p1b: Amoonguss|0 fnt\n|faint|p1a: Kyogre\n|faint|p1b: Amoonguss\n|-ability|p2a: Calyrex|Chilling Neigh|boost\n|-boost|p2a: Calyrex|atk|2\n|\n|-weather|none\n|-fieldend|move: Trick Room\n|-fieldend|move: Psychic Terrain\n|upkeep\n|\n|t:|1768741701\n|switch|p1a: Calyrex|Calyrex-Ice, L50|100/100\n|-ability|p1a: Calyrex|As One\n|-ability|p1a: Calyrex|Unnerve\n|turn|6\n|\n|t:|1768741709\n|move|p2a: Calyrex|Protect|p2a: Calyrex\n|-singleturn|p2a: Calyrex|Protect\n|move|p1a: Calyrex|Glacial Lance|p2a: Calyrex\n|-activate|p2a: Calyrex|move: Protect\n|\n|upkeep\n|turn|7\n|\n|t:|1768741718\n|move|p1a: Calyrex|Glacial Lance|p2a: Calyrex\n|-supereffective|p2a: Calyrex\n|-damage|p2a: Calyrex|0 fnt\n|faint|p2a: Calyrex\n|\n|win|j0l0k0\n|raw|j0l0k0's rating: 1350 &rarr; <strong>1369</strong><br />(+19 for winning)\n|raw|sein1006's rating: 1335 &rarr; <strong>1316</strong><br />(-19 for losing)\n|l|\u2606sein1006\n|player|p2|\n|l|\u2606j0l0k0\n|player|p1|\n","uploadtime":1768741898,"views":12,"formatid":"gen9vgc2026regi","rating":1316,"private":0,"password":null}