{"id":"gen9vgc2026regi-2561511306","format":"[Gen 9] VGC 2026 Reg I","players":["gambitofking","It'sJustKen VGC"],"log":"|j|\u2606gambitofking\n|j|\u2606It'sJustKen VGC\n|t:|1773804931\n|gametype|doubles\n|player|p1|gambitofking|caitlin|\n|player|p2|It'sJustKen VGC|1|\n|gen|9\n|tier|[Gen 9] VGC 2026 Reg I\n|rated|Tournament battle\n|rule|Species Clause: Limit one of each Pok\u00e9mon\n|rule|Item Clause: Limit 1 of each item\n|raw|<div class=\"infobox\"><details class=\"readmore\" open><summary><strong>3 custom rules:</strong></summary> Open Team Sheets, Force Open Team Sheets, !Open Team Sheets</details></div>\n|clearpoke\n|poke|p1|Zacian-*, L50|\n|poke|p1|Incineroar, L50, M|\n|poke|p1|Pelipper, L50, F|\n|poke|p1|Calyrex-Ice, L50|\n|poke|p1|Landorus, L50, M|\n|poke|p1|Amoonguss, L50, M|\n|poke|p2|Iron Hands, L50|\n|poke|p2|Incineroar, L50, F|\n|poke|p2|Calyrex-Shadow, L50|\n|poke|p2|Whimsicott, L50, F|\n|poke|p2|Farigiraf, L50, M|\n|poke|p2|Miraidon, L50|\n|teampreview|4\n|showteam|p1|Zacian-Crowned||RustedSword|IntrepidSword|TeraBlast,PlayRough,behemothblade,Protect||||||50|,,,,,Ground]Incineroar||SafetyGoggles|Intimidate|FakeOut,PartingShot,KnockOff,FlareBlitz|||M|||50|,,,,,Fairy]Pelipper||FocusSash|Drizzle|Tailwind,Hurricane,Protect,WideGuard|||F|||50|,,,,,Ghost]Calyrex-Ice||Leftovers|AsOneGlastrier|GlacialLance,LeechSeed,TrickRoom,Protect||||||50|,,,,,Water]Landorus||LifeOrb|SheerForce|EarthPower,SludgeBomb,SandsearStorm,Protect|||M|||50|,,,,,Steel]Amoonguss||RockyHelmet|Regenerator|Spore,PollenPuff,RagePowder,Protect|||M|||50|,,,,,Water\n|showteam|p2|Iron Hands||AssaultVest|QuarkDrive|FakeOut,DrainPunch,WildCharge,LowKick||||||50|,,,,,Water]Incineroar||RockyHelmet|Intimidate|FakeOut,Uturn,KnockOff,FlareBlitz|||F|||50|,,,,,Bug]Calyrex-Shadow||FocusSash|AsOneSpectrier|Protect,AstralBarrage,Psychic,Imprison||||||50|,,,,,Ghost]Whimsicott||CovertCloak|Prankster|Tailwind,Encore,Moonblast,LightScreen|||F|||50|,,,,,Fire]Farigiraf||ElectricSeed|ArmorTail|Psychic,Roar,TrickRoom,HelpingHand|||M|||50|,,,,,Water]Miraidon||ChoiceSpecs|HadronEngine|ElectroDrift,VoltSwitch,DracoMeteor,DazzlingGleam||||||50|,,,,,Fairy\n|inactive|Battle timer is ON: inactive players will automatically lose when time's up. (requested by It'sJustKen VGC)\n|j| bum 6\n|j|@Radio Free C-Side\n|c|\u2606gambitofking|glhf\n|j| TimeforCHILLI\n|l| TimeforCHILLI\n|inactive|gambitofking has 60 seconds left.\n|\n|t:|1773804973\n|teamsize|p1|4\n|teamsize|p2|4\n|start\n|switch|p1a: Falcon|Zacian-Crowned, L50|100/100\n|switch|p1b: Buckey|Incineroar, L50, M|100/100\n|switch|p2a: Farigiraf|Farigiraf, L50, M|100/100\n|switch|p2b: Miraidon|Miraidon, L50, shiny|100/100\n|-ability|p1a: Falcon|Intrepid Sword|boost\n|-boost|p1a: Falcon|atk|1\n|-fieldstart|move: Electric Terrain|[from] ability: Hadron Engine|[of] p2b: Miraidon\n|-enditem|p2a: Farigiraf|Electric Seed\n|-boost|p2a: Farigiraf|def|1|[from] item: Electric Seed\n|-ability|p1b: Buckey|Intimidate|boost\n|-unboost|p2a: Farigiraf|atk|1\n|-unboost|p2b: Miraidon|atk|1\n|turn|1\n|inactive|gambitofking has 30 seconds left.\n|inactive|It'sJustKen VGC has 30 seconds left.\n|inactive|gambitofking has 20 seconds left.\n|inactive|gambitofking has 15 seconds left.\n|inactive|gambitofking has 10 seconds left.\n|\n|t:|1773805019\n|-terastallize|p2b: Miraidon|Fairy\n|move|p1b: Buckey|Fake Out||[still]\n|cant|p2a: Farigiraf|ability: Armor Tail|Fake Out|[of] p1b: Buckey\n|move|p1a: Falcon|Play Rough|p2b: Miraidon|[miss]\n|-miss|p1a: Falcon|p2b: Miraidon\n|move|p2b: Miraidon|Draco Meteor|p1b: Buckey\n|-damage|p1b: Buckey|0 fnt\n|-unboost|p2b: Miraidon|spa|2\n|faint|p1b: Buckey\n|move|p2a: Farigiraf|Roar|p2b: Miraidon\n|drag|p2b: Incineroar|Incineroar, L50, F|100/100\n|-ability|p2b: Incineroar|Intimidate|boost\n|-unboost|p1a: Falcon|atk|1\n|\n|upkeep\n|\n|t:|1773805036\n|switch|p1b: Freya|Calyrex-Ice, L50|100/100\n|-ability|p1b: Freya|As One\n|-ability|p1b: Freya|Unnerve\n|turn|2\n|c| bum 6|the roar tech\n|\n|t:|1773805046\n|move|p2a: Farigiraf|Helping Hand|p2b: Incineroar\n|-singleturn|p2b: Incineroar|Helping Hand|[of] p2a: Farigiraf\n|move|p1a: Falcon|Protect|p1a: Falcon\n|-singleturn|p1a: Falcon|Protect\n|move|p1b: Freya|Protect|p1b: Freya\n|-singleturn|p1b: Freya|Protect\n|move|p2b: Incineroar|Flare Blitz|p1b: Freya\n|-activate|p1b: Freya|move: Protect\n|\n|upkeep\n|turn|3\n|\n|t:|1773805059\n|-terastallize|p1a: Falcon|Ground\n|move|p1a: Falcon|Tera Blast|p2b: Incineroar|[anim] Tera Blast Ground\n|-supereffective|p2b: Incineroar\n|-crit|p2b: Incineroar\n|-damage|p2b: Incineroar|0 fnt\n|faint|p2b: Incineroar\n|move|p1b: Freya|Leech Seed|p2a: Farigiraf\n|-start|p2a: Farigiraf|move: Leech Seed\n|move|p2a: Farigiraf|Trick Room|p2a: Farigiraf\n|-fieldstart|move: Trick Room|[of] p2a: Farigiraf\n|\n|-damage|p2a: Farigiraf|88/100|[from] Leech Seed|[of] p1b: Freya\n|upkeep\n|\n|t:|1773805068\n|switch|p2b: Miraidon|Miraidon, L50, shiny, tera:Fairy|100/100\n|-activate|p2b: Miraidon|ability: Hadron Engine\n|turn|4\n|\n|t:|1773805077\n|switch|p2a: Iron Hands|Iron Hands, L50|100/100\n|-activate|p2a: Iron Hands|ability: Quark Drive\n|-start|p2a: Iron Hands|quarkdriveatk\n|move|p1b: Freya|Glacial Lance|p2a: Iron Hands|[spread] p2a,p2b\n|-damage|p2a: Iron Hands|64/100\n|-damage|p2b: Miraidon|50/100\n|move|p2b: Miraidon|Draco Meteor|p1a: Falcon\n|-damage|p1a: Falcon|0 fnt\n|-unboost|p2b: Miraidon|spa|2\n|faint|p1a: Falcon\n|\n|upkeep\n|\n|t:|1773805089\n|switch|p1a: Groot|Landorus, L50, M|100/100\n|turn|5\n|\n|t:|1773805113\n|switch|p2b: Farigiraf|Farigiraf, L50, M|88/100\n|move|p2a: Iron Hands|Low Kick|p1b: Freya\n|-damage|p1b: Freya|46/100\n|move|p1b: Freya|Glacial Lance|p2b: Farigiraf|[spread] p2a,p2b\n|-damage|p2a: Iron Hands|25/100\n|-damage|p2b: Farigiraf|45/100\n|move|p1a: Groot|Earth Power|p2a: Iron Hands\n|-supereffective|p2a: Iron Hands\n|-damage|p2a: Iron Hands|0 fnt\n|faint|p2a: Iron Hands\n|-end|p2a: Iron Hands|Quark Drive|[silent]\n|\n|-heal|p1b: Freya|52/100|[from] item: Leftovers\n|-fieldend|move: Electric Terrain\n|upkeep\n|\n|t:|1773805116\n|switch|p2a: Miraidon|Miraidon, L50, shiny, tera:Fairy|50/100\n|-fieldstart|move: Electric Terrain|[from] ability: Hadron Engine|[of] p2a: Miraidon\n|turn|6\n|-message|It'sJustKen VGC forfeited.\n|\n|win|gambitofking\n|n|\u2606gambitofking|gambitofking\n|n|\u2606It'sJustKen VGC|itsjustkenvgc\n|n| bum 6|bum6\n|n|+Radio Free C-Side|radiofreecside\n|c|\u2606It'sJustKen VGC|gg wp\n","uploadtime":1773805123,"views":11,"formatid":"gen9vgc2026regi","rating":null,"private":0,"password":null}