{"id":"gen9vgc2026regi-2577651029","format":"[Gen 9] VGC 2026 Reg I","players":["SL1Dgaming","Harry Koekenpan"],"log":"|j|\u2606SL1Dgaming\n|j|\u2606Harry Koekenpan\n|t:|1775593224\n|gametype|doubles\n|player|p1|SL1Dgaming|giovanni|1298\n|player|p2|Harry Koekenpan|265|1377\n|gen|9\n|tier|[Gen 9] VGC 2026 Reg I\n|rated|\n|rule|Species Clause: Limit one of each Pok\u00e9mon\n|rule|Item Clause: Limit 1 of each item\n|clearpoke\n|poke|p1|Miraidon, L50|\n|poke|p1|Smeargle, L50, F|\n|poke|p1|Muk-Alola, L50, M|\n|poke|p1|Farigiraf, L50, M|\n|poke|p1|Volcarona, L50, F|\n|poke|p1|Mewtwo, L50|\n|poke|p2|Weezing-Galar, L50, F|\n|poke|p2|Calyrex-Shadow, L50|\n|poke|p2|Regigigas, L50|\n|poke|p2|Tatsugiri, L50, F|\n|poke|p2|Dondozo, L50, F|\n|poke|p2|Koraidon, L50|\n|teampreview|4\n|inactive|Battle timer is ON: inactive players will automatically lose when time's up. (requested by SL1Dgaming)\n|inactive|SL1Dgaming has 60 seconds left.\n|\n|t:|1775593263\n|teamsize|p1|4\n|teamsize|p2|4\n|start\n|switch|p1a: Miraidon|Miraidon, L50|100/100\n|switch|p1b: Smeargle|Smeargle, L50, F|100/100\n|switch|p2a: Weezing|Weezing-Galar, L50, F|100/100\n|switch|p2b: Regigigas|Regigigas, L50|100/100\n|-ability|p2a: Weezing|Neutralizing Gas\n|turn|1\n|\n|t:|1775593279\n|-terastallize|p2b: Regigigas|Ghost\n|move|p1b: Smeargle|Fake Out|p2a: Weezing\n|-damage|p2a: Weezing|93/100\n|move|p1a: Miraidon|Volt Switch|p2a: Weezing\n|-damage|p2a: Weezing|56/100\n|\n|t:|1775593286\n|switch|p1a: Muk|Muk-Alola, L50, M, shiny|100/100|[from] Volt Switch\n|move|p2b: Regigigas|Knock Off|p1b: Smeargle\n|-enditem|p1b: Smeargle|Focus Sash\n|-damage|p1b: Smeargle|1/100\n|cant|p2a: Weezing|flinch\n|\n|upkeep\n|turn|2\n|inactive|SL1Dgaming has 30 seconds left.\n|\n|t:|1775593321\n|move|p2b: Regigigas|Knock Off|p1a: Muk\n|-resisted|p1a: Muk\n|-damage|p1a: Muk|83/100\n|-enditem|p1a: Muk|Leftovers|[from] move: Knock Off|[of] p2b: Regigigas\n|move|p1b: Smeargle|Decorate|p1a: Muk\n|-boost|p1a: Muk|atk|2\n|-boost|p1a: Muk|spa|2\n|move|p2a: Weezing|Poison Gas|p1a: Muk|[spread] p1b\n|-miss|p2a: Weezing|p1a: Muk\n|-status|p1b: Smeargle|psn\n|move|p1a: Muk|Knock Off|p2b: Regigigas\n|-supereffective|p2b: Regigigas\n|-damage|p2b: Regigigas|0 fnt\n|-enditem|p2b: Regigigas|Choice Scarf|[from] move: Knock Off|[of] p1a: Muk\n|faint|p2b: Regigigas\n|-end|p2b: Regigigas|Slow Start|[silent]\n|\n|-damage|p1b: Smeargle|0 fnt|[from] psn\n|faint|p1b: Smeargle\n|upkeep\n|\n|t:|1775593338\n|switch|p2b: Koraidon|Koraidon, L50|100/100\n|switch|p1b: Miraidon|Miraidon, L50|100/100\n|turn|3\n|\n|t:|1775593352\n|move|p1b: Miraidon|Draco Meteor|p2b: Koraidon|[miss]\n|-miss|p1b: Miraidon|p2b: Koraidon\n|move|p2b: Koraidon|Collision Course|p1a: Muk\n|-damage|p1a: Muk|39/100\n|move|p2a: Weezing|Poison Gas|p1b: Miraidon|[spread] p1a,p1b\n|-immune|p1a: Muk\n|-status|p1b: Miraidon|psn\n|move|p1a: Muk|Knock Off|p2a: Weezing\n|-resisted|p2a: Weezing\n|-damage|p2a: Weezing|25/100\n|-enditem|p2a: Weezing|Sitrus Berry|[from] move: Knock Off|[of] p1a: Muk\n|\n|-damage|p1b: Miraidon|88/100 psn|[from] psn\n|upkeep\n|turn|4\n|\n|t:|1775593377\n|move|p2b: Koraidon|Protect|p2b: Koraidon\n|-singleturn|p2b: Koraidon|Protect\n|move|p1b: Miraidon|Draco Meteor|p2b: Koraidon\n|-activate|p2b: Koraidon|move: Protect\n|move|p2a: Weezing|Sludge Bomb|p1a: Muk\n|-resisted|p1a: Muk\n|-damage|p1a: Muk|29/100\n|move|p1a: Muk|Knock Off|p2a: Weezing\n|-resisted|p2a: Weezing\n|-damage|p2a: Weezing|4/100\n|\n|-damage|p1b: Miraidon|75/100 psn|[from] psn\n|upkeep\n|turn|5\n|\n|t:|1775593394\n|move|p2a: Weezing|Protect|p2a: Weezing\n|-singleturn|p2a: Weezing|Protect\n|move|p1b: Miraidon|Draco Meteor|p2b: Koraidon\n|-supereffective|p2b: Koraidon\n|-damage|p2b: Koraidon|0 fnt\n|-unboost|p1b: Miraidon|spa|2\n|faint|p2b: Koraidon\n|move|p1a: Muk|Knock Off|p2a: Weezing\n|-activate|p2a: Weezing|move: Protect\n|\n|-damage|p1b: Miraidon|63/100 psn|[from] psn\n|upkeep\n|\n|t:|1775593404\n|switch|p2b: Calyrex|Calyrex-Shadow, L50|100/100\n|-ability|p2b: Calyrex|As One\n|-ability|p2b: Calyrex|Unnerve\n|turn|6\n|\n|t:|1775593408\n|switch|p1b: Mewtwo|Mewtwo, L50|100/100\n|move|p1a: Muk|Protect|p1a: Muk\n|-singleturn|p1a: Muk|Protect\n|move|p2b: Calyrex|Astral Barrage|p1a: Muk|[spread] p1b\n|-activate|p1a: Muk|move: Protect\n|-supereffective|p1b: Mewtwo\n|-crit|p1b: Mewtwo\n|-damage|p1b: Mewtwo|0 fnt\n|faint|p1b: Mewtwo\n|-ability|p2b: Calyrex|Grim Neigh|boost\n|-boost|p2b: Calyrex|spa|1\n|-damage|p2b: Calyrex|91/100|[from] item: Life Orb\n|move|p2a: Weezing|Sludge Bomb|p1a: Muk\n|-activate|p1a: Muk|move: Protect\n|\n|upkeep\n|\n|t:|1775593410\n|switch|p1b: Miraidon|Miraidon, L50|63/100 psn\n|turn|7\n|\n|t:|1775593426\n|move|p1b: Miraidon|Snarl|p2a: Weezing|[spread] p2a,p2b\n|-resisted|p2a: Weezing\n|-supereffective|p2b: Calyrex\n|-damage|p2a: Weezing|0 fnt\n|-damage|p2b: Calyrex|23/100\n|-unboost|p2b: Calyrex|spa|1\n|faint|p2a: Weezing\n|-end|p2a: Weezing|ability: Neutralizing Gas\n|-fieldstart|move: Electric Terrain|[from] ability: Hadron Engine|[of] p1b: Miraidon\n|move|p2b: Calyrex|Astral Barrage|p1a: Muk|[spread] p1a,p1b\n|-resisted|p1a: Muk\n|-damage|p1a: Muk|0 fnt\n|-damage|p1b: Miraidon|0 fnt\n|faint|p1a: Muk\n|faint|p1b: Miraidon\n|-damage|p2b: Calyrex|13/100|[from] item: Life Orb\n|\n|win|Harry Koekenpan\n|raw|SL1Dgaming's rating: 1298 &rarr; <strong>1279</strong><br />(-19 for losing)\n|raw|Harry Koekenpan's rating: 1377 &rarr; <strong>1393</strong><br />(+16 for winning)\n|l|\u2606SL1Dgaming\n|player|p1|\n|l|\u2606Harry Koekenpan\n|player|p2|\n","uploadtime":1775593672,"views":8,"formatid":"gen9vgc2026regi","rating":1279,"private":0,"password":null}