{"id":"gen9vgc2026regi-2579827273","format":"[Gen 9] VGC 2026 Reg I","players":["fyssqzh","xiaoliyunVGC"],"log":"|j|\u2606fyssqzh\n|j|\u2606xiaoliyunVGC\n|t:|1775831446\n|gametype|doubles\n|player|p1|fyssqzh|jasmine|1388\n|player|p2|xiaoliyunVGC|liko|1516\n|gen|9\n|tier|[Gen 9] VGC 2026 Reg I\n|rated|\n|rule|Species Clause: Limit one of each Pok\u00e9mon\n|rule|Item Clause: Limit 1 of each item\n|clearpoke\n|poke|p1|Sneasler, L50, F|\n|poke|p1|Misdreavus, L50, M|\n|poke|p1|Heatran, L50, M|\n|poke|p1|Miraidon, L50|\n|poke|p1|Scrafty, L50, F|\n|poke|p1|Calyrex-Ice, L50|\n|poke|p2|Miraidon, L50|\n|poke|p2|Zamazenta-*, L50|\n|poke|p2|Dragonite, L50, M|\n|poke|p2|Chien-Pao, L50|\n|poke|p2|Clefairy, L50, M|\n|poke|p2|Volcarona, L50, M|\n|teampreview|4\n|inactive|Battle timer is ON: inactive players will automatically lose when time's up. (requested by xiaoliyunVGC)\n|inactive|fyssqzh has 60 seconds left.\n|inactive|xiaoliyunVGC has 60 seconds left.\n|\n|t:|1775831511\n|teamsize|p1|4\n|teamsize|p2|4\n|start\n|switch|p1a: Miraidon|Miraidon, L50|100/100\n|switch|p1b: Scrafty|Scrafty, L50, F|100/100\n|switch|p2a: Dragonite|Dragonite, L50, M, shiny|100/100\n|switch|p2b: Chien-Pao|Chien-Pao, L50, shiny|100/100\n|-ability|p2b: Chien-Pao|Sword of Ruin\n|-fieldstart|move: Electric Terrain|[from] ability: Hadron Engine|[of] p1a: Miraidon\n|-ability|p1b: Scrafty|Intimidate|boost\n|-fail|p2a: Dragonite|unboost|Attack|[from] ability: Inner Focus|[of] p2a: Dragonite\n|-unboost|p2b: Chien-Pao|atk|1\n|turn|1\n|inactive|fyssqzh has 30 seconds left.\n|\n|t:|1775831538\n|switch|p2b: Clefairy|Clefairy, L50, M, shiny|100/100\n|-terastallize|p2a: Dragonite|Normal\n|move|p1b: Scrafty|Fake Out|p2b: Clefairy\n|-damage|p2b: Clefairy|90/100\n|move|p2a: Dragonite|Extreme Speed|p1b: Scrafty\n|-crit|p1b: Scrafty\n|-damage|p1b: Scrafty|12/100\n|move|p1a: Miraidon|Electro Drift|p2a: Dragonite\n|-damage|p2a: Dragonite|7/100\n|\n|upkeep\n|turn|2\n|inactive|fyssqzh has 30 seconds left.\n|\n|t:|1775831566\n|switch|p1a: Misdreavus|Misdreavus, L50, M|100/100\n|move|p2b: Clefairy|Helping Hand|p2a: Dragonite\n|-singleturn|p2a: Dragonite|Helping Hand|[of] p2b: Clefairy\n|move|p2a: Dragonite|Extreme Speed|p1a: Misdreavus\n|-immune|p1a: Misdreavus\n|move|p1b: Scrafty|Endeavor|p2b: Clefairy\n|-damage|p2b: Clefairy|11/100\n|\n|upkeep\n|turn|3\n|\n|t:|1775831588\n|move|p2a: Dragonite|Extreme Speed|p1b: Scrafty\n|-damage|p1b: Scrafty|0 fnt\n|faint|p1b: Scrafty\n|move|p2b: Clefairy|Follow Me|p2b: Clefairy\n|-singleturn|p2b: Clefairy|move: Follow Me\n|move|p1a: Misdreavus|Will-O-Wisp|p2b: Clefairy\n|-status|p2b: Clefairy|brn\n|\n|-damage|p2b: Clefairy|5/100 brn|[from] brn\n|upkeep\n|\n|t:|1775831596\n|switch|p1b: Calyrex|Calyrex-Ice, L50|100/100\n|-ability|p1b: Calyrex|As One\n|-ability|p1b: Calyrex|Unnerve\n|turn|4\n|\n|t:|1775831604\n|move|p2b: Clefairy|Helping Hand|p2a: Dragonite\n|-singleturn|p2a: Dragonite|Helping Hand|[of] p2b: Clefairy\n|move|p1b: Calyrex|Protect|p1b: Calyrex\n|-singleturn|p1b: Calyrex|Protect\n|move|p2a: Dragonite|Extreme Speed|p1b: Calyrex\n|-activate|p1b: Calyrex|move: Protect\n|move|p1a: Misdreavus|Icy Wind|p2a: Dragonite|[spread] p2a,p2b\n|-damage|p2a: Dragonite|2/100\n|-damage|p2b: Clefairy|0 fnt\n|-unboost|p2a: Dragonite|spe|1\n|faint|p2b: Clefairy\n|\n|upkeep\n|\n|t:|1775831614\n|switch|p2b: Chien-Pao|Chien-Pao, L50, shiny|100/100\n|-ability|p2b: Chien-Pao|Sword of Ruin\n|turn|5\n|\n|t:|1775831630\n|move|p1b: Calyrex|Protect||[still]\n|-fail|p1b: Calyrex\n|move|p2a: Dragonite|Extreme Speed|p1b: Calyrex\n|-damage|p1b: Calyrex|54/100\n|move|p2b: Chien-Pao|Icicle Crash|p1a: Misdreavus\n|-damage|p1a: Misdreavus|45/100\n|move|p1a: Misdreavus|Icy Wind|p2b: Chien-Pao|[spread] p2a,p2b\n|-resisted|p2b: Chien-Pao\n|-damage|p2a: Dragonite|0 fnt\n|-damage|p2b: Chien-Pao|97/100\n|-unboost|p2b: Chien-Pao|spe|1\n|faint|p2a: Dragonite\n|\n|-fieldend|move: Electric Terrain\n|upkeep\n|\n|t:|1775831641\n|switch|p2a: Zamazenta|Zamazenta-Crowned, L50, shiny|100/100\n|-ability|p2a: Zamazenta|Dauntless Shield|boost\n|-boost|p2a: Zamazenta|def|1\n|turn|6\n|\n|t:|1775831666\n|move|p1b: Calyrex|Protect|p1b: Calyrex\n|-singleturn|p1b: Calyrex|Protect\n|move|p2b: Chien-Pao|Sucker Punch||[still]\n|-fail|p2b: Chien-Pao\n|move|p2a: Zamazenta|Behemoth Bash|p1a: Misdreavus\n|-damage|p1a: Misdreavus|0 fnt\n|faint|p1a: Misdreavus\n|\n|upkeep\n|\n|t:|1775831674\n|switch|p1a: Miraidon|Miraidon, L50|100/100\n|-fieldstart|move: Electric Terrain|[from] ability: Hadron Engine|[of] p1a: Miraidon\n|turn|7\n|\n|t:|1775831697\n|move|p2b: Chien-Pao|Sucker Punch|p1a: Miraidon\n|-damage|p1a: Miraidon|55/100\n|move|p1a: Miraidon|Electro Drift|p2b: Chien-Pao\n|-damage|p2b: Chien-Pao|0 fnt\n|faint|p2b: Chien-Pao\n|move|p2a: Zamazenta|Body Press|p1a: Miraidon\n|-damage|p1a: Miraidon|0 fnt\n|faint|p1a: Miraidon\n|move|p1b: Calyrex|High Horsepower|p2a: Zamazenta\n|-supereffective|p2a: Zamazenta\n|-damage|p2a: Zamazenta|75/100\n|\n|upkeep\n|turn|8\n|-message|fyssqzh forfeited.\n|\n|win|xiaoliyunVGC\n|raw|fyssqzh's rating: 1388 &rarr; <strong>1375</strong><br />(-13 for losing)\n|raw|xiaoliyunVGC's rating: 1516 &rarr; <strong>1529</strong><br />(+13 for winning)\n|l|\u2606fyssqzh\n|player|p1|\n|l|\u2606xiaoliyunVGC\n|player|p2|\n","uploadtime":1775831876,"views":13,"formatid":"gen9vgc2026regi","rating":1375,"private":0,"password":null}