{"id":"gen9vgc2026regi-2555993303","format":"[Gen 9] VGC 2026 Reg I","players":["buggybrain","roadkill01"],"log":"|j|\u2606buggybrain\n|j|\u2606roadkill01\n|t:|1773158500\n|gametype|doubles\n|player|p1|buggybrain|hiker-gen4|1425\n|player|p2|roadkill01|1|1451\n|gen|9\n|tier|[Gen 9] VGC 2026 Reg I\n|rated|\n|rule|Species Clause: Limit one of each Pok\u00e9mon\n|rule|Item Clause: Limit 1 of each item\n|clearpoke\n|poke|p1|Rillaboom, L50, M|\n|poke|p1|Incineroar, L50, M|\n|poke|p1|Calyrex-Ice, L50|\n|poke|p1|Landorus, L50, M|\n|poke|p1|Koraidon, L50|\n|poke|p1|Smeargle, L50, M|\n|poke|p2|Lunala, L50|\n|poke|p2|Groudon, L50|\n|poke|p2|Whimsicott, L50, M|\n|poke|p2|Raging Bolt, L50|\n|poke|p2|Entei, L50|\n|poke|p2|Ditto, L50|\n|teampreview|4\n|inactive|Battle timer is ON: inactive players will automatically lose when time's up. (requested by buggybrain)\n|inactive|roadkill01 has 60 seconds left.\n|inactive|roadkill01 has 30 seconds left.\n|inactive|roadkill01 has 20 seconds left.\n|inactive|roadkill01 has 15 seconds left.\n|inactive|roadkill01 has 10 seconds left.\n|\n|t:|1773158615\n|teamsize|p1|4\n|teamsize|p2|4\n|start\n|switch|p1a: Calyrex|Calyrex-Ice, L50|100/100\n|switch|p1b: Smeargle|Smeargle, L50, M|100/100\n|switch|p2a: Lunala|Lunala, L50, shiny|100/100\n|switch|p2b: Whimsicott|Whimsicott, L50, M, shiny|100/100\n|-ability|p1a: Calyrex|As One\n|-ability|p1a: Calyrex|Unnerve\n|turn|1\n|\n|t:|1773158628\n|-terastallize|p1a: Calyrex|Fairy\n|move|p2b: Whimsicott|Endeavor|p1a: Calyrex\n|-damage|p1a: Calyrex|58/100\n|move|p2a: Lunala|Moongeist Beam|p1a: Calyrex\n|-damage|p1a: Calyrex|9/100\n|move|p1b: Smeargle|Ruination|p2a: Lunala|[miss]\n|-miss|p1b: Smeargle|p2a: Lunala\n|move|p1a: Calyrex|Glacial Lance|p2b: Whimsicott|[spread] p2a,p2b\n|-supereffective|p2b: Whimsicott\n|-damage|p2a: Lunala|74/100\n|-enditem|p2b: Whimsicott|Focus Sash\n|-damage|p2b: Whimsicott|1/100\n|\n|-heal|p1a: Calyrex|15/100|[from] item: Leftovers\n|-ability|p1b: Smeargle|Moody|boost\n|-boost|p1b: Smeargle|atk|2\n|-unboost|p1b: Smeargle|def|1\n|upkeep\n|turn|2\n|inactive|buggybrain has 30 seconds left.\n|inactive|roadkill01 has 30 seconds left.\n|\n|t:|1773158657\n|move|p1b: Smeargle|Follow Me|p1b: Smeargle\n|-singleturn|p1b: Smeargle|move: Follow Me\n|move|p2b: Whimsicott|Encore|p1b: Smeargle\n|-start|p1b: Smeargle|Encore\n|move|p2a: Lunala|Moongeist Beam|p1b: Smeargle\n|-immune|p1b: Smeargle\n|move|p1a: Calyrex|Leech Seed|p2a: Lunala\n|-start|p2a: Lunala|move: Leech Seed\n|\n|-heal|p1a: Calyrex|20/100|[from] item: Leftovers\n|-damage|p2a: Lunala|62/100|[from] Leech Seed|[of] p1a: Calyrex\n|-heal|p1a: Calyrex|33/100|[silent]\n|-ability|p1b: Smeargle|Moody|boost\n|-boost|p1b: Smeargle|atk|2\n|-unboost|p1b: Smeargle|spd|1\n|upkeep\n|turn|3\n|\n|t:|1773158678\n|move|p1b: Smeargle|Follow Me|p1b: Smeargle\n|-singleturn|p1b: Smeargle|move: Follow Me\n|move|p2b: Whimsicott|Moonblast|p1b: Smeargle\n|-enditem|p1b: Smeargle|Focus Sash\n|-damage|p1b: Smeargle|1/100\n|move|p2a: Lunala|Moongeist Beam|p1b: Smeargle\n|-immune|p1b: Smeargle\n|move|p1a: Calyrex|Glacial Lance|p2a: Lunala|[spread] p2a,p2b\n|-supereffective|p2b: Whimsicott\n|-damage|p2a: Lunala|13/100\n|-damage|p2b: Whimsicott|0 fnt\n|faint|p2b: Whimsicott\n|-ability|p1a: Calyrex|Chilling Neigh|boost\n|-boost|p1a: Calyrex|atk|1\n|\n|-heal|p1a: Calyrex|39/100|[from] item: Leftovers\n|-damage|p2a: Lunala|0 fnt|[from] Leech Seed|[of] p1a: Calyrex\n|-heal|p1a: Calyrex|51/100|[silent]\n|faint|p2a: Lunala\n|-ability|p1b: Smeargle|Moody|boost\n|-boost|p1b: Smeargle|spd|2\n|-unboost|p1b: Smeargle|spe|1\n|upkeep\n|\n|t:|1773158684\n|switch|p2b: imubutbetter|Ditto, L50, shiny|100/100\n|switch|p2a: Groudon|Groudon, L50|100/100\n|-weather|SunnyDay|[from] ability: Drought|[of] p2a: Groudon\n|-transform|p2b: imubutbetter|p1a: Calyrex|[from] ability: Imposter\n|-ability|p2b: imubutbetter|As One\n|-ability|p2b: imubutbetter|Unnerve\n|-start|p2b: imubutbetter|typechange|Psychic/Ice|[silent]\n|turn|4\n|inactive|buggybrain has 30 seconds left.\n|inactive|roadkill01 has 30 seconds left.\n|inactive|roadkill01 has 20 seconds left.\n|\n|t:|1773158721\n|-terastallize|p2a: Groudon|Fire\n|move|p1a: Calyrex|Protect|p1a: Calyrex\n|-singleturn|p1a: Calyrex|Protect\n|move|p1b: Smeargle|Follow Me|p1b: Smeargle\n|-singleturn|p1b: Smeargle|move: Follow Me\n|move|p2a: Groudon|High Horsepower|p1b: Smeargle\n|-damage|p1b: Smeargle|0 fnt\n|faint|p1b: Smeargle\n|move|p2b: imubutbetter|Glacial Lance|p1a: Calyrex\n|-activate|p1a: Calyrex|move: Protect\n|\n|-weather|SunnyDay|[upkeep]\n|-heal|p1a: Calyrex|57/100|[from] item: Leftovers\n|upkeep\n|\n|t:|1773158734\n|switch|p1b: Incineroar|Incineroar, L50, M|100/100\n|-ability|p1b: Incineroar|Intimidate|boost\n|-unboost|p2a: Groudon|atk|1\n|-unboost|p2b: imubutbetter|atk|1\n|turn|5\n|\n|t:|1773158741\n|move|p1b: Incineroar|Fake Out|p2a: Groudon\n|-damage|p2a: Groudon|94/100\n|move|p2a: Groudon|Precipice Blades|p1b: Incineroar|[spread] p1b\n|-miss|p2a: Groudon|p1a: Calyrex\n|-supereffective|p1b: Incineroar\n|-damage|p1b: Incineroar|41/100\n|move|p2b: imubutbetter|Glacial Lance|p1a: Calyrex|[spread] p1a,p1b\n|-resisted|p1b: Incineroar\n|-damage|p1a: Calyrex|26/100\n|-damage|p1b: Incineroar|21/100\n|move|p1a: Calyrex|Leech Seed|p2b: imubutbetter\n|-start|p2b: imubutbetter|move: Leech Seed\n|\n|-weather|SunnyDay|[upkeep]\n|-heal|p1a: Calyrex|32/100|[from] item: Leftovers\n|-damage|p2b: imubutbetter|88/100|[from] Leech Seed|[of] p1a: Calyrex\n|-heal|p1a: Calyrex|41/100|[silent]\n|upkeep\n|turn|6\n|inactive|buggybrain has 30 seconds left.\n|inactive|buggybrain has 20 seconds left.\n|inactive|buggybrain has 15 seconds left.\n|inactive|buggybrain has 10 seconds left.\n|\n|t:|1773158790\n|move|p1a: Calyrex|Protect|p1a: Calyrex\n|-singleturn|p1a: Calyrex|Protect\n|move|p2a: Groudon|Precipice Blades|p1b: Incineroar|[spread] p1b\n|-activate|p1a: Calyrex|move: Protect\n|-supereffective|p1b: Incineroar\n|-damage|p1b: Incineroar|0 fnt\n|faint|p1b: Incineroar\n|move|p2b: imubutbetter|Glacial Lance|p1a: Calyrex\n|-activate|p1a: Calyrex|move: Protect\n|\n|-weather|SunnyDay|[upkeep]\n|-heal|p1a: Calyrex|47/100|[from] item: Leftovers\n|-damage|p2b: imubutbetter|76/100|[from] Leech Seed|[of] p1a: Calyrex\n|-heal|p1a: Calyrex|56/100|[silent]\n|upkeep\n|\n|t:|1773158795\n|switch|p1b: Koraidon|Koraidon, L50|100/100\n|-activate|p1b: Koraidon|ability: Orichalcum Pulse\n|turn|7\n|\n|t:|1773158802\n|move|p1b: Koraidon|Flare Blitz|p2b: imubutbetter\n|-supereffective|p2b: imubutbetter\n|-damage|p2b: imubutbetter|0 fnt\n|faint|p2b: imubutbetter\n|-damage|p1b: Koraidon|79/100|[from] Recoil\n|move|p2a: Groudon|Precipice Blades|p1b: Koraidon|[spread] p1a,p1b\n|-damage|p1a: Calyrex|35/100\n|-damage|p1b: Koraidon|45/100\n|move|p1a: Calyrex|Leech Seed|p2a: Groudon\n|-start|p2a: Groudon|move: Leech Seed\n|\n|-weather|SunnyDay|[upkeep]\n|-heal|p1a: Calyrex|41/100|[from] item: Leftovers\n|-damage|p2a: Groudon|81/100|[from] Leech Seed|[of] p1a: Calyrex\n|-heal|p1a: Calyrex|53/100|[silent]\n|upkeep\n|turn|8\n|-message|roadkill01 forfeited.\n|\n|win|buggybrain\n|raw|buggybrain's rating: 1425 &rarr; <strong>1446</strong><br />(+21 for winning)\n|raw|roadkill01's rating: 1451 &rarr; <strong>1430</strong><br />(-21 for losing)\n|l|\u2606roadkill01\n|player|p2|\n|l|\u2606buggybrain\n|player|p1|\n","uploadtime":1773158969,"views":20,"formatid":"gen9vgc2026regi","rating":1430,"private":0,"password":null}