{"id":"gen9vgc2026regi-2523265784","format":"[Gen 9] VGC 2026 Reg I","players":["kojimuranishi","echinacea0109"],"log":"|j|\u2606kojimuranishi\n|j|\u2606echinacea0109\n|t:|1769009555\n|gametype|doubles\n|player|p1|kojimuranishi|2|1570\n|player|p2|echinacea0109|dawn-gen4pt|1458\n|gen|9\n|tier|[Gen 9] VGC 2026 Reg I\n|rated|\n|rule|Species Clause: Limit one of each Pok\u00e9mon\n|rule|Item Clause: Limit 1 of each item\n|clearpoke\n|poke|p1|Zamazenta-*, L50|\n|poke|p1|Lunala, L50|\n|poke|p1|Chien-Pao, L50|\n|poke|p1|Dragonite, L50, M|\n|poke|p1|Landorus, L50, M|\n|poke|p1|Urshifu-*, L50, F|\n|poke|p2|Ting-Lu, L50|\n|poke|p2|Calyrex-Ice, L50|\n|poke|p2|Sneasler, L50, M|\n|poke|p2|Miraidon, L50|\n|poke|p2|Incineroar, L50, F|\n|poke|p2|Ogerpon-Wellspring, L50, F|\n|teampreview|4\n|inactive|Battle timer is ON: inactive players will automatically lose when time's up. (requested by echinacea0109)\n|\n|t:|1769009579\n|teamsize|p1|4\n|teamsize|p2|4\n|start\n|switch|p1a: Urshifu|Urshifu-Rapid-Strike, L50, F|100/100\n|switch|p1b: Landorus|Landorus, L50, M|100/100\n|switch|p2a: Miraidon|Miraidon, L50|100/100\n|switch|p2b: Sneasler|Sneasler, L50, M|100/100\n|-fieldstart|move: Electric Terrain|[from] ability: Hadron Engine|[of] p2a: Miraidon\n|-enditem|p2b: Sneasler|Electric Seed\n|-boost|p2b: Sneasler|def|1|[from] item: Electric Seed\n|turn|1\n|\n|t:|1769009599\n|move|p2a: Miraidon|Draco Meteor|p1b: Landorus|[miss]\n|-miss|p2a: Miraidon|p1b: Landorus\n|move|p2b: Sneasler|Toxic Spikes|p1a: Urshifu\n|-sidestart|p1: kojimuranishi|move: Toxic Spikes\n|move|p1b: Landorus|Sandsear Storm|p2a: Miraidon|[spread] \n|-miss|p1b: Landorus|p2a: Miraidon\n|-miss|p1b: Landorus|p2b: Sneasler\n|move|p1a: Urshifu|Surging Strikes|p2b: Sneasler\n|-crit|p2b: Sneasler\n|-damage|p2b: Sneasler|79/100\n|-crit|p2b: Sneasler\n|-damage|p2b: Sneasler|58/100\n|-crit|p2b: Sneasler\n|-damage|p2b: Sneasler|38/100\n|-hitcount|p2b: Sneasler|3\n|\n|upkeep\n|turn|2\n|inactive|kojimuranishi has 30 seconds left.\n|inactive|echinacea0109 has 30 seconds left.\n|inactive|echinacea0109 has 20 seconds left.\n|\n|t:|1769009636\n|switch|p1b: Zamazenta|Zamazenta-Crowned, L50|100/100\n|-ability|p1b: Zamazenta|Dauntless Shield|boost\n|-boost|p1b: Zamazenta|def|1\n|move|p2a: Miraidon|Draco Meteor|p1a: Urshifu\n|-enditem|p1a: Urshifu|Focus Sash\n|-damage|p1a: Urshifu|1/100\n|-unboost|p2a: Miraidon|spa|2\n|move|p2b: Sneasler|Dire Claw|p1a: Urshifu\n|-crit|p1a: Urshifu\n|-damage|p1a: Urshifu|0 fnt\n|faint|p1a: Urshifu\n|\n|upkeep\n|\n|t:|1769009650\n|switch|p1a: Landorus|Landorus, L50, M|100/100\n|turn|3\n|\n|t:|1769009656\n|switch|p2a: Calyrex|Calyrex-Ice, L50|100/100\n|-ability|p2a: Calyrex|As One\n|-ability|p2a: Calyrex|Unnerve\n|move|p2b: Sneasler|Coaching|p2a: Calyrex\n|-boost|p2a: Calyrex|atk|1\n|-boost|p2a: Calyrex|def|1\n|move|p1a: Landorus|Sandsear Storm|p2b: Sneasler|[spread] p2a,p2b\n|-supereffective|p2b: Sneasler\n|-damage|p2a: Calyrex|67/100\n|-damage|p2b: Sneasler|0 fnt\n|faint|p2b: Sneasler\n|move|p1b: Zamazenta|Iron Defense|p1b: Zamazenta\n|-boost|p1b: Zamazenta|def|2\n|\n|-heal|p2a: Calyrex|73/100|[from] item: Leftovers\n|upkeep\n|\n|t:|1769009662\n|switch|p2b: Incineroar|Incineroar, L50, F|100/100\n|-ability|p2b: Incineroar|Intimidate|boost\n|-unboost|p1a: Landorus|atk|1\n|-unboost|p1b: Zamazenta|atk|1\n|turn|4\n|\n|t:|1769009682\n|-terastallize|p1a: Landorus|Water\n|move|p2b: Incineroar|Fake Out|p1a: Landorus\n|-damage|p1a: Landorus|89/100\n|cant|p1a: Landorus|flinch\n|move|p1b: Zamazenta|Body Press|p2a: Calyrex\n|-damage|p2a: Calyrex|36/100\n|move|p2a: Calyrex|Trick Room|p2a: Calyrex\n|-fieldstart|move: Trick Room|[of] p2a: Calyrex\n|\n|-heal|p2a: Calyrex|42/100|[from] item: Leftovers\n|upkeep\n|turn|5\n|inactive|echinacea0109 has 30 seconds left.\n|\n|t:|1769009716\n|-terastallize|p2b: Incineroar|Ghost\n|move|p2a: Calyrex|Protect|p2a: Calyrex\n|-singleturn|p2a: Calyrex|Protect\n|move|p2b: Incineroar|Will-O-Wisp|p1b: Zamazenta\n|-status|p1b: Zamazenta|brn\n|move|p1b: Zamazenta|Body Press|p2a: Calyrex\n|-activate|p2a: Calyrex|move: Protect\n|move|p1a: Landorus|Sandsear Storm|p2b: Incineroar|[spread] p2b\n|-activate|p2a: Calyrex|move: Protect\n|-damage|p2b: Incineroar|54/100\n|\n|-heal|p2a: Calyrex|48/100|[from] item: Leftovers\n|-damage|p1b: Zamazenta|94/100 brn|[from] brn\n|-fieldend|move: Electric Terrain\n|upkeep\n|turn|6\n|\n|t:|1769009741\n|move|p2a: Calyrex|Leech Seed|p1b: Zamazenta\n|-start|p1b: Zamazenta|move: Leech Seed\n|move|p2b: Incineroar|Knock Off|p1a: Landorus\n|-damage|p1a: Landorus|47/100\n|-enditem|p1a: Landorus|Choice Scarf|[from] move: Knock Off|[of] p2b: Incineroar\n|move|p1b: Zamazenta|Behemoth Bash|p2b: Incineroar\n|-damage|p2b: Incineroar|44/100\n|-damage|p1b: Zamazenta|78/100 brn|[from] item: Rocky Helmet|[of] p2b: Incineroar\n|move|p1a: Landorus|Sandsear Storm|p2a: Calyrex|[spread] p2b\n|-miss|p1a: Landorus|p2a: Calyrex\n|-damage|p2b: Incineroar|0 fnt\n|faint|p2b: Incineroar\n|\n|-heal|p2a: Calyrex|54/100|[from] item: Leftovers\n|-damage|p1b: Zamazenta|66/100 brn|[from] Leech Seed|[of] p2a: Calyrex\n|-heal|p2a: Calyrex|65/100|[silent]\n|-damage|p1b: Zamazenta|60/100 brn|[from] brn\n|upkeep\n|\n|t:|1769009746\n|switch|p2b: Miraidon|Miraidon, L50|100/100\n|-fieldstart|move: Electric Terrain|[from] ability: Hadron Engine|[of] p2b: Miraidon\n|turn|7\n|inactive|kojimuranishi has 30 seconds left.\n|\n|t:|1769009775\n|move|p1b: Zamazenta|Wide Guard|p1b: Zamazenta\n|-singleturn|p1b: Zamazenta|Wide Guard\n|move|p2a: Calyrex|Glacial Lance|p1b: Zamazenta|[spread] \n|-activate|p1a: Landorus|move: Wide Guard\n|-activate|p1b: Zamazenta|move: Wide Guard\n|move|p1a: Landorus|Earth Power|p2b: Miraidon\n|-supereffective|p2b: Miraidon\n|-damage|p2b: Miraidon|0 fnt\n|faint|p2b: Miraidon\n|\n|-heal|p2a: Calyrex|71/100|[from] item: Leftovers\n|-damage|p1b: Zamazenta|48/100 brn|[from] Leech Seed|[of] p2a: Calyrex\n|-heal|p2a: Calyrex|83/100|[silent]\n|-damage|p1b: Zamazenta|42/100 brn|[from] brn\n|upkeep\n|turn|8\n|inactive|kojimuranishi has 30 seconds left.\n|\n|t:|1769009801\n|move|p2a: Calyrex|Glacial Lance|p1a: Landorus|[spread] p1a,p1b\n|-resisted|p1a: Landorus\n|-resisted|p1b: Zamazenta\n|-damage|p1a: Landorus|5/100\n|-damage|p1b: Zamazenta|34/100 brn\n|move|p1b: Zamazenta|Behemoth Bash|p2a: Calyrex\n|-supereffective|p2a: Calyrex\n|-damage|p2a: Calyrex|74/100\n|move|p1a: Landorus|Earth Power|p2a: Calyrex\n|-damage|p2a: Calyrex|33/100\n|\n|-heal|p2a: Calyrex|39/100|[from] item: Leftovers\n|-damage|p1b: Zamazenta|22/100 brn|[from] Leech Seed|[of] p2a: Calyrex\n|-heal|p2a: Calyrex|50/100|[silent]\n|-damage|p1b: Zamazenta|16/100 brn|[from] brn\n|-fieldend|move: Trick Room\n|upkeep\n|turn|9\n|\n|t:|1769009820\n|switch|p1b: Chien-Pao|Chien-Pao, L50|100/100\n|-status|p1b: Chien-Pao|psn\n|-ability|p1b: Chien-Pao|Sword of Ruin\n|move|p1a: Landorus|Earth Power|p2a: Calyrex\n|-damage|p2a: Calyrex|11/100\n|move|p2a: Calyrex|Trick Room|p2a: Calyrex\n|-fieldstart|move: Trick Room|[of] p2a: Calyrex\n|\n|-heal|p2a: Calyrex|17/100|[from] item: Leftovers\n|-damage|p1b: Chien-Pao|88/100 psn|[from] psn\n|upkeep\n|turn|10\n|\n|t:|1769009835\n|move|p2a: Calyrex|Protect|p2a: Calyrex\n|-singleturn|p2a: Calyrex|Protect\n|move|p1b: Chien-Pao|Sucker Punch||[still]\n|-fail|p1b: Chien-Pao\n|move|p1a: Landorus|Earth Power|p2a: Calyrex\n|-activate|p2a: Calyrex|move: Protect\n|\n|-heal|p2a: Calyrex|23/100|[from] item: Leftovers\n|-damage|p1b: Chien-Pao|76/100 psn|[from] psn\n|upkeep\n|turn|11\n|\n|t:|1769009848\n|move|p1b: Chien-Pao|Sucker Punch|p2a: Calyrex\n|-supereffective|p2a: Calyrex\n|-damage|p2a: Calyrex|0 fnt\n|faint|p2a: Calyrex\n|-damage|p1b: Chien-Pao|67/100 psn|[from] item: Life Orb\n|\n|win|kojimuranishi\n|raw|kojimuranishi's rating: 1570 &rarr; <strong>1584</strong><br />(+14 for winning)\n|raw|echinacea0109's rating: 1458 &rarr; <strong>1444</strong><br />(-14 for losing)\n|l|\u2606echinacea0109\n|player|p2|\n|l|\u2606kojimuranishi\n|player|p1|\n","uploadtime":1769010007,"views":18,"formatid":"gen9vgc2026regi","rating":1444,"private":0,"password":null}