{"id":"gen9vgc2026regi-2542287830","format":"[Gen 9] VGC 2026 Reg I","players":["alzombie","Schimmli"],"log":"|j|\u2606alzombie\n|j|\u2606Schimmli\n|t:|1771434926\n|gametype|doubles\n|player|p1|alzombie|101|1568\n|player|p2|Schimmli|102|1526\n|gen|9\n|tier|[Gen 9] VGC 2026 Reg I\n|rated|\n|rule|Species Clause: Limit one of each Pok\u00e9mon\n|rule|Item Clause: Limit 1 of each item\n|clearpoke\n|poke|p1|Lunala, L50|\n|poke|p1|Ursaluna, L50, M|\n|poke|p1|Urshifu-*, L50, F|\n|poke|p1|Miraidon, L50|\n|poke|p1|Grimmsnarl, L50, M|\n|poke|p1|Incineroar, L50, F|\n|poke|p2|Terapagos, L50, M|\n|poke|p2|Calyrex-Shadow, L50|\n|poke|p2|Flutter Mane, L50|\n|poke|p2|Ogerpon-Cornerstone, L50, F|\n|poke|p2|Incineroar, L50, F|\n|poke|p2|Rillaboom, L50, M|\n|teampreview|4\n|inactive|Battle timer is ON: inactive players will automatically lose when time's up. (requested by alzombie)\n|inactive|Schimmli has 60 seconds left.\n|\n|t:|1771435003\n|teamsize|p1|4\n|teamsize|p2|4\n|start\n|switch|p1a: Miraidon|Miraidon, L50|100/100\n|switch|p1b: Grimmsnarl|Grimmsnarl, L50, M|100/100\n|switch|p2a: Terapagos|Terapagos, L50, M|100/100\n|switch|p2b: Rillaboom|Rillaboom, L50, M|100/100\n|-activate|p2a: Terapagos|ability: Tera Shift\n|detailschange|p2a: Terapagos|Terapagos-Terastal, L50, M\n|-heal|p2a: Terapagos|100/100|[silent]\n|-fieldstart|move: Electric Terrain|[from] ability: Hadron Engine|[of] p1a: Miraidon\n|-fieldstart|move: Grassy Terrain|[from] ability: Grassy Surge|[of] p2b: Rillaboom\n|turn|1\n|\n|t:|1771435021\n|move|p2b: Rillaboom|Fake Out|p1b: Grimmsnarl\n|-damage|p1b: Grimmsnarl|88/100\n|cant|p1b: Grimmsnarl|flinch\n|move|p1a: Miraidon|Snarl|p2a: Terapagos|[spread] p2a,p2b\n|-activate|p2a: Terapagos|ability: Tera Shell\n|-resisted|p2a: Terapagos\n|-damage|p2a: Terapagos|94/100\n|-damage|p2b: Rillaboom|90/100\n|-unboost|p2a: Terapagos|spa|1\n|-unboost|p2b: Rillaboom|spa|1\n|move|p2a: Terapagos|Tera Starstorm|p1b: Grimmsnarl\n|-damage|p1b: Grimmsnarl|59/100\n|\n|-heal|p2a: Terapagos|99/100|[from] Grassy Terrain\n|-heal|p2a: Terapagos|100/100|[from] item: Leftovers\n|-heal|p2b: Rillaboom|96/100|[from] Grassy Terrain\n|-heal|p1b: Grimmsnarl|65/100|[from] Grassy Terrain\n|upkeep\n|turn|2\n|\n|t:|1771435042\n|move|p1b: Grimmsnarl|Light Screen|p1b: Grimmsnarl\n|-sidestart|p1: alzombie|move: Light Screen\n|move|p1a: Miraidon|Snarl|p2a: Terapagos|[spread] p2a,p2b\n|-activate|p2a: Terapagos|ability: Tera Shell\n|-resisted|p2a: Terapagos\n|-damage|p2a: Terapagos|94/100\n|-damage|p2b: Rillaboom|87/100\n|-unboost|p2a: Terapagos|spa|1\n|-unboost|p2b: Rillaboom|spa|1\n|move|p2a: Terapagos|Tera Starstorm|p1b: Grimmsnarl\n|-damage|p1b: Grimmsnarl|51/100\n|move|p2b: Rillaboom|Wood Hammer|p1b: Grimmsnarl\n|-damage|p1b: Grimmsnarl|0 fnt\n|faint|p1b: Grimmsnarl\n|-damage|p2b: Rillaboom|71/100|[from] Recoil\n|\n|-heal|p2a: Terapagos|100/100|[from] Grassy Terrain\n|-heal|p2b: Rillaboom|77/100|[from] Grassy Terrain\n|upkeep\n|j| lunala fairy ghost\n|\n|t:|1771435063\n|switch|p1b: Incineroar|Incineroar, L50, F|100/100\n|-ability|p1b: Incineroar|Intimidate|boost\n|-unboost|p2a: Terapagos|atk|1\n|-unboost|p2b: Rillaboom|atk|1\n|turn|3\n|\n|t:|1771435076\n|switch|p2a: Incineroar|Incineroar, L50, F, shiny|100/100\n|-ability|p2a: Incineroar|Intimidate|boost\n|-unboost|p1a: Miraidon|atk|1\n|-unboost|p1b: Incineroar|atk|1\n|move|p1a: Miraidon|Volt Switch|p2a: Incineroar\n|-damage|p2a: Incineroar|62/100\n|l| lunala fairy ghost\n|\n|t:|1771435085\n|switch|p1a: Lunala|Lunala, L50|100/100|[from] Volt Switch\n|move|p2b: Rillaboom|U-turn|p1a: Lunala\n|-damage|p1a: Lunala|95/100\n|\n|t:|1771435092\n|switch|p2b: Terapagos|Terapagos-Terastal, L50, M|100/100|[from] U-turn\n|move|p1b: Incineroar|Knock Off|p2a: Incineroar\n|-resisted|p2a: Incineroar\n|-damage|p2a: Incineroar|52/100\n|-damage|p1b: Incineroar|84/100|[from] item: Rocky Helmet|[of] p2a: Incineroar\n|-enditem|p2a: Incineroar|Rocky Helmet|[from] move: Knock Off|[of] p1b: Incineroar\n|\n|-heal|p1a: Lunala|100/100|[from] Grassy Terrain\n|-heal|p2a: Incineroar|58/100|[from] Grassy Terrain\n|-heal|p1b: Incineroar|90/100|[from] Grassy Terrain\n|upkeep\n|turn|4\n|\n|t:|1771435115\n|switch|p1a: Miraidon|Miraidon, L50|100/100\n|-fieldstart|move: Electric Terrain|[from] ability: Hadron Engine|[of] p1a: Miraidon\n|switch|p2a: Rillaboom|Rillaboom, L50, M|77/100\n|-fieldstart|move: Grassy Terrain|[from] ability: Grassy Surge|[of] p2a: Rillaboom\n|move|p2b: Terapagos|Calm Mind|p2b: Terapagos\n|-boost|p2b: Terapagos|spa|1\n|-boost|p2b: Terapagos|spd|1\n|move|p1b: Incineroar|Knock Off|p2b: Terapagos\n|-activate|p2b: Terapagos|ability: Tera Shell\n|-resisted|p2b: Terapagos\n|-crit|p2b: Terapagos\n|-damage|p2b: Terapagos|80/100\n|-enditem|p2b: Terapagos|Leftovers|[from] move: Knock Off|[of] p1b: Incineroar\n|\n|-heal|p2b: Terapagos|86/100|[from] Grassy Terrain\n|-heal|p2a: Rillaboom|83/100|[from] Grassy Terrain\n|-heal|p1b: Incineroar|96/100|[from] Grassy Terrain\n|upkeep\n|turn|5\n|\n|t:|1771435138\n|move|p2b: Terapagos|Protect|p2b: Terapagos\n|-singleturn|p2b: Terapagos|Protect\n|move|p1a: Miraidon|Volt Switch|p2b: Terapagos\n|-activate|p2b: Terapagos|move: Protect\n|move|p2a: Rillaboom|U-turn|p1a: Miraidon\n|-damage|p1a: Miraidon|81/100\n|\n|t:|1771435146\n|switch|p2a: Incineroar|Incineroar, L50, F, shiny|58/100|[from] U-turn\n|-ability|p2a: Incineroar|Intimidate|boost\n|-unboost|p1a: Miraidon|atk|1\n|-unboost|p1b: Incineroar|atk|1\n|move|p1b: Incineroar|Roar|p2b: Terapagos\n|drag|p2b: Rillaboom|Rillaboom, L50, M|83/100\n|\n|-heal|p1a: Miraidon|87/100|[from] Grassy Terrain\n|-heal|p2b: Rillaboom|88/100|[from] Grassy Terrain\n|-heal|p2a: Incineroar|64/100|[from] Grassy Terrain\n|-heal|p1b: Incineroar|100/100|[from] Grassy Terrain\n|upkeep\n|turn|6\n|\n|t:|1771435162\n|move|p1a: Miraidon|Volt Switch|p2a: Incineroar\n|-damage|p2a: Incineroar|27/100\n|\n|t:|1771435165\n|switch|p1a: Lunala|Lunala, L50|100/100|[from] Volt Switch\n|move|p2b: Rillaboom|U-turn|p1a: Lunala\n|-damage|p1a: Lunala|93/100\n|\n|t:|1771435170\n|switch|p2b: Terapagos|Terapagos-Terastal, L50, M|86/100|[from] U-turn\n|move|p2a: Incineroar|Knock Off|p1a: Lunala\n|-supereffective|p1a: Lunala\n|-crit|p1a: Lunala\n|-damage|p1a: Lunala|0 fnt\n|-enditem|p1a: Lunala|Electric Seed|[from] move: Knock Off|[of] p2a: Incineroar\n|faint|p1a: Lunala\n|move|p1b: Incineroar|Knock Off|p2b: Terapagos\n|-damage|p2b: Terapagos|77/100\n|\n|-heal|p2b: Terapagos|83/100|[from] Grassy Terrain\n|-heal|p2a: Incineroar|33/100|[from] Grassy Terrain\n|upkeep\n|\n|t:|1771435184\n|switch|p1a: Miraidon|Miraidon, L50|87/100\n|-fieldstart|move: Electric Terrain|[from] ability: Hadron Engine|[of] p1a: Miraidon\n|turn|7\n|\n|t:|1771435201\n|switch|p2a: Rillaboom|Rillaboom, L50, M|88/100\n|-fieldstart|move: Grassy Terrain|[from] ability: Grassy Surge|[of] p2a: Rillaboom\n|move|p1a: Miraidon|Electro Drift|p2a: Rillaboom\n|-resisted|p2a: Rillaboom\n|-damage|p2a: Rillaboom|72/100\n|move|p2b: Terapagos|Calm Mind|p2b: Terapagos\n|-boost|p2b: Terapagos|spa|1\n|-boost|p2b: Terapagos|spd|1\n|move|p1b: Incineroar|Will-O-Wisp|p2b: Terapagos\n|-status|p2b: Terapagos|brn\n|\n|-heal|p1a: Miraidon|93/100|[from] Grassy Terrain\n|-heal|p2b: Terapagos|90/100 brn|[from] Grassy Terrain\n|-heal|p2a: Rillaboom|78/100|[from] Grassy Terrain\n|-damage|p2b: Terapagos|83/100 brn|[from] brn\n|upkeep\n|turn|8\n|inactive|Schimmli has 30 seconds left.\n|\n|t:|1771435233\n|move|p2a: Rillaboom|Fake Out|p1b: Incineroar\n|-damage|p1b: Incineroar|92/100\n|-damage|p2a: Rillaboom|61/100|[from] item: Rocky Helmet|[of] p1b: Incineroar\n|move|p1a: Miraidon|Snarl|p2a: Rillaboom|[spread] p2a,p2b\n|-damage|p2a: Rillaboom|52/100\n|-damage|p2b: Terapagos|74/100 brn\n|-unboost|p2a: Rillaboom|spa|1\n|-unboost|p2b: Terapagos|spa|1\n|move|p2b: Terapagos|Calm Mind|p2b: Terapagos\n|-boost|p2b: Terapagos|spa|1\n|-boost|p2b: Terapagos|spd|1\n|cant|p1b: Incineroar|flinch\n|\n|-heal|p1a: Miraidon|99/100|[from] Grassy Terrain\n|-heal|p2b: Terapagos|80/100 brn|[from] Grassy Terrain\n|-heal|p2a: Rillaboom|58/100|[from] Grassy Terrain\n|-heal|p1b: Incineroar|98/100|[from] Grassy Terrain\n|-damage|p2b: Terapagos|74/100 brn|[from] brn\n|upkeep\n|turn|9\n|inactive|Schimmli has 30 seconds left.\n|\n|t:|1771435258\n|-terastallize|p2b: Terapagos|Stellar\n|detailschange|p2b: Terapagos|Terapagos-Stellar, L50, M, tera:Stellar\n|-heal|p2b: Terapagos|81/100 brn|[silent]\n|-ability|p2b: Terapagos|Teraform Zero\n|-fieldend|move: Grassy Terrain\n|move|p1a: Miraidon|Snarl|p2b: Terapagos|[spread] p2a,p2b\n|-damage|p2a: Rillaboom|47/100\n|-damage|p2b: Terapagos|76/100 brn\n|-unboost|p2a: Rillaboom|spa|1\n|-unboost|p2b: Terapagos|spa|1\n|move|p2b: Terapagos|Earth Power|p1b: Incineroar\n|-supereffective|p1b: Incineroar\n|-damage|p1b: Incineroar|58/100\n|move|p2a: Rillaboom|U-turn|p1b: Incineroar\n|-damage|p1b: Incineroar|44/100\n|-damage|p2a: Rillaboom|31/100|[from] item: Rocky Helmet|[of] p1b: Incineroar\n|\n|t:|1771435273\n|switch|p2a: Incineroar|Incineroar, L50, F, shiny|33/100|[from] U-turn\n|-ability|p2a: Incineroar|Intimidate|boost\n|-unboost|p1a: Miraidon|atk|1\n|-unboost|p1b: Incineroar|atk|1\n|move|p1b: Incineroar|Roar|p2b: Terapagos\n|drag|p2b: Calyrex|Calyrex-Shadow, L50|100/100\n|-ability|p2b: Calyrex|As One\n|-ability|p2b: Calyrex|Unnerve\n|\n|-sideend|p1: alzombie|move: Light Screen\n|upkeep\n|turn|10\n|\n|t:|1771435292\n|move|p2b: Calyrex|Protect|p2b: Calyrex\n|-singleturn|p2b: Calyrex|Protect\n|move|p1a: Miraidon|Snarl|p2a: Incineroar|[spread] p2a\n|-activate|p2b: Calyrex|move: Protect\n|-resisted|p2a: Incineroar\n|-damage|p2a: Incineroar|26/100\n|-unboost|p2a: Incineroar|spa|1\n|move|p2a: Incineroar|Knock Off|p1b: Incineroar\n|-resisted|p1b: Incineroar\n|-damage|p1b: Incineroar|31/100\n|-damage|p2a: Incineroar|9/100|[from] item: Rocky Helmet|[of] p1b: Incineroar\n|-enditem|p1b: Incineroar|Rocky Helmet|[from] move: Knock Off|[of] p2a: Incineroar\n|move|p1b: Incineroar|Will-O-Wisp|p2b: Calyrex\n|-activate|p2b: Calyrex|move: Protect\n|\n|upkeep\n|turn|11\n|inactive|alzombie has 30 seconds left.\n|\n|t:|1771435319\n|move|p2b: Calyrex|Disable|p1a: Miraidon\n|-start|p1a: Miraidon|Disable|Snarl\n|cant|p1a: Miraidon|Disable|Snarl\n|move|p2a: Incineroar|Knock Off|p1a: Miraidon\n|-damage|p1a: Miraidon|64/100\n|-enditem|p1a: Miraidon|Assault Vest|[from] move: Knock Off|[of] p2a: Incineroar\n|move|p1b: Incineroar|Knock Off|p2b: Calyrex\n|-supereffective|p2b: Calyrex\n|-damage|p2b: Calyrex|23/100\n|-enditem|p2b: Calyrex|Focus Sash|[from] move: Knock Off|[of] p1b: Incineroar\n|\n|upkeep\n|turn|12\n|\n|t:|1771435342\n|move|p2b: Calyrex|Astral Barrage|p1a: Miraidon|[spread] p1a,p1b\n|-resisted|p1b: Incineroar\n|-damage|p1a: Miraidon|22/100\n|-damage|p1b: Incineroar|6/100\n|move|p1a: Miraidon|Electro Drift|p2b: Calyrex\n|-damage|p2b: Calyrex|0 fnt\n|faint|p2b: Calyrex\n|move|p2a: Incineroar|Knock Off|p1b: Incineroar\n|-resisted|p1b: Incineroar\n|-damage|p1b: Incineroar|0 fnt\n|faint|p1b: Incineroar\n|\n|upkeep\n|-message|alzombie forfeited.\n|\n|win|Schimmli\n|raw|alzombie's rating: 1568 &rarr; <strong>1546</strong><br />(-22 for losing)\n|raw|Schimmli's rating: 1526 &rarr; <strong>1548</strong><br />(+22 for winning)\n|l|\u2606alzombie\n|player|p1|\n|l|\u2606Schimmli\n|player|p2|\n","uploadtime":1771435534,"views":42,"formatid":"gen9vgc2026regi","rating":1546,"private":0,"password":null}