{"id":"gen9vgc2026regi-2560680449","format":"[Gen 9] VGC 2026 Reg I","players":["AthenaStrive9","It'sJustKen VGC"],"log":"|j|\u2606AthenaStrive9\n|j|\u2606It'sJustKen VGC\n|t:|1773711810\n|gametype|doubles\n|player|p1|AthenaStrive9|nancy|\n|player|p2|It'sJustKen VGC|2|\n|gen|9\n|tier|[Gen 9] VGC 2026 Reg I\n|rated|Tournament battle\n|rule|Species Clause: Limit one of each Pok\u00e9mon\n|rule|Item Clause: Limit 1 of each item\n|raw|<div class=\"infobox\"><details class=\"readmore\" open><summary><strong>3 custom rules:</strong></summary> Open Team Sheets, Force Open Team Sheets, !Open Team Sheets</details></div>\n|clearpoke\n|poke|p1|Miraidon, L50|\n|poke|p1|Zamazenta-*, L50|\n|poke|p1|Volcarona, L50, M|\n|poke|p1|Tyranitar, L50, F|\n|poke|p1|Sinistcha-Masterpiece, L50|\n|poke|p1|Urshifu-*, L50, M|\n|poke|p2|Miraidon, L50|\n|poke|p2|Dragonite, L50, F|\n|poke|p2|Chien-Pao, L50|\n|poke|p2|Dondozo, L50, M|\n|poke|p2|Tatsugiri, L50, M|\n|poke|p2|Lunala, L50|\n|teampreview|4\n|showteam|p1|Miraidon||ChoiceScarf|HadronEngine|ElectroDrift,DracoMeteor,Snarl,VoltSwitch||||||50|,,,,,Electric]Zamazenta-Crowned||RustedShield|DauntlessShield|Protect,BodyPress,behemothbash,WideGuard||||||50|,,,,,Water]Volcarona||ElectricSeed|FlameBody|Protect,FieryDance,StruggleBug,QuiverDance|||M|||50|,,,,,Dragon]Tyranitar||AssaultVest|SandStream|KnockOff,FoulPlay,HighHorsepower,IcyWind|||F|||50|,,,,,Bug]Sinistcha-Masterpiece||FocusSash|Hospitality|Protect,MatchaGotcha,StrengthSap,RagePowder||||||50|,,,,,Fairy]Urshifu-Rapid-Strike||MysticWater|UnseenFist|Detect,SurgingStrikes,AquaJet,Taunt|||M|||50|,,,,,Water\n|showteam|p2|Miraidon||ChoiceSpecs|HadronEngine|ElectroDrift,VoltSwitch,DracoMeteor,DazzlingGleam||||||50|,,,,,Fairy]Dragonite||ChoiceBand|InnerFocus|ExtremeSpeed,Outrage,Earthquake,GigaImpact|||F|||50|,,,,,Normal]Chien-Pao||AssaultVest|SwordofRuin|Ruination,IcicleCrash,SuckerPunch,IcyWind||||||50|,,,,,Ghost]Dondozo||CovertCloak|Oblivious|Protect,WaveCrash,OrderUp,Earthquake|||M|||50|,,,,,Ground]Tatsugiri||ChoiceScarf|Commander|DracoMeteor,IcyWind,Surf,HydroPump|||M|||50|,,,,,Normal]Lunala||ElectricSeed|ShadowShield|MoongeistBeam,Psychic,Tailwind,WideGuard||||||50|,,,,,Water\n|j| JkShowdownguest\n|inactive|Battle timer is ON: inactive players will automatically lose when time's up. (requested by It'sJustKen VGC)\n|j| TimeforCHILLI\n|c|\u2606AthenaStrive9|hf :3\n|j| darkshelius\n|j| knoxxzeta\n|j| LanternComic\n|c|\u2606It'sJustKen VGC|u2\n|inactive|AthenaStrive9 has 60 seconds left.\n|inactive|It'sJustKen VGC has 60 seconds left.\n|\n|t:|1773711865\n|teamsize|p1|4\n|teamsize|p2|4\n|start\n|switch|p1a: Miraidon|Miraidon, L50, shiny|100/100\n|switch|p1b: Tyranitar|Tyranitar, L50, F|100/100\n|switch|p2a: Miraidon|Miraidon, L50|100/100\n|switch|p2b: Dondozo|Dondozo, L50, M|100/100\n|-fieldstart|move: Electric Terrain|[from] ability: Hadron Engine|[of] p1a: Miraidon\n|-activate|p2a: Miraidon|ability: Hadron Engine\n|-weather|Sandstorm|[from] ability: Sand Stream|[of] p1b: Tyranitar\n|turn|1\n|inactive|AthenaStrive9 has 30 seconds left.\n|inactive|AthenaStrive9 has 20 seconds left.\n|inactive|AthenaStrive9 has 15 seconds left.\n|\n|t:|1773711906\n|switch|p2a: Tatsugiri|Tatsugiri, L50, M|100/100\n|-activate|p2a: Tatsugiri|ability: Commander|[of] p2b: Dondozo\n|-boost|p2b: Dondozo|atk|2\n|-boost|p2b: Dondozo|spa|2\n|-boost|p2b: Dondozo|spe|2\n|-boost|p2b: Dondozo|def|2\n|-boost|p2b: Dondozo|spd|2\n|-terastallize|p2b: Dondozo|Ground\n|move|p1a: Miraidon|Volt Switch|p2a: Tatsugiri|[miss]\n|-miss|p1a: Miraidon|p2a: Tatsugiri\n|move|p2b: Dondozo|Earthquake|p1a: Miraidon|[spread] p1a,p1b\n|-miss|p2b: Dondozo|p2a: Tatsugiri\n|-supereffective|p1a: Miraidon\n|-supereffective|p1b: Tyranitar\n|-damage|p1a: Miraidon|0 fnt\n|-damage|p1b: Tyranitar|0 fnt\n|faint|p1a: Miraidon\n|faint|p1b: Tyranitar\n|\n|-weather|Sandstorm|[upkeep]\n|-damage|p2a: Tatsugiri|95/100|[from] Sandstorm\n|upkeep\n|c|\u2606AthenaStrive9|holy shit\n|c|\u2606AthenaStrive9|I did not see EQ on that\n|\n|t:|1773711917\n|switch|p1a: Zamazenta|Zamazenta-Crowned, L50, shiny|100/100\n|switch|p1b: Sinistcha|Sinistcha-Masterpiece, L50, shiny|100/100\n|-ability|p1a: Zamazenta|Dauntless Shield|boost\n|-boost|p1a: Zamazenta|def|1\n|turn|2\n|\n|t:|1773711926\n|move|p1a: Zamazenta|Protect|p1a: Zamazenta\n|-singleturn|p1a: Zamazenta|Protect\n|move|p2b: Dondozo|Earthquake|p1b: Sinistcha|[spread] p1b\n|-miss|p2b: Dondozo|p2a: Tatsugiri\n|-activate|p1a: Zamazenta|move: Protect\n|-resisted|p1b: Sinistcha\n|-damage|p1b: Sinistcha|77/100\n|move|p1b: Sinistcha|Strength Sap|p2b: Dondozo\n|-unboost|p2b: Dondozo|atk|1\n|-heal|p1b: Sinistcha|100/100\n|\n|-weather|Sandstorm|[upkeep]\n|-damage|p2a: Tatsugiri|89/100|[from] Sandstorm\n|-damage|p1b: Sinistcha|94/100|[from] Sandstorm\n|upkeep\n|turn|3\n|inactive|AthenaStrive9 has 30 seconds left.\n|\n|t:|1773711958\n|-terastallize|p1a: Zamazenta|Water\n|move|p2b: Dondozo|Order Up|p1b: Sinistcha\n|-damage|p1b: Sinistcha|68/100\n|-boost|p2b: Dondozo|atk|1\n|move|p1a: Zamazenta|Body Press|p2b: Dondozo\n|-damage|p2b: Dondozo|76/100\n|move|p1b: Sinistcha|Matcha Gotcha|p2a: Tatsugiri|[spread] \n|-miss|p1b: Sinistcha|p2a: Tatsugiri\n|-miss|p1b: Sinistcha|p2b: Dondozo\n|\n|-weather|Sandstorm|[upkeep]\n|-damage|p2a: Tatsugiri|84/100|[from] Sandstorm\n|-damage|p1a: Zamazenta|95/100|[from] Sandstorm\n|-damage|p1b: Sinistcha|62/100|[from] Sandstorm\n|upkeep\n|turn|4\n|\n|t:|1773711974\n|move|p1a: Zamazenta|Protect|p1a: Zamazenta\n|-singleturn|p1a: Zamazenta|Protect\n|move|p2b: Dondozo|Order Up|p1b: Sinistcha\n|-damage|p1b: Sinistcha|23/100\n|-boost|p2b: Dondozo|atk|1\n|move|p1b: Sinistcha|Strength Sap|p2b: Dondozo\n|-unboost|p2b: Dondozo|atk|1\n|-heal|p1b: Sinistcha|100/100\n|\n|-weather|Sandstorm|[upkeep]\n|-damage|p2a: Tatsugiri|78/100|[from] Sandstorm\n|-damage|p1a: Zamazenta|89/100|[from] Sandstorm\n|-damage|p1b: Sinistcha|94/100|[from] Sandstorm\n|upkeep\n|turn|5\n|j| hajimedajime86\n|l| hajimedajime86\n|\n|t:|1773711990\n|move|p2b: Dondozo|Order Up|p1b: Sinistcha\n|-damage|p1b: Sinistcha|57/100\n|-boost|p2b: Dondozo|atk|1\n|move|p1a: Zamazenta|Body Press|p2b: Dondozo\n|-damage|p2b: Dondozo|51/100\n|move|p1b: Sinistcha|Matcha Gotcha|p2a: Tatsugiri|[spread] p2b\n|-miss|p1b: Sinistcha|p2a: Tatsugiri\n|-supereffective|p2b: Dondozo\n|-damage|p2b: Dondozo|21/100\n|-heal|p1b: Sinistcha|76/100|[from] drain|[of] p2b: Dondozo\n|\n|-weather|none\n|-fieldend|move: Electric Terrain\n|upkeep\n|turn|6\n|l| knoxxzeta\n|\n|t:|1773712009\n|move|p1b: Sinistcha|Protect|p1b: Sinistcha\n|-singleturn|p1b: Sinistcha|Protect\n|move|p2b: Dondozo|Earthquake|p1a: Zamazenta|[spread] p1a\n|-miss|p2b: Dondozo|p2a: Tatsugiri\n|-activate|p1b: Sinistcha|move: Protect\n|-damage|p1a: Zamazenta|58/100\n|move|p1a: Zamazenta|Body Press|p2b: Dondozo\n|-damage|p2b: Dondozo|0 fnt\n|faint|p2b: Dondozo\n|\n|upkeep\n|\n|t:|1773712029\n|switch|p2b: Miraidon|Miraidon, L50|100/100\n|-fieldstart|move: Electric Terrain|[from] ability: Hadron Engine|[of] p2b: Miraidon\n|turn|7\n|j| Ducktile\n|\n|t:|1773712044\n|move|p1b: Sinistcha|Rage Powder|p1b: Sinistcha\n|-singleturn|p1b: Sinistcha|move: Rage Powder\n|move|p2a: Tatsugiri|Draco Meteor|p1b: Sinistcha\n|-damage|p1b: Sinistcha|3/100\n|-unboost|p2a: Tatsugiri|spa|2\n|move|p1a: Zamazenta|Body Press|p2b: Miraidon\n|-damage|p2b: Miraidon|36/100\n|move|p2b: Miraidon|Volt Switch|p1b: Sinistcha\n|-resisted|p1b: Sinistcha\n|-damage|p1b: Sinistcha|0 fnt\n|faint|p1b: Sinistcha\n|j| TG511\n|\n|t:|1773712058\n|switch|p2b: Lunala|Lunala, L50|100/100|[from] Volt Switch\n|-enditem|p2b: Lunala|Electric Seed\n|-boost|p2b: Lunala|def|1|[from] item: Electric Seed\n|\n|upkeep\n|turn|8\n|\n|t:|1773712068\n|move|p2a: Tatsugiri|Draco Meteor|p1a: Zamazenta\n|-damage|p1a: Zamazenta|32/100\n|-unboost|p2a: Tatsugiri|spa|2\n|move|p1a: Zamazenta|Behemoth Bash|p2b: Lunala\n|-damage|p2b: Lunala|90/100\n|move|p2b: Lunala|Tailwind|p2b: Lunala\n|-sidestart|p2: It'sJustKen VGC|move: Tailwind\n|\n|upkeep\n|turn|9\n|l| darkshelius\n|\n|t:|1773712077\n|move|p2a: Tatsugiri|Draco Meteor|p1a: Zamazenta\n|-damage|p1a: Zamazenta|17/100\n|-unboost|p2a: Tatsugiri|spa|2\n|move|p2b: Lunala|Moongeist Beam|p1a: Zamazenta\n|-damage|p1a: Zamazenta|0 fnt\n|faint|p1a: Zamazenta\n|\n|win|It'sJustKen VGC\n|n|\u2606AthenaStrive9|athenastrive9\n|n|\u2606It'sJustKen VGC|itsjustkenvgc\n|n| JkShowdownguest|jkshowdownguest\n|n| TimeforCHILLI|timeforchilli\n|n| LanternComic|lanterncomic\n|n| Ducktile|ducktile\n|n| TG511|tg511\n|c|\u2606AthenaStrive9|gg\n|l| LanternComic\n|c|\u2606It'sJustKen VGC|gg wp\n|l| Ducktile\n","uploadtime":1773712077,"views":12,"formatid":"gen9vgc2026regi","rating":null,"private":0,"password":null}