{"id":"gen9vgc2026regi-2523152429","format":"[Gen 9] VGC 2026 Reg I","players":["blackred123","StormRod"],"log":"|j|\u2606blackred123\n|j|\u2606StormRod\n|t:|1768995906\n|gametype|doubles\n|player|p1|blackred123|iono-masters|1255\n|player|p2|StormRod|169|1220\n|gen|9\n|tier|[Gen 9] VGC 2026 Reg I\n|rated|\n|rule|Species Clause: Limit one of each Pok\u00e9mon\n|rule|Item Clause: Limit 1 of each item\n|clearpoke\n|poke|p1|Zacian-*, L50|\n|poke|p1|Urshifu-*, L50, M|\n|poke|p1|Incineroar, L50, M|\n|poke|p1|Calyrex-Ice, L50|\n|poke|p1|Pelipper, L50, M|\n|poke|p1|Landorus, L50, M|\n|poke|p2|Calyrex-Shadow, L50|\n|poke|p2|Koraidon, L50|\n|poke|p2|Indeedee-F, L50, F|\n|poke|p2|Whimsicott, L50, F|\n|poke|p2|Walking Wake, L50|\n|poke|p2|Ursaluna-Bloodmoon, L50, M|\n|teampreview|4\n|inactive|Battle timer is ON: inactive players will automatically lose when time's up. (requested by StormRod)\n|inactive|blackred123 also wants the timer to be on.\n|inactive|blackred123 has 60 seconds left.\n|inactive|StormRod has 60 seconds left.\n|inactive|StormRod has 30 seconds left.\n|inactive|StormRod has 20 seconds left.\n|inactive|blackred123 has 30 seconds left.\n|\n|t:|1768995985\n|teamsize|p1|4\n|teamsize|p2|4\n|start\n|switch|p1a: \u9e7f\u51a0\u738b|Calyrex-Ice, L50|100/100\n|switch|p1b: \u629b\u5f00\u864e\u54e5\u54ee\u7a74|Incineroar, L50, M, shiny|100/100\n|switch|p2a: Indeedee|Indeedee-F, L50, F|100/100\n|switch|p2b: Koraidon|Koraidon, L50|100/100\n|-ability|p1a: \u9e7f\u51a0\u738b|As One\n|-ability|p1a: \u9e7f\u51a0\u738b|Unnerve\n|-weather|SunnyDay|[from] ability: Orichalcum Pulse|[of] p2b: Koraidon\n|-activate|p2b: Koraidon|Orichalcum Pulse|[source]\n|-ability|p1b: \u629b\u5f00\u864e\u54e5\u54ee\u7a74|Intimidate|boost\n|-unboost|p2a: Indeedee|atk|1\n|-unboost|p2b: Koraidon|atk|1\n|-fieldstart|move: Psychic Terrain|[from] ability: Psychic Surge|[of] p2a: Indeedee\n|turn|1\n|\n|t:|1768996003\n|switch|p1b: \u76d6\u9e25\u5361|Pelipper, L50, M, shiny|100/100\n|-weather|RainDance|[from] ability: Drizzle|[of] p1b: \u76d6\u9e25\u5361\n|-terastallize|p1a: \u9e7f\u51a0\u738b|Water\n|move|p2b: Koraidon|Collision Course|p1b: \u76d6\u9e25\u5361\n|-resisted|p1b: \u76d6\u9e25\u5361\n|-damage|p1b: \u76d6\u9e25\u5361|75/100\n|move|p2a: Indeedee|Reflect|p2a: Indeedee\n|-sidestart|p2: StormRod|Reflect\n|move|p1a: \u9e7f\u51a0\u738b|Glacial Lance|p2a: Indeedee|[spread] p2a,p2b\n|-supereffective|p2b: Koraidon\n|-damage|p2a: Indeedee|61/100\n|-damage|p2b: Koraidon|37/100\n|\n|-weather|RainDance|[upkeep]\n|upkeep\n|turn|2\n|inactive|blackred123 has 30 seconds left.\n|\n|t:|1768996033\n|switch|p2b: Walking Wake|Walking Wake, L50|100/100\n|-enditem|p2b: Walking Wake|Booster Energy\n|-activate|p2b: Walking Wake|ability: Protosynthesis|[fromitem]\n|-start|p2b: Walking Wake|protosynthesisspe\n|move|p1b: \u76d6\u9e25\u5361|Tailwind|p1b: \u76d6\u9e25\u5361\n|-sidestart|p1: blackred123|move: Tailwind\n|move|p1a: \u9e7f\u51a0\u738b|Glacial Lance|p2a: Indeedee|[spread] p2a,p2b\n|-damage|p2a: Indeedee|19/100\n|-damage|p2b: Walking Wake|65/100\n|move|p2a: Indeedee|Psychic|p1b: \u76d6\u9e25\u5361\n|-damage|p1b: \u76d6\u9e25\u5361|2/100\n|\n|-weather|RainDance|[upkeep]\n|upkeep\n|turn|3\n|inactive|StormRod has 30 seconds left.\n|inactive|StormRod has 20 seconds left.\n|\n|t:|1768996069\n|switch|p1b: \u629b\u5f00\u864e\u54e5\u54ee\u7a74|Incineroar, L50, M, shiny|100/100\n|-ability|p1b: \u629b\u5f00\u864e\u54e5\u54ee\u7a74|Intimidate|boost\n|-unboost|p2a: Indeedee|atk|1\n|-unboost|p2b: Walking Wake|atk|1\n|move|p2b: Walking Wake|Hydro Steam|p1b: \u629b\u5f00\u864e\u54e5\u54ee\u7a74\n|-supereffective|p1b: \u629b\u5f00\u864e\u54e5\u54ee\u7a74\n|-damage|p1b: \u629b\u5f00\u864e\u54e5\u54ee\u7a74|0 fnt\n|faint|p1b: \u629b\u5f00\u864e\u54e5\u54ee\u7a74\n|move|p1a: \u9e7f\u51a0\u738b|Glacial Lance|p2a: Indeedee|[spread] p2a,p2b\n|-damage|p2a: Indeedee|0 fnt\n|-damage|p2b: Walking Wake|26/100\n|faint|p2a: Indeedee\n|-ability|p1a: \u9e7f\u51a0\u738b|Chilling Neigh|boost\n|-boost|p1a: \u9e7f\u51a0\u738b|atk|1\n|\n|-weather|RainDance|[upkeep]\n|upkeep\n|\n|t:|1768996087\n|switch|p1b: \u9a82\u8c01\u542b\u5251|Zacian-Crowned, L50, shiny|100/100\n|switch|p2a: Koraidon|Koraidon, L50|37/100\n|-ability|p1b: \u9a82\u8c01\u542b\u5251|Intrepid Sword|boost\n|-boost|p1b: \u9a82\u8c01\u542b\u5251|atk|1\n|-weather|SunnyDay|[from] ability: Orichalcum Pulse|[of] p2a: Koraidon\n|-activate|p2a: Koraidon|Orichalcum Pulse|[source]\n|turn|4\n|inactive|StormRod has 30 seconds left.\n|inactive|StormRod has 20 seconds left.\n|\n|t:|1768996125\n|-terastallize|p2a: Koraidon|Fire\n|move|p2b: Walking Wake|Protect|p2b: Walking Wake\n|-singleturn|p2b: Walking Wake|Protect\n|move|p1b: \u9a82\u8c01\u542b\u5251|Play Rough|p2a: Koraidon\n|-resisted|p2a: Koraidon\n|-damage|p2a: Koraidon|16/100\n|move|p2a: Koraidon|Flare Blitz|p1b: \u9a82\u8c01\u542b\u5251\n|-supereffective|p1b: \u9a82\u8c01\u542b\u5251\n|-damage|p1b: \u9a82\u8c01\u542b\u5251|0 fnt\n|faint|p1b: \u9a82\u8c01\u542b\u5251\n|-damage|p2a: Koraidon|0 fnt|[from] Recoil\n|faint|p2a: Koraidon\n|move|p1a: \u9e7f\u51a0\u738b|Glacial Lance|p2b: Walking Wake\n|-activate|p2b: Walking Wake|move: Protect\n|\n|-weather|SunnyDay|[upkeep]\n|upkeep\n|\n|t:|1768996139\n|switch|p1b: \u76d6\u9e25\u5361|Pelipper, L50, M, shiny|2/100\n|switch|p2a: Calyrex|Calyrex-Shadow, L50|100/100\n|-ability|p2a: Calyrex|As One\n|-ability|p2a: Calyrex|Unnerve\n|-weather|RainDance|[from] ability: Drizzle|[of] p1b: \u76d6\u9e25\u5361\n|turn|5\n|\n|t:|1768996163\n|move|p1b: \u76d6\u9e25\u5361|Wide Guard|p1b: \u76d6\u9e25\u5361\n|-singleturn|p1b: \u76d6\u9e25\u5361|Wide Guard\n|move|p2b: Walking Wake|Draco Meteor|p1a: \u9e7f\u51a0\u738b\n|-damage|p1a: \u9e7f\u51a0\u738b|63/100\n|-unboost|p2b: Walking Wake|spa|2\n|move|p2a: Calyrex|Tera Blast|p1b: \u76d6\u9e25\u5361\n|-damage|p1b: \u76d6\u9e25\u5361|0 fnt\n|faint|p1b: \u76d6\u9e25\u5361\n|-ability|p2a: Calyrex|Grim Neigh|boost\n|-boost|p2a: Calyrex|spa|1\n|-damage|p2a: Calyrex|91/100|[from] item: Life Orb\n|move|p1a: \u9e7f\u51a0\u738b|Trick Room|p1a: \u9e7f\u51a0\u738b\n|-fieldstart|move: Trick Room|[of] p1a: \u9e7f\u51a0\u738b\n|\n|-weather|RainDance|[upkeep]\n|-heal|p1a: \u9e7f\u51a0\u738b|69/100|[from] item: Leftovers\n|-sideend|p2: StormRod|Reflect\n|-sideend|p1: blackred123|move: Tailwind\n|-fieldend|move: Psychic Terrain\n|upkeep\n|turn|6\n|inactive|StormRod has 30 seconds left.\n|\n|t:|1768996189\n|move|p1a: \u9e7f\u51a0\u738b|Glacial Lance|p2a: Calyrex|[spread] p2a,p2b\n|-damage|p2a: Calyrex|2/100\n|-damage|p2b: Walking Wake|0 fnt\n|faint|p2b: Walking Wake\n|-end|p2b: Walking Wake|Protosynthesis|[silent]\n|-ability|p1a: \u9e7f\u51a0\u738b|Chilling Neigh|boost\n|-boost|p1a: \u9e7f\u51a0\u738b|atk|1\n|move|p2a: Calyrex|Astral Barrage|p1a: \u9e7f\u51a0\u738b\n|-damage|p1a: \u9e7f\u51a0\u738b|0 fnt\n|faint|p1a: \u9e7f\u51a0\u738b\n|-damage|p2a: Calyrex|0 fnt|[from] item: Life Orb\n|faint|p2a: Calyrex\n|\n|win|StormRod\n|raw|blackred123's rating: 1255 &rarr; <strong>1227</strong><br />(-28 for losing)\n|raw|StormRod's rating: 1220 &rarr; <strong>1248</strong><br />(+28 for winning)\n|l|\u2606blackred123\n|player|p1|\n|l|\u2606StormRod\n|player|p2|\n","uploadtime":1768996440,"views":11,"formatid":"gen9vgc2026regi","rating":1227,"private":0,"password":null}