{"id":"gen9vgc2026regi-2578318774","format":"[Gen 9] VGC 2026 Reg I","players":["test-on-calls","datbishgames"],"log":"|j|\u2606test-on-calls\n|j|\u2606datbishgames\n|t:|1775668048\n|gametype|doubles\n|player|p1|test-on-calls|2|1428\n|player|p2|datbishgames|mira|1408\n|gen|9\n|tier|[Gen 9] VGC 2026 Reg I\n|rated|\n|rule|Species Clause: Limit one of each Pok\u00e9mon\n|rule|Item Clause: Limit 1 of each item\n|clearpoke\n|poke|p1|Solgaleo, L50|\n|poke|p1|Calyrex-Shadow, L50|\n|poke|p1|Landorus-Therian, L50, M|\n|poke|p1|Ogerpon-Wellspring, L50, F|\n|poke|p1|Grimmsnarl, L50, M|\n|poke|p1|Volcarona, L50, M|\n|poke|p2|Dialga-Origin, L50|\n|poke|p2|Ho-Oh, L50|\n|poke|p2|Rotom-Wash, L50|\n|poke|p2|Amoonguss, L50, M|\n|poke|p2|Ursaluna, L50, M|\n|poke|p2|Zoroark-Hisui, L50, M|\n|teampreview|4\n|inactive|Battle timer is ON: inactive players will automatically lose when time's up. (requested by datbishgames)\n|inactive|datbishgames has 60 seconds left.\n|\n|t:|1775668100\n|teamsize|p1|4\n|teamsize|p2|4\n|start\n|switch|p1a: Landorus|Landorus-Therian, L50, M, shiny|100/100\n|switch|p1b: Solgaleo|Solgaleo, L50, shiny|100/100\n|switch|p2a: Ho-Oh|Ho-Oh, L50|100/100\n|switch|p2b: Dialga|Dialga-Origin, L50|100/100\n|-ability|p1a: Landorus|Intimidate|boost\n|-unboost|p2a: Ho-Oh|atk|1\n|-unboost|p2b: Dialga|atk|1\n|turn|1\n|inactive|test-on-calls has 30 seconds left.\n|inactive|test-on-calls has 20 seconds left.\n|inactive|test-on-calls has 15 seconds left.\n|inactive|test-on-calls has 10 seconds left.\n|\n|t:|1775668146\n|-terastallize|p2a: Ho-Oh|Grass\n|move|p1b: Solgaleo|Protect|p1b: Solgaleo\n|-singleturn|p1b: Solgaleo|Protect\n|move|p1a: Landorus|U-turn|p2b: Dialga\n|-resisted|p2b: Dialga\n|-damage|p2b: Dialga|75/100\n|replace|p2b: Zoroark|Zoroark-Hisui, L50, M\n|-end|p2b: Zoroark|Illusion\n|\n|t:|1775668156\n|switch|p1a: Ogerpon|Ogerpon-Wellspring, L50, F|100/100|[from] U-turn\n|move|p2b: Zoroark|Hyper Voice|p1b: Solgaleo|[spread] p1a\n|-activate|p1b: Solgaleo|move: Protect\n|-damage|p1a: Ogerpon|65/100\n|move|p2a: Ho-Oh|Sacred Fire|p1b: Solgaleo\n|-activate|p1b: Solgaleo|move: Protect\n|\n|upkeep\n|turn|2\n|\n|t:|1775668173\n|move|p1a: Ogerpon|Follow Me|p1a: Ogerpon\n|-singleturn|p1a: Ogerpon|move: Follow Me\n|move|p2b: Zoroark|Bitter Malice|p1a: Ogerpon\n|-damage|p1a: Ogerpon|24/100\n|-unboost|p1a: Ogerpon|atk|1\n|move|p1b: Solgaleo|Sunsteel Strike|p2b: Zoroark\n|-damage|p2b: Zoroark|0 fnt\n|faint|p2b: Zoroark\n|move|p2a: Ho-Oh|Tailwind|p2a: Ho-Oh\n|-sidestart|p2: datbishgames|move: Tailwind\n|\n|upkeep\n|\n|t:|1775668190\n|switch|p2b: Ursaluna|Ursaluna, L50, M|100/100\n|turn|3\n|\n|t:|1775668198\n|move|p1a: Ogerpon|Spiky Shield|p1a: Ogerpon\n|-singleturn|p1a: Ogerpon|move: Protect\n|move|p1b: Solgaleo|Protect|p1b: Solgaleo\n|-singleturn|p1b: Solgaleo|Protect\n|move|p2a: Ho-Oh|Brave Bird|p1a: Ogerpon\n|-activate|p1a: Ogerpon|move: Protect\n|-damage|p2a: Ho-Oh|88/100|[from] Spiky Shield|[of] p1a: Ogerpon\n|move|p2b: Ursaluna|Swords Dance|p2b: Ursaluna\n|-boost|p2b: Ursaluna|atk|2\n|\n|-status|p2b: Ursaluna|brn|[from] item: Flame Orb\n|upkeep\n|turn|4\n|\n|t:|1775668213\n|switch|p1b: Landorus|Landorus-Therian, L50, M, shiny|100/100\n|-ability|p1b: Landorus|Intimidate|boost\n|-unboost|p2a: Ho-Oh|atk|1\n|-unboost|p2b: Ursaluna|atk|1\n|move|p2a: Ho-Oh|Sacred Fire|p1b: Landorus\n|-damage|p1b: Landorus|67/100\n|-status|p1b: Landorus|brn\n|move|p2b: Ursaluna|Earthquake|p1b: Landorus|[spread] p2a,p1a\n|-immune|p1b: Landorus\n|-resisted|p2a: Ho-Oh\n|-resisted|p1a: Ogerpon\n|-damage|p2a: Ho-Oh|53/100\n|-damage|p1a: Ogerpon|0 fnt\n|faint|p1a: Ogerpon\n|\n|-damage|p1b: Landorus|61/100 brn|[from] brn\n|-damage|p2b: Ursaluna|95/100 brn|[from] brn\n|upkeep\n|inactive|test-on-calls has 30 seconds left.\n|\n|t:|1775668245\n|switch|p1a: Solgaleo|Solgaleo, L50, shiny|100/100\n|turn|5\n|\n|t:|1775668260\n|move|p1a: Solgaleo|Protect|p1a: Solgaleo\n|-singleturn|p1a: Solgaleo|Protect\n|move|p1b: Landorus|Stomping Tantrum|p2b: Ursaluna\n|-damage|p2b: Ursaluna|80/100 brn\n|move|p2a: Ho-Oh|Sacred Fire|p1a: Solgaleo\n|-activate|p1a: Solgaleo|move: Protect\n|move|p2b: Ursaluna|Facade|p1b: Landorus\n|-damage|p1b: Landorus|0 fnt\n|faint|p1b: Landorus\n|\n|-damage|p2b: Ursaluna|74/100 brn|[from] brn\n|-sideend|p2: datbishgames|move: Tailwind\n|upkeep\n|\n|t:|1775668262\n|switch|p1b: Calyrex|Calyrex-Shadow, L50|100/100\n|-ability|p1b: Calyrex|As One\n|-ability|p1b: Calyrex|Unnerve\n|turn|6\n|\n|t:|1775668296\n|move|p1a: Solgaleo|Protect|p1a: Solgaleo\n|-singleturn|p1a: Solgaleo|Protect\n|move|p1b: Calyrex|Bulldoze|p2a: Ho-Oh|[spread] p2a,p2b\n|-activate|p1a: Solgaleo|move: Protect\n|-resisted|p2a: Ho-Oh\n|-damage|p2a: Ho-Oh|50/100\n|-damage|p2b: Ursaluna|67/100 brn\n|-unboost|p2b: Ursaluna|spe|1\n|move|p2a: Ho-Oh|Tailwind|p2a: Ho-Oh\n|-sidestart|p2: datbishgames|move: Tailwind\n|move|p2b: Ursaluna|Earthquake|p1b: Calyrex|[spread] p2a,p1b\n|-activate|p1a: Solgaleo|move: Protect\n|-resisted|p2a: Ho-Oh\n|-damage|p2a: Ho-Oh|19/100\n|-damage|p1b: Calyrex|12/100\n|\n|-damage|p2b: Ursaluna|61/100 brn|[from] brn\n|upkeep\n|turn|7\n|\n|t:|1775668314\n|move|p2a: Ho-Oh|Sacred Fire|p1a: Solgaleo\n|-supereffective|p1a: Solgaleo\n|-damage|p1a: Solgaleo|64/100\n|-enditem|p1a: Solgaleo|Weakness Policy\n|-boost|p1a: Solgaleo|atk|2|[from] item: Weakness Policy\n|-boost|p1a: Solgaleo|spa|2|[from] item: Weakness Policy\n|move|p1b: Calyrex|Astral Barrage|p2a: Ho-Oh|[spread] p2a\n|-immune|p2b: Ursaluna\n|-damage|p2a: Ho-Oh|0 fnt\n|faint|p2a: Ho-Oh\n|-ability|p1b: Calyrex|Grim Neigh|boost\n|-boost|p1b: Calyrex|spa|1\n|move|p1a: Solgaleo|Close Combat|p2b: Ursaluna\n|-supereffective|p2b: Ursaluna\n|-damage|p2b: Ursaluna|0 fnt\n|-unboost|p1a: Solgaleo|def|1\n|-unboost|p1a: Solgaleo|spd|1\n|faint|p2b: Ursaluna\n|\n|upkeep\n|\n|t:|1775668331\n|switch|p2b: Dialga|Dialga-Origin, L50|100/100\n|turn|8\n|\n|t:|1775668344\n|move|p1b: Calyrex|Astral Barrage|p2b: Dialga\n|-damage|p2b: Dialga|16/100\n|move|p1a: Solgaleo|Close Combat|p2b: Dialga\n|-supereffective|p2b: Dialga\n|-damage|p2b: Dialga|0 fnt\n|-unboost|p1a: Solgaleo|def|1\n|-unboost|p1a: Solgaleo|spd|1\n|faint|p2b: Dialga\n|\n|win|test-on-calls\n|raw|test-on-calls's rating: 1428 &rarr; <strong>1447</strong><br />(+19 for winning)\n|raw|datbishgames's rating: 1408 &rarr; <strong>1389</strong><br />(-19 for losing)\n|l|\u2606datbishgames\n|player|p2|\n|l|\u2606test-on-calls\n|player|p1|\n|j|\u2606test-on-calls\n|player|p1|test-on-calls|2|\n|l|\u2606test-on-calls\n|player|p1|\n","uploadtime":1775668555,"views":7,"formatid":"gen9vgc2026regi","rating":1389,"private":0,"password":null}