{"id":"gen9vgc2026regi-2544769343","format":"[Gen 9] VGC 2026 Reg I","players":["Uminohito","Bef6"],"log":"|j|\u2606Uminohito\n|j|\u2606Bef6\n|t:|1771755987\n|gametype|doubles\n|player|p1|Uminohito|266|1346\n|player|p2|Bef6|2|1572\n|gen|9\n|tier|[Gen 9] VGC 2026 Reg I\n|rated|\n|rule|Species Clause: Limit one of each Pok\u00e9mon\n|rule|Item Clause: Limit 1 of each item\n|clearpoke\n|poke|p1|Terapagos, L50, M|\n|poke|p1|Calyrex-Shadow, L50|\n|poke|p1|Rillaboom, L50, M|\n|poke|p1|Incineroar, L50, F|\n|poke|p1|Dragonite, L50, M|\n|poke|p1|Scream Tail, L50|\n|poke|p2|Ho-Oh, L50|\n|poke|p2|Koraidon, L50|\n|poke|p2|Flutter Mane, L50|\n|poke|p2|Incineroar, L50, M|\n|poke|p2|Raging Bolt, L50|\n|poke|p2|Rhydon, L50, F|\n|teampreview|4\n|\n|t:|1771756021\n|teamsize|p1|4\n|teamsize|p2|4\n|start\n|switch|p1a: Terapagos|Terapagos, L50, M|100/100\n|switch|p1b: Incineroar|Incineroar, L50, F|100/100\n|switch|p2a: Raging Bolt|Raging Bolt, L50|100/100\n|switch|p2b: Ho-Oh|Ho-Oh, L50|100/100\n|-activate|p1a: Terapagos|ability: Tera Shift\n|detailschange|p1a: Terapagos|Terapagos-Terastal, L50, M\n|-heal|p1a: Terapagos|100/100|[silent]\n|-ability|p1b: Incineroar|Intimidate|boost\n|-unboost|p2a: Raging Bolt|atk|1\n|-fail|p2b: Ho-Oh|unboost|[from] item: Clear Amulet|[of] p2b: Ho-Oh\n|turn|1\n|\n|t:|1771756054\n|move|p1b: Incineroar|Fake Out|p2a: Raging Bolt\n|-damage|p2a: Raging Bolt|93/100\n|move|p2b: Ho-Oh|Brave Bird|p1b: Incineroar\n|-damage|p1b: Incineroar|57/100\n|-damage|p2b: Ho-Oh|86/100|[from] Recoil\n|move|p1a: Terapagos|Calm Mind|p1a: Terapagos\n|-boost|p1a: Terapagos|spa|1\n|-boost|p1a: Terapagos|spd|1\n|cant|p2a: Raging Bolt|flinch\n|\n|upkeep\n|turn|2\n|\n|t:|1771756102\n|move|p2b: Ho-Oh|Sacred Fire|p1a: Terapagos\n|-activate|p1a: Terapagos|ability: Tera Shell\n|-resisted|p1a: Terapagos\n|-damage|p1a: Terapagos|83/100\n|-status|p1a: Terapagos|brn\n|move|p1a: Terapagos|Calm Mind|p1a: Terapagos\n|-boost|p1a: Terapagos|spa|1\n|-boost|p1a: Terapagos|spd|1\n|move|p2a: Raging Bolt|Draco Meteor|p1b: Incineroar\n|-damage|p1b: Incineroar|0 fnt\n|-unboost|p2a: Raging Bolt|spa|2\n|faint|p1b: Incineroar\n|\n|-heal|p1a: Terapagos|90/100 brn|[from] item: Leftovers\n|-damage|p1a: Terapagos|83/100 brn|[from] brn\n|upkeep\n|\n|t:|1771756117\n|switch|p1b: Calyrex|Calyrex-Shadow, L50|100/100\n|-ability|p1b: Calyrex|As One\n|-ability|p1b: Calyrex|Unnerve\n|turn|3\n|\n|t:|1771756152\n|move|p1b: Calyrex|Reflect|p1b: Calyrex\n|-sidestart|p1: Uminohito|Reflect\n|move|p2b: Ho-Oh|Tailwind|p2b: Ho-Oh\n|-sidestart|p2: Bef6|move: Tailwind\n|move|p2a: Raging Bolt|Snarl|p1a: Terapagos|[spread] p1a,p1b\n|-supereffective|p1b: Calyrex\n|-damage|p1a: Terapagos|80/100 brn\n|-damage|p1b: Calyrex|71/100\n|-unboost|p1a: Terapagos|spa|1\n|-unboost|p1b: Calyrex|spa|1\n|move|p1a: Terapagos|Tera Starstorm|p2b: Ho-Oh\n|-damage|p2b: Ho-Oh|39/100\n|\n|-heal|p1a: Terapagos|86/100 brn|[from] item: Leftovers\n|-damage|p1a: Terapagos|80/100 brn|[from] brn\n|upkeep\n|turn|4\n|\n|t:|1771756210\n|switch|p2b: Incineroar|Incineroar, L50, M|100/100\n|-ability|p2b: Incineroar|Intimidate|boost\n|-unboost|p1a: Terapagos|atk|1\n|-unboost|p1b: Calyrex|atk|1\n|switch|p1b: Scream Tail|Scream Tail, L50|100/100\n|-enditem|p1b: Scream Tail|Booster Energy\n|-activate|p1b: Scream Tail|ability: Protosynthesis|[fromitem]\n|-start|p1b: Scream Tail|protosynthesisspe\n|move|p2a: Raging Bolt|Snarl|p1b: Scream Tail|[spread] p1a,p1b\n|-damage|p1a: Terapagos|77/100 brn\n|-damage|p1b: Scream Tail|96/100\n|-unboost|p1a: Terapagos|spa|1\n|-unboost|p1b: Scream Tail|spa|1\n|move|p1a: Terapagos|Calm Mind|p1a: Terapagos\n|-boost|p1a: Terapagos|spa|1\n|-boost|p1a: Terapagos|spd|1\n|\n|-heal|p1a: Terapagos|83/100 brn|[from] item: Leftovers\n|-damage|p1a: Terapagos|77/100 brn|[from] brn\n|upkeep\n|turn|5\n|\n|t:|1771756251\n|-end|p2a: Raging Bolt|Protosynthesis|[silent]\n|switch|p2a: Ho-Oh|Ho-Oh, L50|73/100\n|move|p1b: Scream Tail|Disable||[still]\n|-fail|p1b: Scream Tail\n|move|p2b: Incineroar|Parting Shot|p1a: Terapagos\n|-unboost|p1a: Terapagos|atk|1\n|-unboost|p1a: Terapagos|spa|1\n|\n|t:|1771756259\n|switch|p2b: Koraidon|Koraidon, L50|100/100|[from] Parting Shot\n|-weather|SunnyDay|[from] ability: Orichalcum Pulse|[of] p2b: Koraidon\n|-activate|p2b: Koraidon|Orichalcum Pulse|[source]\n|move|p1a: Terapagos|Calm Mind|p1a: Terapagos\n|-boost|p1a: Terapagos|spa|1\n|-boost|p1a: Terapagos|spd|1\n|\n|-weather|SunnyDay|[upkeep]\n|-heal|p1a: Terapagos|83/100 brn|[from] item: Leftovers\n|-damage|p1a: Terapagos|77/100 brn|[from] brn\n|upkeep\n|turn|6\n|inactive|Battle timer is ON: inactive players will automatically lose when time's up. (requested by Bef6)\n|\n|t:|1771756347\n|switch|p2b: Raging Bolt|Raging Bolt, L50|93/100\n|-activate|p2b: Raging Bolt|ability: Protosynthesis\n|-start|p2b: Raging Bolt|protosynthesisspa\n|-terastallize|p1a: Terapagos|Stellar\n|detailschange|p1a: Terapagos|Terapagos-Stellar, L50, M, tera:Stellar\n|-heal|p1a: Terapagos|83/100 brn|[silent]\n|-ability|p1a: Terapagos|Teraform Zero\n|-weather|none\n|-end|p2b: Raging Bolt|Protosynthesis\n|move|p1b: Scream Tail|Protect|p1b: Scream Tail\n|-singleturn|p1b: Scream Tail|Protect\n|move|p2a: Ho-Oh|Sacred Fire|p1b: Scream Tail\n|-activate|p1b: Scream Tail|move: Protect\n|move|p1a: Terapagos|Tera Starstorm|p2a: Ho-Oh|[spread] p2a,p2b\n|-damage|p2a: Ho-Oh|42/100\n|-damage|p2b: Raging Bolt|68/100\n|\n|-heal|p1a: Terapagos|89/100 brn|[from] item: Leftovers\n|-damage|p1a: Terapagos|83/100 brn|[from] brn\n|-sideend|p2: Bef6|move: Tailwind\n|upkeep\n|turn|7\n|inactive|Uminohito has 30 seconds left.\n|inactive|Bef6 has 30 seconds left.\n|inactive|Uminohito has 20 seconds left.\n|inactive|Bef6 has 20 seconds left.\n|inactive|Uminohito has 15 seconds left.\n|inactive|Bef6 has 15 seconds left.\n|\n|t:|1771756391\n|move|p1b: Scream Tail|Encore|p2a: Ho-Oh\n|-start|p2a: Ho-Oh|Encore\n|move|p2a: Ho-Oh|Sacred Fire|p1a: Terapagos\n|-damage|p1a: Terapagos|66/100 brn\n|move|p1a: Terapagos|Calm Mind|p1a: Terapagos\n|-boost|p1a: Terapagos|spa|1\n|-boost|p1a: Terapagos|spd|1\n|move|p2b: Raging Bolt|Snarl|p1b: Scream Tail|[spread] p1a,p1b\n|-crit|p1a: Terapagos\n|-damage|p1a: Terapagos|53/100 brn\n|-damage|p1b: Scream Tail|85/100\n|-unboost|p1a: Terapagos|spa|1\n|-unboost|p1b: Scream Tail|spa|1\n|\n|-heal|p1a: Terapagos|60/100 brn|[from] item: Leftovers\n|-damage|p1a: Terapagos|53/100 brn|[from] brn\n|-sideend|p1: Uminohito|Reflect\n|upkeep\n|turn|8\n|inactive|Uminohito has 30 seconds left.\n|\n|t:|1771756421\n|switch|p2a: Incineroar|Incineroar, L50, M|100/100\n|-ability|p2a: Incineroar|Intimidate|boost\n|-unboost|p1a: Terapagos|atk|1\n|-unboost|p1b: Scream Tail|atk|1\n|move|p1a: Terapagos|Protect|p1a: Terapagos\n|-singleturn|p1a: Terapagos|Protect\n|move|p1b: Scream Tail|Disable||[still]\n|-fail|p1b: Scream Tail\n|move|p2b: Raging Bolt|Thunderbolt|p1b: Scream Tail\n|-damage|p1b: Scream Tail|52/100\n|\n|-heal|p1a: Terapagos|60/100 brn|[from] item: Leftovers\n|-damage|p1a: Terapagos|53/100 brn|[from] brn\n|upkeep\n|turn|9\n|\n|t:|1771756441\n|move|p1b: Scream Tail|Protect|p1b: Scream Tail\n|-singleturn|p1b: Scream Tail|Protect\n|move|p1a: Terapagos|Protect||[still]\n|-fail|p1a: Terapagos\n|move|p2b: Raging Bolt|Snarl|p1a: Terapagos|[spread] p1a\n|-activate|p1b: Scream Tail|move: Protect\n|-damage|p1a: Terapagos|51/100 brn\n|-unboost|p1a: Terapagos|spa|1\n|move|p2a: Incineroar|Knock Off|p1a: Terapagos\n|-damage|p1a: Terapagos|32/100 brn\n|-enditem|p1a: Terapagos|Leftovers|[from] move: Knock Off|[of] p2a: Incineroar\n|\n|-damage|p1a: Terapagos|25/100 brn|[from] brn\n|upkeep\n|turn|10\n|-message|Uminohito forfeited.\n|\n|win|Bef6\n|raw|Uminohito's rating: 1346 &rarr; <strong>1337</strong><br />(-9 for losing)\n|raw|Bef6's rating: 1572 &rarr; <strong>1581</strong><br />(+9 for winning)\n|l|\u2606Uminohito\n|player|p1|\n|l|\u2606Bef6\n|player|p2|\n","uploadtime":1771756608,"views":13,"formatid":"gen9vgc2026regi","rating":1337,"private":0,"password":null}