{"id":"gen9vgc2026regi-2567456957","format":"[Gen 9] VGC 2026 Reg I","players":["Bman311","tiedz"],"log":"|j|\u2606Bman311\n|j|\u2606tiedz\n|t:|1774477771\n|gametype|doubles\n|player|p1|Bman311|265|1368\n|player|p2|tiedz|hugh|1292\n|gen|9\n|tier|[Gen 9] VGC 2026 Reg I\n|rated|\n|rule|Species Clause: Limit one of each Pok\u00e9mon\n|rule|Item Clause: Limit 1 of each item\n|clearpoke\n|poke|p1|Calyrex-Shadow, L50|\n|poke|p1|Koraidon, L50|\n|poke|p1|Rillaboom, L50, M|\n|poke|p1|Incineroar, L50, M|\n|poke|p1|Volcarona, L50, F|\n|poke|p1|Regieleki, L50|\n|poke|p2|Miraidon, L50|\n|poke|p2|Sneasler, L50, F|\n|poke|p2|Koraidon, L50|\n|poke|p2|Typhlosion-Hisui, L50, F|\n|poke|p2|Flutter Mane, L50|\n|poke|p2|Whimsicott, L50, M|\n|teampreview|4\n|inactive|Battle timer is ON: inactive players will automatically lose when time's up. (requested by Bman311)\n|\n|t:|1774477791\n|teamsize|p1|4\n|teamsize|p2|4\n|start\n|switch|p1a: Incineroar|Incineroar, L50, M|100/100\n|switch|p1b: Koraidon|Koraidon, L50|100/100\n|switch|p2a: Typhlosion|Typhlosion-Hisui, L50, F|100/100\n|switch|p2b: Whimsicott|Whimsicott, L50, M|100/100\n|-weather|SunnyDay|[from] ability: Orichalcum Pulse|[of] p1b: Koraidon\n|-activate|p1b: Koraidon|Orichalcum Pulse|[source]\n|-ability|p1a: Incineroar|Intimidate|boost\n|-unboost|p2a: Typhlosion|atk|1\n|-unboost|p2b: Whimsicott|atk|1\n|turn|1\n|\n|t:|1774477810\n|-terastallize|p2a: Typhlosion|Fire\n|-terastallize|p1b: Koraidon|Fire\n|move|p2b: Whimsicott|Tailwind|p2b: Whimsicott\n|-sidestart|p2: tiedz|move: Tailwind\n|move|p2a: Typhlosion|Eruption|p1a: Incineroar|[spread] p1a,p1b\n|-resisted|p1a: Incineroar\n|-resisted|p1b: Koraidon\n|-damage|p1a: Incineroar|55/100\n|-damage|p1b: Koraidon|55/100\n|move|p1b: Koraidon|Flame Charge|p2b: Whimsicott\n|-supereffective|p2b: Whimsicott\n|-damage|p2b: Whimsicott|0 fnt\n|-boost|p1b: Koraidon|spe|1\n|faint|p2b: Whimsicott\n|move|p1a: Incineroar|Knock Off|p2a: Typhlosion\n|-damage|p2a: Typhlosion|41/100\n|-enditem|p2a: Typhlosion|Choice Scarf|[from] move: Knock Off|[of] p1a: Incineroar\n|\n|-weather|SunnyDay|[upkeep]\n|upkeep\n|\n|t:|1774477832\n|switch|p2b: Koraidon|Koraidon, L50|100/100\n|-activate|p2b: Koraidon|ability: Orichalcum Pulse\n|turn|2\n|\n|t:|1774477848\n|move|p2b: Koraidon|Close Combat|p1a: Incineroar\n|-supereffective|p1a: Incineroar\n|-damage|p1a: Incineroar|0 fnt\n|-unboost|p2b: Koraidon|def|1\n|-unboost|p2b: Koraidon|spd|1\n|faint|p1a: Incineroar\n|-damage|p2b: Koraidon|91/100|[from] item: Life Orb\n|move|p2a: Typhlosion|Shadow Ball|p1b: Koraidon\n|-damage|p1b: Koraidon|19/100\n|move|p1b: Koraidon|Flame Charge|p2a: Typhlosion\n|-resisted|p2a: Typhlosion\n|-damage|p2a: Typhlosion|0 fnt\n|-boost|p1b: Koraidon|spe|1\n|faint|p2a: Typhlosion\n|\n|-weather|SunnyDay|[upkeep]\n|upkeep\n|\n|t:|1774477859\n|switch|p2a: Flutter Mane|Flutter Mane, L50|100/100\n|switch|p1a: Rillaboom|Rillaboom, L50, M|100/100\n|-fieldstart|move: Grassy Terrain|[from] ability: Grassy Surge|[of] p1a: Rillaboom\n|-activate|p2a: Flutter Mane|ability: Protosynthesis\n|-start|p2a: Flutter Mane|protosynthesisspe\n|turn|3\n|inactive|tiedz has 30 seconds left.\n|inactive|tiedz has 20 seconds left.\n|\n|t:|1774477895\n|move|p1b: Koraidon|Protect|p1b: Koraidon\n|-singleturn|p1b: Koraidon|Protect\n|move|p2a: Flutter Mane|Shadow Ball|p1b: Koraidon\n|-activate|p1b: Koraidon|move: Protect\n|move|p2b: Koraidon|Flare Blitz|p1a: Rillaboom\n|-supereffective|p1a: Rillaboom\n|-damage|p1a: Rillaboom|0 fnt\n|faint|p1a: Rillaboom\n|-damage|p2b: Koraidon|53/100|[from] Recoil\n|-damage|p2b: Koraidon|44/100|[from] item: Life Orb\n|\n|-weather|SunnyDay|[upkeep]\n|-heal|p2b: Koraidon|50/100|[from] Grassy Terrain\n|-heal|p1b: Koraidon|25/100|[from] Grassy Terrain\n|upkeep\n|\n|t:|1774477901\n|switch|p1a: Calyrex|Calyrex-Shadow, L50|100/100\n|-ability|p1a: Calyrex|As One\n|-ability|p1a: Calyrex|Unnerve\n|turn|4\n|\n|t:|1774477912\n|move|p1b: Koraidon|Protect||[still]\n|-fail|p1b: Koraidon\n|move|p1a: Calyrex|Protect|p1a: Calyrex\n|-singleturn|p1a: Calyrex|Protect\n|move|p2a: Flutter Mane|Icy Wind|p1b: Koraidon|[spread] p1b\n|-activate|p1a: Calyrex|move: Protect\n|-resisted|p1b: Koraidon\n|-damage|p1b: Koraidon|19/100\n|move|p2b: Koraidon|Flare Blitz|p1a: Calyrex\n|-activate|p1a: Calyrex|move: Protect\n|\n|-weather|SunnyDay|[upkeep]\n|-heal|p2b: Koraidon|56/100|[from] Grassy Terrain\n|-heal|p1b: Koraidon|25/100|[from] Grassy Terrain\n|-sideend|p2: tiedz|move: Tailwind\n|upkeep\n|turn|5\n|inactive|tiedz has 30 seconds left.\n|inactive|tiedz has 20 seconds left.\n|inactive|tiedz has 15 seconds left.\n|inactive|tiedz has 10 seconds left.\n|\n|t:|1774477957\n|move|p2b: Koraidon|Protect|p2b: Koraidon\n|-singleturn|p2b: Koraidon|Protect\n|move|p1b: Koraidon|Flame Charge|p2a: Flutter Mane\n|-enditem|p2a: Flutter Mane|Focus Sash\n|-damage|p2a: Flutter Mane|1/100\n|-boost|p1b: Koraidon|spe|1\n|move|p2a: Flutter Mane|Shadow Ball|p1a: Calyrex\n|-supereffective|p1a: Calyrex\n|-damage|p1a: Calyrex|0 fnt\n|faint|p1a: Calyrex\n|\n|-weather|none\n|-end|p2a: Flutter Mane|Protosynthesis\n|-heal|p1b: Koraidon|30/100|[from] Grassy Terrain\n|-heal|p2a: Flutter Mane|7/100|[from] Grassy Terrain\n|-heal|p2b: Koraidon|62/100|[from] Grassy Terrain\n|upkeep\n|turn|6\n|\n|t:|1774477971\n|move|p1b: Koraidon|Collision Course|p2b: Koraidon\n|-damage|p2b: Koraidon|0 fnt\n|faint|p2b: Koraidon\n|move|p2a: Flutter Mane|Shadow Ball|p1b: Koraidon\n|-damage|p1b: Koraidon|0 fnt\n|faint|p1b: Koraidon\n|\n|win|tiedz\n|raw|Bman311's rating: 1368 &rarr; <strong>1344</strong><br />(-24 for losing)\n|raw|tiedz's rating: 1292 &rarr; <strong>1322</strong><br />(+30 for winning)\n|l|\u2606Bman311\n|player|p1|\n|l|\u2606tiedz\n|player|p2|\n","uploadtime":1774478222,"views":10,"formatid":"gen9vgc2026regi","rating":1322,"private":0,"password":null}