{"id":"gen9vgc2026regi-2562024740","format":"[Gen 9] VGC 2026 Reg I","players":["CHR1SPHX","cilan123"],"log":"|j|\u2606CHR1SPHX\n|j|\u2606cilan123\n|t:|1773864043\n|gametype|doubles\n|player|p1|CHR1SPHX|hilbert|1176\n|player|p2|cilan123|101|1311\n|gen|9\n|tier|[Gen 9] VGC 2026 Reg I\n|rated|\n|rule|Species Clause: Limit one of each Pok\u00e9mon\n|rule|Item Clause: Limit 1 of each item\n|clearpoke\n|poke|p1|Flutter Mane, L50|\n|poke|p1|Incineroar, L50, M|\n|poke|p1|Ursaluna-Bloodmoon, L50, M|\n|poke|p1|Amoonguss, L50, M|\n|poke|p1|Koraidon, L50|\n|poke|p1|Lunala, L50|\n|poke|p2|Kyogre, L50|\n|poke|p2|Urshifu-*, L50, M|\n|poke|p2|Roaring Moon, L50|\n|poke|p2|Calyrex-Ice, L50|\n|poke|p2|Indeedee, L50, M|\n|poke|p2|Ogerpon-Cornerstone, L50, F|\n|teampreview|4\n|inactive|Battle timer is ON: inactive players will automatically lose when time's up. (requested by CHR1SPHX)\nCHR1SPHX has agreed to open team sheets.\n|inactive|cilan123 has 60 seconds left.\ncilan123 has agreed to open team sheets.\n|showteam|p1|Flutter Mane||FocusSash|Protosynthesis|ShadowBall,DazzlingGleam,IcyWind,Protect||||||50|,,,,,Stellar]Incineroar||SafetyGoggles|Intimidate|KnockOff,FakeOut,PartingShot,Taunt|||M|||50|,,,,,Fairy]Ursaluna-Bloodmoon||LifeOrb|MindsEye|EarthPower,BloodMoon,HyperVoice,Protect|||M|||50|,,,,,Ghost]Amoonguss||RockyHelmet|Regenerator|SludgeBomb,PollenPuff,Spore,RagePowder|||M|||50|,,,,,Water]Koraidon||ClearAmulet|OrichalcumPulse|CollisionCourse,FlareBlitz,FlameCharge,Protect||||||50|,,,,,Fire]Lunala||MentalHerb|ShadowShield|MoongeistBeam,Moonblast,TrickRoom,WideGuard||||||50|,,,,,Fairy\n|showteam|p2|Kyogre||SplashPlate|Drizzle|WaterSpout,OriginPulse,HydroPump,Protect||||||50|,,,,,Grass]Urshifu-Rapid-Strike||FocusSash|UnseenFist|SurgingStrikes,AquaJet,Taunt,Detect|||M|||50|,,,,,Water]Roaring Moon||BoosterEnergy|Protosynthesis|Acrobatics,KnockOff,Tailwind,Protect||||||50|,,,,,Flying]Calyrex-Ice||LifeOrb|AsOneGlastrier|GlacialLance,HighHorsepower,Protect,TrickRoom||||||50|,,,,,Grass]Indeedee||ChoiceSpecs|PsychicSurge|ExpandingForce,HyperVoice,TeraBlast,ShadowBall|||M|||50|,,,,,Psychic]Ogerpon-Cornerstone||CornerstoneMask|Sturdy|FollowMe,IvyCudgel,PowerWhip,SpikyShield|||F|||50|,,,,,Rock\n|inactive|CHR1SPHX has 60 seconds left.\n|\n|t:|1773864106\n|teamsize|p1|4\n|teamsize|p2|4\n|start\n|switch|p1a: Incineroar|Incineroar, L50, M|100/100\n|switch|p1b: Amoonguss|Amoonguss, L50, M, shiny|100/100\n|switch|p2a: Scoring June|Roaring Moon, L50|100/100\n|switch|p2b: Splish splash|Urshifu-Rapid-Strike, L50, M|100/100\n|-ability|p1a: Incineroar|Intimidate|boost\n|-unboost|p2a: Scoring June|atk|1\n|-unboost|p2b: Splish splash|atk|1\n|-enditem|p2a: Scoring June|Booster Energy\n|-activate|p2a: Scoring June|ability: Protosynthesis|[fromitem]\n|-start|p2a: Scoring June|protosynthesisspe\n|turn|1\n|\n|t:|1773864133\n|-terastallize|p1b: Amoonguss|Water\n|move|p2a: Scoring June|Protect|p2a: Scoring June\n|-singleturn|p2a: Scoring June|Protect\n|move|p2b: Splish splash|Detect|p2b: Splish splash\n|-singleturn|p2b: Splish splash|Protect\n|move|p1b: Amoonguss|Rage Powder|p1b: Amoonguss\n|-singleturn|p1b: Amoonguss|move: Rage Powder\n|move|p1a: Incineroar|Parting Shot|p2a: Scoring June\n|-activate|p2a: Scoring June|move: Protect\n|\n|upkeep\n|turn|2\n|\n|t:|1773864145\n|move|p1b: Amoonguss|Rage Powder|p1b: Amoonguss\n|-singleturn|p1b: Amoonguss|move: Rage Powder\n|move|p2a: Scoring June|Tailwind|p2a: Scoring June\n|-sidestart|p2: cilan123|move: Tailwind\n|move|p2b: Splish splash|Taunt|p1b: Amoonguss\n|-start|p1b: Amoonguss|move: Taunt\n|move|p1a: Incineroar|Parting Shot|p2a: Scoring June\n|-unboost|p2a: Scoring June|atk|1\n|-unboost|p2a: Scoring June|spa|1\n|\n|t:|1773864162\n|switch|p1a: Koraidon|Koraidon, L50|100/100|[from] Parting Shot\n|-weather|SunnyDay|[from] ability: Orichalcum Pulse|[of] p1a: Koraidon\n|-activate|p1a: Koraidon|Orichalcum Pulse|[source]\n|\n|-weather|SunnyDay|[upkeep]\n|upkeep\n|turn|3\n|inactive|cilan123 has 30 seconds left.\n|inactive|CHR1SPHX has 30 seconds left.\n|\n|t:|1773864194\n|switch|p1b: Incineroar|Incineroar, L50, M|100/100\n|-ability|p1b: Incineroar|Intimidate|boost\n|-unboost|p2a: Scoring June|atk|1\n|-unboost|p2b: Splish splash|atk|1\n|move|p2a: Scoring June|Acrobatics|p1a: Koraidon\n|-supereffective|p1a: Koraidon\n|-damage|p1a: Koraidon|74/100\n|move|p2b: Splish splash|Taunt|p1a: Koraidon\n|-start|p1a: Koraidon|move: Taunt\n|move|p1a: Koraidon|Collision Course|p2b: Splish splash\n|-damage|p2b: Splish splash|38/100\n|\n|-weather|SunnyDay|[upkeep]\n|upkeep\n|turn|4\n|inactive|cilan123 has 30 seconds left.\n|\n|t:|1773864227\n|switch|p1a: Amoonguss|Amoonguss, L50, M, shiny, tera:Water|100/100\n|move|p2a: Scoring June|Protect|p2a: Scoring June\n|-singleturn|p2a: Scoring June|Protect\n|move|p1b: Incineroar|Fake Out|p2b: Splish splash\n|-damage|p2b: Splish splash|27/100\n|cant|p2b: Splish splash|flinch\n|\n|-weather|SunnyDay|[upkeep]\n|upkeep\n|turn|5\n|\n|t:|1773864245\n|move|p1a: Amoonguss|Rage Powder|p1a: Amoonguss\n|-singleturn|p1a: Amoonguss|move: Rage Powder\n|move|p2a: Scoring June|Knock Off|p1a: Amoonguss\n|-damage|p1a: Amoonguss|84/100\n|-damage|p2a: Scoring June|84/100|[from] item: Rocky Helmet|[of] p1a: Amoonguss\n|-enditem|p1a: Amoonguss|Rocky Helmet|[from] move: Knock Off|[of] p2a: Scoring June\n|move|p2b: Splish splash|Taunt|p1a: Amoonguss\n|-start|p1a: Amoonguss|move: Taunt\n|move|p1b: Incineroar|Parting Shot|p2a: Scoring June\n|-unboost|p2a: Scoring June|atk|1\n|-unboost|p2a: Scoring June|spa|1\n|\n|t:|1773864259\n|switch|p1b: Koraidon|Koraidon, L50|74/100|[from] Parting Shot\n|-activate|p1b: Koraidon|ability: Orichalcum Pulse\n|\n|-weather|SunnyDay|[upkeep]\n|-sideend|p2: cilan123|move: Tailwind\n|upkeep\n|turn|6\n|\n|t:|1773864279\n|move|p2a: Scoring June|Tailwind|p2a: Scoring June\n|-sidestart|p2: cilan123|move: Tailwind\n|move|p2b: Splish splash|Surging Strikes|p1b: Koraidon\n|-resisted|p1b: Koraidon\n|-crit|p1b: Koraidon\n|-damage|p1b: Koraidon|70/100\n|-resisted|p1b: Koraidon\n|-crit|p1b: Koraidon\n|-damage|p1b: Koraidon|66/100\n|-resisted|p1b: Koraidon\n|-crit|p1b: Koraidon\n|-damage|p1b: Koraidon|61/100\n|-hitcount|p1b: Koraidon|3\n|move|p1b: Koraidon|Collision Course|p2b: Splish splash\n|-damage|p2b: Splish splash|0 fnt\n|faint|p2b: Splish splash\n|move|p1a: Amoonguss|Pollen Puff|p1b: Koraidon\n|-heal|p1b: Koraidon|100/100\n|\n|-weather|none\n|upkeep\n|\n|t:|1773864304\n|switch|p2b: Indeedee|Indeedee, L50, M|100/100\n|-fieldstart|move: Psychic Terrain|[from] ability: Psychic Surge|[of] p2b: Indeedee\n|turn|7\n|\n|t:|1773864321\n|-end|p2a: Scoring June|Protosynthesis|[silent]\n|switch|p2a: Bubbles|Kyogre, L50|100/100\n|-weather|RainDance|[from] ability: Drizzle|[of] p2a: Bubbles\n|switch|p1a: Incineroar|Incineroar, L50, M|100/100\n|-ability|p1a: Incineroar|Intimidate|boost\n|-unboost|p2a: Bubbles|atk|1\n|-unboost|p2b: Indeedee|atk|1\n|-terastallize|p2b: Indeedee|Psychic\n|move|p1b: Koraidon|Protect|p1b: Koraidon\n|-singleturn|p1b: Koraidon|Protect\n|move|p2b: Indeedee|Expanding Force|p1b: Koraidon|[spread] \n|-activate|p1b: Koraidon|move: Protect\n|-immune|p1a: Incineroar\n|\n|-weather|RainDance|[upkeep]\n|upkeep\n|turn|8\n|inactive|CHR1SPHX has 30 seconds left.\n|inactive|cilan123 has 30 seconds left.\n|\n|t:|1773864351\n|switch|p2b: Scoring June|Roaring Moon, L50|84/100\n|switch|p1b: Lunala|Lunala, L50, shiny|100/100\n|switch|p1a: Amoonguss|Amoonguss, L50, M, shiny, tera:Water|100/100\n|move|p2a: Bubbles|Water Spout|p1b: Lunala|[spread] p1a,p1b\n|-resisted|p1a: Amoonguss\n|-damage|p1a: Amoonguss|48/100\n|-damage|p1b: Lunala|62/100\n|\n|-weather|RainDance|[upkeep]\n|upkeep\n|turn|9\n|\n|t:|1773864371\n|switch|p1b: Koraidon|Koraidon, L50|100/100\n|-weather|SunnyDay|[from] ability: Orichalcum Pulse|[of] p1b: Koraidon\n|-activate|p2b: Scoring June|ability: Protosynthesis\n|-start|p2b: Scoring June|protosynthesisspe\n|-activate|p1b: Koraidon|Orichalcum Pulse|[source]\n|move|p2b: Scoring June|Knock Off|p1b: Koraidon\n|-resisted|p1b: Koraidon\n|-damage|p1b: Koraidon|80/100\n|-enditem|p1b: Koraidon|Clear Amulet|[from] move: Knock Off|[of] p2b: Scoring June\n|move|p2a: Bubbles|Water Spout|p1b: Koraidon|[spread] p1a,p1b\n|-resisted|p1a: Amoonguss\n|-resisted|p1b: Koraidon\n|-damage|p1a: Amoonguss|34/100\n|-damage|p1b: Koraidon|62/100\n|move|p1a: Amoonguss|Spore|p2a: Bubbles\n|-status|p2a: Bubbles|slp|[from] move: Spore\n|\n|-weather|SunnyDay|[upkeep]\n|-sideend|p2: cilan123|move: Tailwind\n|upkeep\n|turn|10\n|\n|t:|1773864391\n|move|p2b: Scoring June|Protect|p2b: Scoring June\n|-singleturn|p2b: Scoring June|Protect\n|move|p1b: Koraidon|Protect|p1b: Koraidon\n|-singleturn|p1b: Koraidon|Protect\n|cant|p2a: Bubbles|slp\n|move|p1a: Amoonguss|Spore|p2b: Scoring June\n|-activate|p2b: Scoring June|move: Protect\n|\n|-weather|SunnyDay|[upkeep]\n|upkeep\n|turn|11\n|\n|t:|1773864405\n|switch|p1b: Incineroar|Incineroar, L50, M|100/100\n|-ability|p1b: Incineroar|Intimidate|boost\n|-unboost|p2a: Bubbles|atk|1\n|-unboost|p2b: Scoring June|atk|1\n|move|p2b: Scoring June|Tailwind|p2b: Scoring June\n|-sidestart|p2: cilan123|move: Tailwind\n|-curestatus|p2a: Bubbles|slp|[msg]\n|move|p2a: Bubbles|Water Spout|p1b: Incineroar|[spread] p1a,p1b\n|-resisted|p1a: Amoonguss\n|-supereffective|p1b: Incineroar\n|-damage|p1a: Amoonguss|19/100\n|-damage|p1b: Incineroar|41/100\n|move|p1a: Amoonguss|Spore|p2b: Scoring June\n|-status|p2b: Scoring June|slp|[from] move: Spore\n|\n|-weather|SunnyDay|[upkeep]\n|-fieldend|move: Psychic Terrain\n|upkeep\n|turn|12\n|inactive|CHR1SPHX has 30 seconds left.\n|inactive|CHR1SPHX has 20 seconds left.\n|inactive|CHR1SPHX has 15 seconds left.\n|inactive|CHR1SPHX has 10 seconds left.\n|\n|t:|1773864452\n|-end|p2b: Scoring June|Protosynthesis|[silent]\n|switch|p2b: Indeedee|Indeedee, L50, M, tera:Psychic|100/100\n|-fieldstart|move: Psychic Terrain|[from] ability: Psychic Surge|[of] p2b: Indeedee\n|switch|p1b: Lunala|Lunala, L50, shiny|62/100\n|move|p2a: Bubbles|Water Spout|p1a: Amoonguss|[spread] p1a,p1b\n|-resisted|p1a: Amoonguss\n|-crit|p1b: Lunala\n|-damage|p1a: Amoonguss|3/100\n|-damage|p1b: Lunala|22/100\n|move|p1a: Amoonguss|Spore|p2a: Bubbles\n|-status|p2a: Bubbles|slp|[from] move: Spore\n|\n|-weather|SunnyDay|[upkeep]\n|upkeep\n|turn|13\n|\n|t:|1773864475\n|move|p1b: Lunala|Wide Guard|p1b: Lunala\n|-singleturn|p1b: Lunala|Wide Guard\n|move|p2b: Indeedee|Shadow Ball|p1a: Amoonguss\n|-damage|p1a: Amoonguss|0 fnt\n|faint|p1a: Amoonguss\n|cant|p2a: Bubbles|slp\n|\n|-weather|none\n|upkeep\n|\n|t:|1773864483\n|switch|p1a: Koraidon|Koraidon, L50|62/100\n|-weather|SunnyDay|[from] ability: Orichalcum Pulse|[of] p1a: Koraidon\n|-activate|p1a: Koraidon|Orichalcum Pulse|[source]\n|turn|14\n|\n|t:|1773864497\n|switch|p1b: Incineroar|Incineroar, L50, M|41/100\n|-ability|p1b: Incineroar|Intimidate|boost\n|-unboost|p2a: Bubbles|atk|1\n|-unboost|p2b: Indeedee|atk|1\n|move|p1a: Koraidon|Protect|p1a: Koraidon\n|-singleturn|p1a: Koraidon|Protect\n|move|p2b: Indeedee|Shadow Ball|p1b: Incineroar\n|-resisted|p1b: Incineroar\n|-damage|p1b: Incineroar|28/100\n|-unboost|p1b: Incineroar|spd|1\n|cant|p2a: Bubbles|slp\n|\n|-weather|SunnyDay|[upkeep]\n|-sideend|p2: cilan123|move: Tailwind\n|upkeep\n|turn|15\n|inactive|cilan123 has 30 seconds left.\n|\n|t:|1773864525\n|switch|p2b: Scoring June|Roaring Moon, L50|84/100 slp\n|-activate|p2b: Scoring June|ability: Protosynthesis\n|-start|p2b: Scoring June|protosynthesisspe\n|move|p1a: Koraidon|Flare Blitz|p2b: Scoring June\n|-resisted|p2b: Scoring June\n|-damage|p2b: Scoring June|37/100 slp\n|-damage|p1a: Koraidon|45/100|[from] Recoil\n|cant|p2a: Bubbles|slp\n|move|p1b: Incineroar|Knock Off|p2b: Scoring June\n|-resisted|p2b: Scoring June\n|-damage|p2b: Scoring June|23/100 slp\n|\n|-weather|SunnyDay|[upkeep]\n|upkeep\n|turn|16\n|\n|t:|1773864547\n|switch|p1b: Lunala|Lunala, L50, shiny|22/100\n|cant|p2b: Scoring June|slp\n|move|p1a: Koraidon|Collision Course|p2a: Bubbles\n|-damage|p2a: Bubbles|40/100 slp\n|-curestatus|p2a: Bubbles|slp|[msg]\n|move|p2a: Bubbles|Water Spout|p1b: Lunala|[spread] p1a,p1b\n|-resisted|p1a: Koraidon\n|-crit|p1a: Koraidon\n|-damage|p1a: Koraidon|36/100\n|-damage|p1b: Lunala|12/100\n|\n|-weather|SunnyDay|[upkeep]\n|-fieldend|move: Psychic Terrain\n|upkeep\n|turn|17\n|\n|t:|1773864567\n|cant|p2b: Scoring June|slp\n|move|p1a: Koraidon|Collision Course|p2a: Bubbles\n|-damage|p2a: Bubbles|0 fnt\n|faint|p2a: Bubbles\n|move|p1b: Lunala|Moonblast|p2b: Scoring June\n|-supereffective|p2b: Scoring June\n|-damage|p2b: Scoring June|0 fnt\n|faint|p2b: Scoring June\n|-end|p2b: Scoring June|Protosynthesis|[silent]\n|\n|-weather|SunnyDay|[upkeep]\n|upkeep\n|\n|t:|1773864572\n|switch|p2b: Indeedee|Indeedee, L50, M, tera:Psychic|100/100\n|-fieldstart|move: Psychic Terrain|[from] ability: Psychic Surge|[of] p2b: Indeedee\n|turn|18\n|c|\u2606CHR1SPHX|Mushroom masterclass\n|\n|t:|1773864591\n|move|p1b: Lunala|Wide Guard|p1b: Lunala\n|-singleturn|p1b: Lunala|Wide Guard\n|move|p1a: Koraidon|Flare Blitz|p2b: Indeedee\n|-damage|p2b: Indeedee|0 fnt\n|faint|p2b: Indeedee\n|-damage|p1a: Koraidon|12/100|[from] Recoil\n|\n|win|CHR1SPHX\n|raw|CHR1SPHX's rating: 1176 &rarr; <strong>1210</strong><br />(+34 for winning)\n|raw|cilan123's rating: 1311 &rarr; <strong>1284</strong><br />(-27 for losing)\n|c|\u2606CHR1SPHX|Gg\n","uploadtime":1773864599,"views":170,"formatid":"gen9vgc2026regi","rating":1210,"private":0,"password":null}