{"id":"gen9vgc2026regi-2555249604","format":"[Gen 9] VGC 2026 Reg I","players":["luckstat10","kojimuranishi"],"log":"|j|\u2606luckstat10\n|j|\u2606kojimuranishi\n|t:|1773072582\n|gametype|doubles\n|player|p1|luckstat10|170|1448\n|player|p2|kojimuranishi|1|1581\n|gen|9\n|tier|[Gen 9] VGC 2026 Reg I\n|rated|\n|rule|Species Clause: Limit one of each Pok\u00e9mon\n|rule|Item Clause: Limit 1 of each item\n|clearpoke\n|poke|p1|Miraidon, L50|\n|poke|p1|Ursaluna, L50, M|\n|poke|p1|Grimmsnarl, L50, M|\n|poke|p1|Volcarona, L50, F|\n|poke|p1|Calyrex-Ice, L50|\n|poke|p1|Ogerpon-Cornerstone, L50, F|\n|poke|p2|Flutter Mane, L50|\n|poke|p2|Koraidon, L50|\n|poke|p2|Chi-Yu, L50|\n|poke|p2|Lunala, L50|\n|poke|p2|Ursaluna, L50, M|\n|poke|p2|Brute Bonnet, L50|\n|teampreview|4\n|inactive|Battle timer is ON: inactive players will automatically lose when time's up. (requested by kojimuranishi)\n|inactive|luckstat10 has 60 seconds left.\n|inactive|luckstat10 has 30 seconds left.\n|inactive|luckstat10 has 20 seconds left.\n|inactive|luckstat10 has 15 seconds left.\n|inactive|luckstat10 has 10 seconds left.\n|\n|t:|1773072667\n|teamsize|p1|4\n|teamsize|p2|4\n|start\n|switch|p1a: Loki|Grimmsnarl, L50, M, shiny|100/100\n|switch|p1b: Zeus|Miraidon, L50|100/100\n|switch|p2a: Koraidon|Koraidon, L50|100/100\n|switch|p2b: Chi-Yu|Chi-Yu, L50|100/100\n|-fieldstart|move: Electric Terrain|[from] ability: Hadron Engine|[of] p1b: Zeus\n|-ability|p2b: Chi-Yu|Beads of Ruin\n|-weather|SunnyDay|[from] ability: Orichalcum Pulse|[of] p2a: Koraidon\n|-activate|p2a: Koraidon|Orichalcum Pulse|[source]\n|turn|1\n|\n|t:|1773072687\n|-terastallize|p2a: Koraidon|Fire\n|move|p1a: Loki|Light Screen|p1a: Loki\n|-sidestart|p1: luckstat10|move: Light Screen\n|move|p1b: Zeus|Volt Switch|p2a: Koraidon\n|-damage|p2a: Koraidon|0 fnt\n|faint|p2a: Koraidon\n|\n|t:|1773072696\n|switch|p1b: Mothra|Volcarona, L50, F, shiny|100/100|[from] Volt Switch\n|-enditem|p1b: Mothra|Electric Seed\n|-boost|p1b: Mothra|def|1|[from] item: Electric Seed\n|move|p2b: Chi-Yu|Heat Wave|p1a: Loki|[spread] p1a,p1b\n|-damage|p1a: Loki|47/100\n|-damage|p1b: Mothra|46/100\n|\n|-weather|SunnyDay|[upkeep]\n|upkeep\n|\n|t:|1773072706\n|switch|p2a: Ursaluna|Ursaluna, L50, M|100/100\n|turn|2\n|\n|t:|1773072726\n|move|p1b: Mothra|Protect|p1b: Mothra\n|-singleturn|p1b: Mothra|Protect\n|move|p1a: Loki|Reflect|p1a: Loki\n|-sidestart|p1: luckstat10|Reflect\n|move|p2b: Chi-Yu|Heat Wave|p1b: Mothra|[spread] p1a\n|-activate|p1b: Mothra|move: Protect\n|-damage|p1a: Loki|0 fnt\n|faint|p1a: Loki\n|move|p2a: Ursaluna|Rock Slide|p1b: Mothra\n|-activate|p1b: Mothra|move: Protect\n|\n|-weather|SunnyDay|[upkeep]\n|-status|p2a: Ursaluna|brn|[from] item: Flame Orb\n|upkeep\n|\n|t:|1773072738\n|switch|p1a: Zeus|Miraidon, L50|100/100\n|-activate|p1a: Zeus|ability: Hadron Engine\n|turn|3\n|inactive|luckstat10 has 30 seconds left.\n|inactive|luckstat10 has 20 seconds left.\n|\n|t:|1773072776\n|-terastallize|p1b: Mothra|Grass\n|move|p1a: Zeus|Electro Drift|p2b: Chi-Yu\n|-damage|p2b: Chi-Yu|0 fnt\n|faint|p2b: Chi-Yu\n|move|p1b: Mothra|Giga Drain|p2a: Ursaluna\n|-supereffective|p2a: Ursaluna\n|-damage|p2a: Ursaluna|29/100 brn\n|-heal|p1b: Mothra|94/100|[from] drain|[of] p2a: Ursaluna\n|move|p2a: Ursaluna|Facade|p1a: Zeus\n|-damage|p1a: Zeus|15/100\n|\n|-weather|SunnyDay|[upkeep]\n|-damage|p2a: Ursaluna|23/100 brn|[from] brn\n|upkeep\n|\n|t:|1773072792\n|switch|p2b: Lunala|Lunala, L50|100/100\n|turn|4\n|\n|t:|1773072806\n|move|p2a: Ursaluna|Protect|p2a: Ursaluna\n|-singleturn|p2a: Ursaluna|Protect\n|move|p1a: Zeus|Electro Drift|p2b: Lunala\n|-damage|p2b: Lunala|63/100\n|move|p1b: Mothra|Giga Drain|p2a: Ursaluna\n|-activate|p2a: Ursaluna|move: Protect\n|move|p2b: Lunala|Trick Room|p2b: Lunala\n|-fieldstart|move: Trick Room|[of] p2b: Lunala\n|\n|-weather|SunnyDay|[upkeep]\n|-damage|p2a: Ursaluna|17/100 brn|[from] brn\n|upkeep\n|turn|5\n|\n|t:|1773072827\n|move|p1b: Mothra|Protect|p1b: Mothra\n|-singleturn|p1b: Mothra|Protect\n|move|p2a: Ursaluna|Rock Slide|p1b: Mothra|[spread] p1a\n|-activate|p1b: Mothra|move: Protect\n|-damage|p1a: Zeus|0 fnt\n|faint|p1a: Zeus\n|move|p2b: Lunala|Moongeist Beam|p1b: Mothra\n|-activate|p1b: Mothra|move: Protect\n|\n|-weather|none\n|-damage|p2a: Ursaluna|11/100 brn|[from] brn\n|-sideend|p1: luckstat10|move: Light Screen\n|-fieldend|move: Electric Terrain\n|upkeep\n|\n|t:|1773072836\n|switch|p1a: Calyrex|Calyrex-Ice, L50|100/100\n|-ability|p1a: Calyrex|As One\n|-ability|p1a: Calyrex|Unnerve\n|turn|6\n|\n|t:|1773072851\n|move|p2a: Ursaluna|Rock Slide|p1b: Mothra|[spread] p1a,p1b\n|-supereffective|p1a: Calyrex\n|-damage|p1a: Calyrex|76/100\n|-damage|p1b: Mothra|76/100\n|move|p1a: Calyrex|High Horsepower|p2a: Ursaluna\n|-damage|p2a: Ursaluna|0 fnt\n|faint|p2a: Ursaluna\n|-ability|p1a: Calyrex|Chilling Neigh|boost\n|-boost|p1a: Calyrex|atk|1\n|move|p2b: Lunala|Moongeist Beam|p1a: Calyrex\n|-supereffective|p1a: Calyrex\n|-damage|p1a: Calyrex|0 fnt\n|faint|p1a: Calyrex\n|cant|p1b: Mothra|flinch\n|\n|-sideend|p1: luckstat10|Reflect\n|upkeep\n|turn|7\n|\n|t:|1773072871\n|move|p2b: Lunala|Meteor Beam||[still]\n|-prepare|p2b: Lunala|Meteor Beam\n|-boost|p2b: Lunala|spa|1\n|-enditem|p2b: Lunala|Power Herb\n|-anim|p2b: Lunala|Meteor Beam|p1b: Mothra\n|-damage|p1b: Mothra|11/100\n|move|p1b: Mothra|Giga Drain|p2b: Lunala\n|-damage|p2b: Lunala|36/100\n|-heal|p1b: Mothra|31/100|[from] drain|[of] p2b: Lunala\n|\n|upkeep\n|turn|8\n|\n|t:|1773072883\n|move|p1b: Mothra|Protect|p1b: Mothra\n|-singleturn|p1b: Mothra|Protect\n|move|p2b: Lunala|Moongeist Beam|p1b: Mothra\n|-activate|p1b: Mothra|move: Protect\n|\n|-fieldend|move: Trick Room\n|upkeep\n|turn|9\n|\n|t:|1773072896\n|move|p1b: Mothra|Fiery Dance|p2b: Lunala\n|-damage|p2b: Lunala|9/100\n|move|p2b: Lunala|Moongeist Beam|p1b: Mothra\n|-damage|p1b: Mothra|0 fnt\n|faint|p1b: Mothra\n|\n|win|kojimuranishi\n|raw|luckstat10's rating: 1448 &rarr; <strong>1435</strong><br />(-13 for losing)\n|raw|kojimuranishi's rating: 1581 &rarr; <strong>1594</strong><br />(+13 for winning)\n|l|\u2606luckstat10\n|player|p1|\n|l|\u2606kojimuranishi\n|player|p2|\n","uploadtime":1773073118,"views":22,"formatid":"gen9vgc2026regi","rating":1435,"private":0,"password":null}