{"id":"gen9vgc2026regi-2557752309","format":"[Gen 9] VGC 2026 Reg I","players":["Loiradotchan16","Cello L."],"log":"|j|\u2606Loiradotchan16\n|j|\u2606Cello L.\n|t:|1773354076\n|gametype|doubles\n|player|p1|Loiradotchan16|265|1406\n|player|p2|Cello L.|102|1421\n|gen|9\n|tier|[Gen 9] VGC 2026 Reg I\n|rated|\n|rule|Species Clause: Limit one of each Pok\u00e9mon\n|rule|Item Clause: Limit 1 of each item\n|clearpoke\n|poke|p1|Calyrex-Ice, L50|\n|poke|p1|Scraggy, L50, F|\n|poke|p1|Miraidon, L50|\n|poke|p1|Farigiraf, L50, F|\n|poke|p1|Iron Treads, L50|\n|poke|p1|Iron Hands, L50|\n|poke|p2|Miraidon, L50|\n|poke|p2|Lunala, L50|\n|poke|p2|Ursaluna, L50, F|\n|poke|p2|Urshifu-*, L50, M|\n|poke|p2|Whimsicott, L50, M|\n|poke|p2|Incineroar, L50, M|\n|teampreview|4\n|inactive|Battle timer is ON: inactive players will automatically lose when time's up. (requested by Loiradotchan16)\n|\n|t:|1773354102\n|teamsize|p1|4\n|teamsize|p2|4\n|start\n|switch|p1a: Miraidon|Miraidon, L50|100/100\n|switch|p1b: Iron Treads|Iron Treads, L50|100/100\n|switch|p2a: Miraidon|Miraidon, L50|100/100\n|switch|p2b: Incineroar|Incineroar, L50, M|100/100\n|-fieldstart|move: Electric Terrain|[from] ability: Hadron Engine|[of] p1a: Miraidon\n|-activate|p1b: Iron Treads|ability: Quark Drive\n|-start|p1b: Iron Treads|quarkdrivespe\n|-activate|p2a: Miraidon|ability: Hadron Engine\n|-ability|p2b: Incineroar|Intimidate|boost\n|-unboost|p1a: Miraidon|atk|1\n|-unboost|p1b: Iron Treads|atk|1\n|turn|1\n|inactive|Loiradotchan16 has 30 seconds left.\n|inactive|Cello L. has 30 seconds left.\n|inactive|Loiradotchan16 has 20 seconds left.\n|inactive|Cello L. has 20 seconds left.\n|inactive|Cello L. has 15 seconds left.\n|\n|t:|1773354144\n|switch|p1a: Farigiraf|Farigiraf, L50, F|100/100\n|-enditem|p1a: Farigiraf|Electric Seed\n|-boost|p1a: Farigiraf|def|1|[from] item: Electric Seed\n|switch|p2b: Lunala|Lunala, L50|100/100\n|-enditem|p2b: Lunala|Electric Seed\n|-boost|p2b: Lunala|def|1|[from] item: Electric Seed\n|-terastallize|p2a: Miraidon|Fairy\n|move|p1b: Iron Treads|Iron Head|p2a: Miraidon\n|-supereffective|p2a: Miraidon\n|-damage|p2a: Miraidon|40/100\n|-damage|p1b: Iron Treads|91/100|[from] item: Life Orb\n|cant|p2a: Miraidon|flinch\n|\n|upkeep\n|turn|2\n|\n|t:|1773354167\n|switch|p2a: Ursaluna|Ursaluna, L50, F|100/100\n|move|p1b: Iron Treads|Iron Head|p2a: Ursaluna\n|-damage|p2a: Ursaluna|76/100\n|-damage|p1b: Iron Treads|81/100|[from] item: Life Orb\n|move|p1a: Farigiraf|Foul Play|p2b: Lunala\n|-supereffective|p2b: Lunala\n|-damage|p2b: Lunala|80/100\n|move|p2b: Lunala|Trick Room|p2b: Lunala\n|-fieldstart|move: Trick Room|[of] p2b: Lunala\n|\n|-status|p2a: Ursaluna|brn|[from] item: Flame Orb\n|upkeep\n|turn|3\n|\n|t:|1773354190\n|-end|p1b: Iron Treads|Quark Drive|[silent]\n|switch|p1b: Calyrex|Calyrex-Ice, L50|100/100\n|-ability|p1b: Calyrex|As One\n|-ability|p1b: Calyrex|Unnerve\n|move|p2a: Ursaluna|Facade|p1a: Farigiraf\n|-damage|p1a: Farigiraf|37/100\n|move|p1a: Farigiraf|Foul Play|p2b: Lunala\n|-supereffective|p2b: Lunala\n|-damage|p2b: Lunala|41/100\n|move|p2b: Lunala|Moonblast|p1a: Farigiraf\n|-damage|p1a: Farigiraf|5/100\n|\n|-damage|p2a: Ursaluna|70/100 brn|[from] brn\n|upkeep\n|turn|4\n|\n|t:|1773354213\n|move|p1a: Farigiraf|Helping Hand|p1b: Calyrex\n|-singleturn|p1b: Calyrex|Helping Hand|[of] p1a: Farigiraf\n|move|p2b: Lunala|Wide Guard|p2b: Lunala\n|-singleturn|p2b: Lunala|Wide Guard\n|move|p1b: Calyrex|High Horsepower|p2b: Lunala\n|-damage|p2b: Lunala|11/100\n|move|p2a: Ursaluna|Earthquake|p1a: Farigiraf|[spread] p1a,p1b\n|-activate|p2b: Lunala|move: Wide Guard\n|-damage|p1a: Farigiraf|0 fnt\n|-damage|p1b: Calyrex|60/100\n|faint|p1a: Farigiraf\n|\n|-damage|p2a: Ursaluna|64/100 brn|[from] brn\n|upkeep\n|\n|t:|1773354226\n|switch|p1a: Iron Treads|Iron Treads, L50|81/100\n|-activate|p1a: Iron Treads|ability: Quark Drive\n|-start|p1a: Iron Treads|quarkdrivespe\n|turn|5\n|\n|t:|1773354246\n|move|p1a: Iron Treads|Protect|p1a: Iron Treads\n|-singleturn|p1a: Iron Treads|Protect\n|move|p2b: Lunala|Wide Guard|p2b: Lunala\n|-singleturn|p2b: Lunala|Wide Guard\n|move|p1b: Calyrex|Glacial Lance|p2b: Lunala|[spread] \n|-activate|p2a: Ursaluna|move: Wide Guard\n|-activate|p2b: Lunala|move: Wide Guard\n|move|p2a: Ursaluna|Headlong Rush|p1a: Iron Treads\n|-activate|p1a: Iron Treads|move: Protect\n|\n|-damage|p2a: Ursaluna|58/100 brn|[from] brn\n|-fieldend|move: Electric Terrain\n|-end|p1a: Iron Treads|Quark Drive\n|upkeep\n|turn|6\n|\n|t:|1773354263\n|-end|p1a: Iron Treads|Quark Drive|[silent]\n|switch|p1a: Miraidon|Miraidon, L50|100/100\n|-fieldstart|move: Electric Terrain|[from] ability: Hadron Engine|[of] p1a: Miraidon\n|move|p2b: Lunala|Wide Guard|p2b: Lunala\n|-singleturn|p2b: Lunala|Wide Guard\n|move|p2a: Ursaluna|Headlong Rush|p1a: Miraidon\n|-supereffective|p1a: Miraidon\n|-damage|p1a: Miraidon|0 fnt\n|-unboost|p2a: Ursaluna|def|1\n|-unboost|p2a: Ursaluna|spd|1\n|faint|p1a: Miraidon\n|move|p1b: Calyrex|High Horsepower|p2b: Lunala\n|-damage|p2b: Lunala|0 fnt\n|faint|p2b: Lunala\n|-ability|p1b: Calyrex|Chilling Neigh|boost\n|-boost|p1b: Calyrex|atk|1\n|\n|-damage|p2a: Ursaluna|53/100 brn|[from] brn\n|-fieldend|move: Trick Room\n|upkeep\n|inactive|Cello L. has 30 seconds left.\n|\n|t:|1773354291\n|switch|p1a: Iron Treads|Iron Treads, L50|81/100\n|switch|p2b: Incineroar|Incineroar, L50, M|100/100\n|-ability|p2b: Incineroar|Intimidate|boost\n|-unboost|p1a: Iron Treads|atk|1\n|-fail|p1b: Calyrex|unboost|[from] item: Clear Amulet|[of] p1b: Calyrex\n|-activate|p1a: Iron Treads|ability: Quark Drive\n|-start|p1a: Iron Treads|quarkdrivespe\n|turn|7\n|inactive|Cello L. has 30 seconds left.\n|\n|t:|1773354325\n|move|p1a: Iron Treads|Protect|p1a: Iron Treads\n|-singleturn|p1a: Iron Treads|Protect\n|move|p1b: Calyrex|Protect|p1b: Calyrex\n|-singleturn|p1b: Calyrex|Protect\n|move|p2b: Incineroar|Fake Out|p1b: Calyrex\n|-activate|p1b: Calyrex|move: Protect\n|move|p2a: Ursaluna|Facade|p1b: Calyrex\n|-activate|p1b: Calyrex|move: Protect\n|\n|-damage|p2a: Ursaluna|47/100 brn|[from] brn\n|upkeep\n|turn|8\n|inactive|Loiradotchan16 has 30 seconds left.\n|\n|t:|1773354358\n|-terastallize|p1a: Iron Treads|Ground\n|move|p1a: Iron Treads|High Horsepower|p2b: Incineroar\n|-supereffective|p2b: Incineroar\n|-damage|p2b: Incineroar|0 fnt\n|faint|p2b: Incineroar\n|-damage|p1a: Iron Treads|72/100|[from] item: Life Orb\n|move|p1b: Calyrex|Glacial Lance|p2a: Ursaluna\n|-supereffective|p2a: Ursaluna\n|-damage|p2a: Ursaluna|0 fnt\n|faint|p2a: Ursaluna\n|-ability|p1b: Calyrex|Chilling Neigh|boost\n|-boost|p1b: Calyrex|atk|1\n|\n|upkeep\n|\n|t:|1773354376\n|switch|p2a: Miraidon|Miraidon, L50, tera:Fairy|40/100\n|-activate|p2a: Miraidon|ability: Hadron Engine\n|turn|9\n|\n|t:|1773354384\n|move|p1a: Iron Treads|Iron Head|p2a: Miraidon\n|-supereffective|p2a: Miraidon\n|-damage|p2a: Miraidon|0 fnt\n|faint|p2a: Miraidon\n|-damage|p1a: Iron Treads|62/100|[from] item: Life Orb\n|\n|win|Loiradotchan16\n|raw|Loiradotchan16's rating: 1406 &rarr; <strong>1427</strong><br />(+21 for winning)\n|raw|Cello L.'s rating: 1421 &rarr; <strong>1400</strong><br />(-21 for losing)\n|l|\u2606Loiradotchan16\n|player|p1|\n|l|\u2606Cello L.\n|player|p2|\n","uploadtime":1773354398,"views":15,"formatid":"gen9vgc2026regi","rating":1400,"private":0,"password":null}