{"id":"gen9vgc2026regi-2543394354","format":"[Gen 9] VGC 2026 Reg I","players":["inb_178","Y.V_Mad1"],"log":"|j|\u2606inb_178\n|j|\u2606Y.V_Mad1\n|t:|1771565347\n|gametype|doubles\n|player|p1|inb_178|102|1314\n|player|p2|Y.V_Mad1|gloria-dojo|1309\n|gen|9\n|tier|[Gen 9] VGC 2026 Reg I\n|rated|\n|rule|Species Clause: Limit one of each Pok\u00e9mon\n|rule|Item Clause: Limit 1 of each item\n|clearpoke\n|poke|p1|Miraidon, L50|\n|poke|p1|Groudon, L50|\n|poke|p1|Incineroar, L50, M|\n|poke|p1|Sneasler, L50, M|\n|poke|p1|Walking Wake, L50|\n|poke|p1|Ogerpon-Cornerstone, L50, F|\n|poke|p2|Calyrex-Shadow, L50|\n|poke|p2|Miraidon, L50|\n|poke|p2|Iron Hands, L50|\n|poke|p2|Farigiraf, L50, F|\n|poke|p2|Chi-Yu, L50|\n|poke|p2|Tornadus, L50, M|\n|teampreview|4\n|inactive|Battle timer is ON: inactive players will automatically lose when time's up. (requested by Y.V_Mad1)\n|inactive|Y.V_Mad1 has 60 seconds left.\n|\n|t:|1771565385\n|teamsize|p1|4\n|teamsize|p2|4\n|start\n|switch|p1a: Miraidon|Miraidon, L50|100/100\n|switch|p1b: Incineroar|Incineroar, L50, M|100/100\n|switch|p2a: Chi-Yu|Chi-Yu, L50|100/100\n|switch|p2b: Farigiraf|Farigiraf, L50, F|100/100\n|-ability|p2a: Chi-Yu|Beads of Ruin\n|-fieldstart|move: Electric Terrain|[from] ability: Hadron Engine|[of] p1a: Miraidon\n|-enditem|p2b: Farigiraf|Electric Seed\n|-boost|p2b: Farigiraf|def|1|[from] item: Electric Seed\n|-ability|p1b: Incineroar|Intimidate|boost\n|-unboost|p2a: Chi-Yu|atk|1\n|-unboost|p2b: Farigiraf|atk|1\n|turn|1\n|inactive|inb_178 has 30 seconds left.\n|inactive|inb_178 has 20 seconds left.\n|\n|t:|1771565422\n|move|p2b: Farigiraf|Helping Hand|p2a: Chi-Yu\n|-singleturn|p2a: Chi-Yu|Helping Hand|[of] p2b: Farigiraf\n|move|p2a: Chi-Yu|Dark Pulse|p1a: Miraidon\n|-damage|p1a: Miraidon|52/100\n|move|p1a: Miraidon|Electro Drift|p2b: Farigiraf\n|-damage|p2b: Farigiraf|0 fnt\n|faint|p2b: Farigiraf\n|move|p1b: Incineroar|Parting Shot|p2a: Chi-Yu\n|-unboost|p2a: Chi-Yu|atk|1\n|-unboost|p2a: Chi-Yu|spa|1\n|\n|t:|1771565434\n|switch|p1b: Groudon|Groudon, L50|100/100|[from] Parting Shot\n|-weather|SunnyDay|[from] ability: Drought|[of] p1b: Groudon\n|\n|-weather|SunnyDay|[upkeep]\n|upkeep\n|\n|t:|1771565439\n|switch|p2b: Calyrex|Calyrex-Shadow, L50|100/100\n|-ability|p2b: Calyrex|As One\n|-ability|p2b: Calyrex|Unnerve\n|turn|2\n|inactive|Y.V_Mad1 has 30 seconds left.\n|\n|t:|1771565465\n|switch|p1a: Incineroar|Incineroar, L50, M|100/100\n|-ability|p1a: Incineroar|Intimidate|boost\n|-unboost|p2a: Chi-Yu|atk|1\n|-unboost|p2b: Calyrex|atk|1\n|move|p2b: Calyrex|Protect|p2b: Calyrex\n|-singleturn|p2b: Calyrex|Protect\n|move|p2a: Chi-Yu|Dark Pulse|p1a: Incineroar\n|-resisted|p1a: Incineroar\n|-damage|p1a: Incineroar|83/100\n|move|p1b: Groudon|Precipice Blades|p2a: Chi-Yu|[spread] p2a\n|-activate|p2b: Calyrex|move: Protect\n|-supereffective|p2a: Chi-Yu\n|-damage|p2a: Chi-Yu|0 fnt\n|faint|p2a: Chi-Yu\n|\n|-weather|SunnyDay|[upkeep]\n|upkeep\n|\n|t:|1771565475\n|switch|p2a: Miraidon|Miraidon, L50|100/100\n|-activate|p2a: Miraidon|ability: Hadron Engine\n|turn|3\n|\n|t:|1771565494\n|-terastallize|p2a: Miraidon|Fairy\n|move|p1a: Incineroar|Fake Out|p2a: Miraidon\n|-damage|p2a: Miraidon|91/100\n|move|p2b: Calyrex|Astral Barrage|p1a: Incineroar|[spread] p1a,p1b\n|-resisted|p1a: Incineroar\n|-damage|p1a: Incineroar|59/100\n|-damage|p1b: Groudon|49/100\n|cant|p2a: Miraidon|flinch\n|move|p1b: Groudon|Precipice Blades|p2b: Calyrex|[spread] p2a,p2b\n|-damage|p2a: Miraidon|44/100\n|-damage|p2b: Calyrex|30/100\n|\n|-weather|SunnyDay|[upkeep]\n|upkeep\n|turn|4\n|\n|t:|1771565517\n|move|p1b: Groudon|Protect|p1b: Groudon\n|-singleturn|p1b: Groudon|Protect\n|move|p2b: Calyrex|Astral Barrage|p1b: Groudon|[spread] p1a\n|-activate|p1b: Groudon|move: Protect\n|-resisted|p1a: Incineroar\n|-crit|p1a: Incineroar\n|-damage|p1a: Incineroar|22/100\n|move|p2a: Miraidon|Dazzling Gleam|p1a: Incineroar|[spread] p1a\n|-activate|p1b: Groudon|move: Protect\n|-damage|p1a: Incineroar|0 fnt\n|faint|p1a: Incineroar\n|\n|-weather|SunnyDay|[upkeep]\n|upkeep\n|\n|t:|1771565533\n|switch|p1a: Walking Wake|Walking Wake, L50|100/100\n|-activate|p1a: Walking Wake|ability: Protosynthesis\n|-start|p1a: Walking Wake|protosynthesisspe\n|turn|5\n|\n|t:|1771565545\n|switch|p1b: Miraidon|Miraidon, L50|52/100\n|-activate|p1b: Miraidon|ability: Hadron Engine\n|-terastallize|p1a: Walking Wake|Fire\n|move|p1a: Walking Wake|Hydro Steam|p2a: Miraidon\n|-damage|p2a: Miraidon|0 fnt\n|faint|p2a: Miraidon\n|move|p2b: Calyrex|Astral Barrage|p1b: Miraidon|[spread] p1a,p1b\n|-crit|p1b: Miraidon\n|-damage|p1a: Walking Wake|30/100\n|-damage|p1b: Miraidon|6/100\n|\n|-weather|none\n|-end|p1a: Walking Wake|Protosynthesis\n|-fieldend|move: Electric Terrain\n|upkeep\n|turn|6\n|\n|t:|1771565564\n|switch|p1b: Groudon|Groudon, L50|49/100\n|-weather|SunnyDay|[from] ability: Drought|[of] p1b: Groudon\n|-activate|p1a: Walking Wake|ability: Protosynthesis\n|-start|p1a: Walking Wake|protosynthesisspe\n|move|p1a: Walking Wake|Hydro Steam|p2b: Calyrex\n|-damage|p2b: Calyrex|0 fnt\n|faint|p2b: Calyrex\n|\n|win|inb_178\n|raw|inb_178's rating: 1314 &rarr; <strong>1334</strong><br />(+20 for winning)\n|raw|Y.V_Mad1's rating: 1309 &rarr; <strong>1289</strong><br />(-20 for losing)\n|l|\u2606Y.V_Mad1\n|player|p2|\n|l|\u2606inb_178\n|player|p1|\n","uploadtime":1771565805,"views":12,"formatid":"gen9vgc2026regi","rating":1289,"private":0,"password":null}