{"id":"gen9vgc2026regi-2553002107","format":"[Gen 9] VGC 2026 Reg I","players":["phoenix of rage","RandomcatFFR"],"log":"|j|\u2606phoenix of rage\n|j|\u2606RandomcatFFR\n|t:|1772783119\n|gametype|doubles\n|player|p1|phoenix of rage|102|1268\n|player|p2|RandomcatFFR|bugcatcher-gen4dp|1387\n|gen|9\n|tier|[Gen 9] VGC 2026 Reg I\n|rated|\n|rule|Species Clause: Limit one of each Pok\u00e9mon\n|rule|Item Clause: Limit 1 of each item\n|clearpoke\n|poke|p1|Zacian-*, L50|\n|poke|p1|Lunala, L50|\n|poke|p1|Indeedee-F, L50, F|\n|poke|p1|Maushold, L50|\n|poke|p1|Annihilape, L50, F|\n|poke|p1|Whimsicott, L50, M|\n|poke|p2|Lunala, L50|\n|poke|p2|Brute Bonnet, L50|\n|poke|p2|Ursaluna, L50, F|\n|poke|p2|Flutter Mane, L50|\n|poke|p2|Koraidon, L50|\n|poke|p2|Chi-Yu, L50|\n|teampreview|4\n|inactive|Battle timer is ON: inactive players will automatically lose when time's up. (requested by phoenix of rage)\n|inactive|phoenix of rage has 60 seconds left.\n|inactive|RandomcatFFR has 60 seconds left.\n|\n|t:|1772783171\n|teamsize|p1|4\n|teamsize|p2|4\n|start\n|switch|p1a: Whimsicott|Whimsicott, L50, M|100/100\n|switch|p1b: Lunala|Lunala, L50|100/100\n|switch|p2a: Evil Larry|Chi-Yu, L50|100/100\n|switch|p2b: Brute Bonnet|Brute Bonnet, L50|100/100\n|-ability|p2a: Evil Larry|Beads of Ruin\n|turn|1\n|inactive|phoenix of rage has 30 seconds left.\n|inactive|phoenix of rage has 20 seconds left.\n|inactive|phoenix of rage has 15 seconds left.\n|inactive|phoenix of rage has 10 seconds left.\n|\n|t:|1772783217\n|move|p1a: Whimsicott|Light Screen|p1a: Whimsicott\n|-sidestart|p1: phoenix of rage|move: Light Screen\n|move|p2a: Evil Larry|Snarl|p1b: Lunala|[spread] p1a,p1b\n|-resisted|p1a: Whimsicott\n|-supereffective|p1b: Lunala\n|-crit|p1b: Lunala\n|-damage|p1a: Whimsicott|88/100\n|-damage|p1b: Lunala|41/100\n|-unboost|p1b: Lunala|spa|1\n|move|p1b: Lunala|Meteor Beam||[still]\n|-prepare|p1b: Lunala|Meteor Beam\n|-boost|p1b: Lunala|spa|1\n|-enditem|p1b: Lunala|Power Herb\n|-anim|p1b: Lunala|Meteor Beam|p2a: Evil Larry\n|-supereffective|p2a: Evil Larry\n|-crit|p2a: Evil Larry\n|-damage|p2a: Evil Larry|0 fnt\n|faint|p2a: Evil Larry\n|move|p2b: Brute Bonnet|Spore|p1b: Lunala\n|-status|p1b: Lunala|slp|[from] move: Spore\n|\n|upkeep\n|\n|t:|1772783236\n|switch|p2a: Koraidon|Koraidon, L50|100/100\n|-weather|SunnyDay|[from] ability: Orichalcum Pulse|[of] p2a: Koraidon\n|-activate|p2b: Brute Bonnet|ability: Protosynthesis\n|-start|p2b: Brute Bonnet|protosynthesisspd\n|-activate|p2a: Koraidon|Orichalcum Pulse|[source]\n|turn|2\n|inactive|RandomcatFFR has 30 seconds left.\n|\n|t:|1772783263\n|-terastallize|p2a: Koraidon|Fire\n|move|p1a: Whimsicott|Tailwind|p1a: Whimsicott\n|-sidestart|p1: phoenix of rage|move: Tailwind\n|move|p2b: Brute Bonnet|Sucker Punch|p1b: Lunala\n|-supereffective|p1b: Lunala\n|-damage|p1b: Lunala|0 fnt\n|faint|p1b: Lunala\n|move|p2a: Koraidon|Flame Charge|p1a: Whimsicott\n|-supereffective|p1a: Whimsicott\n|-damage|p1a: Whimsicott|0 fnt\n|-boost|p2a: Koraidon|spe|1\n|faint|p1a: Whimsicott\n|-damage|p2a: Koraidon|91/100|[from] item: Life Orb\n|\n|-weather|SunnyDay|[upkeep]\n|upkeep\n|\n|t:|1772783281\n|switch|p1a: Zacian|Zacian-Crowned, L50|100/100\n|switch|p1b: Indeedee|Indeedee-F, L50, F|100/100\n|-ability|p1a: Zacian|Intrepid Sword|boost\n|-boost|p1a: Zacian|atk|1\n|-fieldstart|move: Psychic Terrain|[from] ability: Psychic Surge|[of] p1b: Indeedee\n|-enditem|p1b: Indeedee|Psychic Seed\n|-boost|p1b: Indeedee|spd|1|[from] item: Psychic Seed\n|turn|3\n|inactive|RandomcatFFR has 30 seconds left.\n|inactive|RandomcatFFR has 20 seconds left.\n|\n|t:|1772783320\n|-end|p2b: Brute Bonnet|Protosynthesis|[silent]\n|switch|p2b: Lunala|Lunala, L50|100/100\n|move|p2a: Koraidon|Protect|p2a: Koraidon\n|-singleturn|p2a: Koraidon|Protect\n|move|p1b: Indeedee|Follow Me|p1b: Indeedee\n|-singleturn|p1b: Indeedee|move: Follow Me\n|move|p1a: Zacian|Swords Dance|p1a: Zacian\n|-boost|p1a: Zacian|atk|2\n|\n|-weather|SunnyDay|[upkeep]\n|upkeep\n|turn|4\n|inactive|phoenix of rage has 30 seconds left.\n|\n|t:|1772783354\n|move|p1b: Indeedee|Helping Hand|p1a: Zacian\n|-singleturn|p1a: Zacian|Helping Hand|[of] p1b: Indeedee\n|move|p1a: Zacian|Behemoth Blade|p2a: Koraidon\n|-resisted|p2a: Koraidon\n|-damage|p2a: Koraidon|0 fnt\n|faint|p2a: Koraidon\n|move|p2b: Lunala|Trick Room|p2b: Lunala\n|-fieldstart|move: Trick Room|[of] p2b: Lunala\n|\n|-weather|SunnyDay|[upkeep]\n|upkeep\n|\n|t:|1772783362\n|switch|p2a: Brute Bonnet|Brute Bonnet, L50|100/100\n|-activate|p2a: Brute Bonnet|ability: Protosynthesis\n|-start|p2a: Brute Bonnet|protosynthesisspd\n|turn|5\n|\n|t:|1772783387\n|move|p1b: Indeedee|Follow Me|p1b: Indeedee\n|-singleturn|p1b: Indeedee|move: Follow Me\n|move|p2a: Brute Bonnet|Spore|p1b: Indeedee\n|-status|p1b: Indeedee|slp|[from] move: Spore\n|move|p2b: Lunala|Meteor Beam||[still]\n|-prepare|p2b: Lunala|Meteor Beam\n|-boost|p2b: Lunala|spa|1\n|-enditem|p2b: Lunala|Power Herb\n|-anim|p2b: Lunala|Meteor Beam|p1b: Indeedee\n|-damage|p1b: Indeedee|70/100 slp\n|move|p1a: Zacian|Play Rough|p2a: Brute Bonnet\n|-supereffective|p2a: Brute Bonnet\n|-damage|p2a: Brute Bonnet|0 fnt\n|faint|p2a: Brute Bonnet\n|-end|p2a: Brute Bonnet|Protosynthesis|[silent]\n|\n|-weather|SunnyDay|[upkeep]\n|-sideend|p1: phoenix of rage|move: Light Screen\n|-sideend|p1: phoenix of rage|move: Tailwind\n|upkeep\n|turn|6\n|\n|t:|1772783408\n|cant|p1b: Indeedee|slp\n|move|p2b: Lunala|Moongeist Beam|p1a: Zacian\n|-damage|p1a: Zacian|31/100\n|move|p1a: Zacian|Behemoth Blade|p2b: Lunala\n|-damage|p2b: Lunala|55/100\n|\n|-weather|none\n|upkeep\n|turn|7\n|\n|t:|1772783424\n|move|p1a: Zacian|Protect|p1a: Zacian\n|-singleturn|p1a: Zacian|Protect\n|move|p2b: Lunala|Moongeist Beam|p1a: Zacian\n|-activate|p1a: Zacian|move: Protect\n|-curestatus|p1b: Indeedee|slp|[msg]\n|move|p1b: Indeedee|Trick Room|p1b: Indeedee\n|-fieldend|move: Trick Room\n|\n|-fieldend|move: Psychic Terrain\n|upkeep\n|turn|8\n|\n|t:|1772783440\n|move|p1b: Indeedee|Helping Hand|p1a: Zacian\n|-singleturn|p1a: Zacian|Helping Hand|[of] p1b: Indeedee\n|move|p1a: Zacian|Behemoth Blade|p2b: Lunala\n|-damage|p2b: Lunala|0 fnt\n|faint|p2b: Lunala\n|\n|win|phoenix of rage\n|raw|phoenix of rage's rating: 1268 &rarr; <strong>1301</strong><br />(+33 for winning)\n|raw|RandomcatFFR's rating: 1387 &rarr; <strong>1360</strong><br />(-27 for losing)\n|l|\u2606RandomcatFFR\n|player|p2|\n","uploadtime":1772783495,"views":16,"formatid":"gen9vgc2026regi","rating":1301,"private":0,"password":null}