{"id":"gen9vgc2026regi-2577034142","format":"[Gen 9] VGC 2026 Reg I","players":["kaseypocius","xiaoliyunVGC"],"log":"|j|\u2606kaseypocius\n|j|\u2606xiaoliyunVGC\n|t:|1775529294\n|gametype|doubles\n|player|p1|kaseypocius|ariana|1339\n|player|p2|xiaoliyunVGC|liko|1468\n|gen|9\n|tier|[Gen 9] VGC 2026 Reg I\n|rated|\n|rule|Species Clause: Limit one of each Pok\u00e9mon\n|rule|Item Clause: Limit 1 of each item\n|clearpoke\n|poke|p1|Incineroar, L50, F|\n|poke|p1|Rillaboom, L50, F|\n|poke|p1|Ursaluna-Bloodmoon, L50, M|\n|poke|p1|Calyrex-Ice, L50|\n|poke|p1|Lunala, L50|\n|poke|p1|Indeedee-F, L50, F|\n|poke|p2|Miraidon, L50|\n|poke|p2|Zamazenta-*, L50|\n|poke|p2|Dragonite, L50, F|\n|poke|p2|Chien-Pao, L50|\n|poke|p2|Clefairy, L50, F|\n|poke|p2|Volcarona, L50, M|\n|teampreview|4\n|inactive|Battle timer is ON: inactive players will automatically lose when time's up. (requested by xiaoliyunVGC)\n|\n|t:|1775529322\n|teamsize|p1|4\n|teamsize|p2|4\n|start\n|switch|p1a: Incineroar|Incineroar, L50, F|100/100\n|switch|p1b: Lunala|Lunala, L50|100/100\n|switch|p2a: Volcarona|Volcarona, L50, M, shiny|100/100\n|switch|p2b: Zamazenta|Zamazenta-Crowned, L50, shiny|100/100\n|-ability|p2b: Zamazenta|Dauntless Shield|boost\n|-boost|p2b: Zamazenta|def|1\n|-ability|p1a: Incineroar|Intimidate|boost\n|-unboost|p2a: Volcarona|atk|1\n|-unboost|p2b: Zamazenta|atk|1\n|turn|1\n|\n|t:|1775529332\n|move|p1a: Incineroar|Fake Out|p2b: Zamazenta\n|-resisted|p2b: Zamazenta\n|-damage|p2b: Zamazenta|98/100\n|cant|p2b: Zamazenta|flinch\n|move|p2a: Volcarona|Quiver Dance|p2a: Volcarona\n|-boost|p2a: Volcarona|spa|1\n|-boost|p2a: Volcarona|spd|1\n|-boost|p2a: Volcarona|spe|1\n|move|p1b: Lunala|Trick Room|p1b: Lunala\n|-fieldstart|move: Trick Room|[of] p1b: Lunala\n|\n|upkeep\n|turn|2\n|\n|t:|1775529340\n|move|p2a: Volcarona|Protect|p2a: Volcarona\n|-singleturn|p2a: Volcarona|Protect\n|move|p1a: Incineroar|Parting Shot|p2b: Zamazenta\n|-unboost|p2b: Zamazenta|atk|1\n|-unboost|p2b: Zamazenta|spa|1\n|\n|t:|1775529344\n|switch|p1a: Calyrex|Calyrex-Ice, L50|100/100|[from] Parting Shot\n|-ability|p1a: Calyrex|As One\n|-ability|p1a: Calyrex|Unnerve\n|move|p1b: Lunala|Meteor Beam||[still]\n|-prepare|p1b: Lunala|Meteor Beam\n|-boost|p1b: Lunala|spa|1\n|-enditem|p1b: Lunala|Power Herb\n|-anim|p1b: Lunala|Meteor Beam|p2a: Volcarona\n|-activate|p2a: Volcarona|move: Protect\n|move|p2b: Zamazenta|Body Press|p1a: Calyrex\n|-damage|p1a: Calyrex|60/100\n|\n|-heal|p1a: Calyrex|66/100|[from] item: Leftovers\n|upkeep\n|turn|3\n|\n|t:|1775529365\n|move|p1a: Calyrex|Leech Seed|p2b: Zamazenta\n|-start|p2b: Zamazenta|move: Leech Seed\n|move|p1b: Lunala|Moongeist Beam|p2a: Volcarona\n|-damage|p2a: Volcarona|47/100\n|move|p2b: Zamazenta|Body Press|p1a: Calyrex\n|-damage|p1a: Calyrex|29/100\n|move|p2a: Volcarona|Flamethrower|p1a: Calyrex\n|-supereffective|p1a: Calyrex\n|-damage|p1a: Calyrex|0 fnt\n|faint|p1a: Calyrex\n|\n|-heal|p2a: Volcarona|54/100|[from] item: Leftovers\n|upkeep\n|\n|t:|1775529376\n|switch|p1a: Ursaluna|Ursaluna-Bloodmoon, L50, M|100/100\n|turn|4\n|\n|t:|1775529384\n|move|p2b: Zamazenta|Protect|p2b: Zamazenta\n|-singleturn|p2b: Zamazenta|Protect\n|move|p1a: Ursaluna|Earth Power|p2b: Zamazenta\n|-activate|p2b: Zamazenta|move: Protect\n|move|p1b: Lunala|Moongeist Beam|p2a: Volcarona\n|-damage|p2a: Volcarona|0 fnt\n|faint|p2a: Volcarona\n|\n|-damage|p2b: Zamazenta|86/100|[from] Leech Seed|[of] p1a: Ursaluna\n|upkeep\n|\n|t:|1775529393\n|switch|p2a: Clefairy|Clefairy, L50, F, shiny|100/100\n|turn|5\n|\n|t:|1775529399\n|move|p2a: Clefairy|Follow Me|p2a: Clefairy\n|-singleturn|p2a: Clefairy|move: Follow Me\n|move|p1a: Ursaluna|Earth Power|p2a: Clefairy\n|-damage|p2a: Clefairy|38/100\n|-damage|p1a: Ursaluna|90/100|[from] item: Life Orb\n|move|p1b: Lunala|Expanding Force|p2a: Clefairy\n|-damage|p2a: Clefairy|0 fnt\n|faint|p2a: Clefairy\n|move|p2b: Zamazenta|Body Press|p1a: Ursaluna\n|-supereffective|p1a: Ursaluna\n|-damage|p1a: Ursaluna|0 fnt\n|faint|p1a: Ursaluna\n|\n|-fieldend|move: Trick Room\n|upkeep\n|\n|t:|1775529411\n|switch|p1a: Incineroar|Incineroar, L50, F|100/100\n|switch|p2a: Miraidon|Miraidon, L50, shiny|100/100\n|-fieldstart|move: Electric Terrain|[from] ability: Hadron Engine|[of] p2a: Miraidon\n|-ability|p1a: Incineroar|Intimidate|boost\n|-unboost|p2a: Miraidon|atk|1\n|-unboost|p2b: Zamazenta|atk|1\n|turn|6\n|\n|t:|1775529423\n|-terastallize|p2a: Miraidon|Electric\n|move|p1a: Incineroar|Fake Out|p2b: Zamazenta\n|-resisted|p2b: Zamazenta\n|-damage|p2b: Zamazenta|84/100\n|move|p2a: Miraidon|Electro Drift|p1a: Incineroar\n|-damage|p1a: Incineroar|0 fnt\n|faint|p1a: Incineroar\n|-damage|p2a: Miraidon|91/100|[from] item: Life Orb\n|cant|p2b: Zamazenta|flinch\n|move|p1b: Lunala|Trick Room|p1b: Lunala\n|-fieldstart|move: Trick Room|[of] p1b: Lunala\n|\n|upkeep\n|turn|7\n|\n|t:|1775529443\n|move|p2a: Miraidon|Protect|p2a: Miraidon\n|-singleturn|p2a: Miraidon|Protect\n|move|p1b: Lunala|Moongeist Beam|p2a: Miraidon\n|-activate|p2a: Miraidon|move: Protect\n|move|p2b: Zamazenta|Behemoth Bash|p1b: Lunala\n|-damage|p1b: Lunala|94/100\n|\n|upkeep\n|turn|8\n|\n|t:|1775529453\n|move|p1b: Lunala|Moongeist Beam|p2a: Miraidon\n|-crit|p2a: Miraidon\n|-damage|p2a: Miraidon|0 fnt\n|faint|p2a: Miraidon\n|move|p2b: Zamazenta|Behemoth Bash|p1b: Lunala\n|-damage|p1b: Lunala|80/100\n|\n|upkeep\n|turn|9\n|\n|t:|1775529465\n|move|p1b: Lunala|Moongeist Beam|p2b: Zamazenta\n|-damage|p2b: Zamazenta|26/100\n|move|p2b: Zamazenta|Behemoth Bash|p1b: Lunala\n|-damage|p1b: Lunala|67/100\n|\n|upkeep\n|turn|10\n|-message|xiaoliyunVGC forfeited.\n|\n|win|kaseypocius\n|raw|kaseypocius's rating: 1339 &rarr; <strong>1366</strong><br />(+27 for winning)\n|raw|xiaoliyunVGC's rating: 1468 &rarr; <strong>1441</strong><br />(-27 for losing)\n|l|\u2606xiaoliyunVGC\n|player|p2|\n","uploadtime":1775529484,"views":12,"formatid":"gen9vgc2026regi","rating":1366,"private":0,"password":null}