{"id":"gen9vgc2026regi-2580352921","format":"[Gen 9] VGC 2026 Reg I","players":["TheManOfSausage","RandomcatFFR"],"log":"|j|\u2606TheManOfSausage\n|j|\u2606RandomcatFFR\n|t:|1775884164\n|gametype|doubles\n|player|p1|TheManOfSausage|miku-water|1699\n|player|p2|RandomcatFFR|bugcatcher-gen4dp|1547\n|gen|9\n|tier|[Gen 9] VGC 2026 Reg I\n|rated|\n|rule|Species Clause: Limit one of each Pok\u00e9mon\n|rule|Item Clause: Limit 1 of each item\n|clearpoke\n|poke|p1|Calyrex-Ice, L50|\n|poke|p1|Miraidon, L50|\n|poke|p1|Farigiraf, L50, F|\n|poke|p1|Volcarona, L50, M|\n|poke|p1|Urshifu-*, L50, M|\n|poke|p1|Iron Hands, L50|\n|poke|p2|Miraidon, L50|\n|poke|p2|Lunala, L50|\n|poke|p2|Whimsicott, L50, M|\n|poke|p2|Urshifu-*, L50, M|\n|poke|p2|Incineroar, L50, F|\n|poke|p2|Ursaluna, L50, M|\n|teampreview|4\nTheManOfSausage has agreed to open team sheets.\n|\n|t:|1775884199\n|teamsize|p1|4\n|teamsize|p2|4\n|start\n|switch|p1a: Magical Mirai|Miraidon, L50|100/100\n|switch|p1b: Ogurin|Calyrex-Ice, L50|100/100\n|switch|p2a: Urshifu|Urshifu-Rapid-Strike, L50, M|100/100\n|switch|p2b: Incineroar|Incineroar, L50, F|100/100\n|-ability|p1b: Ogurin|As One\n|-ability|p1b: Ogurin|Unnerve\n|-fieldstart|move: Electric Terrain|[from] ability: Hadron Engine|[of] p1a: Magical Mirai\n|-ability|p2b: Incineroar|Intimidate|boost\n|-unboost|p1a: Magical Mirai|atk|1\n|-fail|p1b: Ogurin|unboost|[from] item: Clear Amulet|[of] p1b: Ogurin\n|turn|1\n|\n|t:|1775884275\n|-terastallize|p1b: Ogurin|Water\n|move|p2a: Urshifu|Detect|p2a: Urshifu\n|-singleturn|p2a: Urshifu|Protect\n|move|p1a: Magical Mirai|Volt Switch|p2a: Urshifu\n|-activate|p2a: Urshifu|move: Protect\n|move|p2b: Incineroar|U-turn|p1b: Ogurin\n|-damage|p1b: Ogurin|88/100\n|\n|t:|1775884283\n|switch|p2b: Lunala|Lunala, L50|100/100|[from] U-turn\n|-enditem|p2b: Lunala|Electric Seed\n|-boost|p2b: Lunala|def|1|[from] item: Electric Seed\n|move|p1b: Ogurin|High Horsepower|p2b: Lunala\n|-damage|p2b: Lunala|89/100\n|\n|upkeep\n|turn|2\n|j| eggs egs\n|\n|t:|1775884329\n|move|p1a: Magical Mirai|Volt Switch|p2a: Urshifu\n|-supereffective|p2a: Urshifu\n|-enditem|p2a: Urshifu|Focus Sash\n|-damage|p2a: Urshifu|1/100\n|\n|t:|1775884334\n|switch|p1a: Volcarona|Volcarona, L50, M, shiny|100/100|[from] Volt Switch\n|move|p2a: Urshifu|Surging Strikes|p1a: Volcarona\n|-supereffective|p1a: Volcarona\n|-crit|p1a: Volcarona\n|-damage|p1a: Volcarona|46/100\n|-damage|p2a: Urshifu|0 fnt|[from] item: Rocky Helmet|[of] p1a: Volcarona\n|faint|p2a: Urshifu\n|-hitcount|p1a: Volcarona|1\n|move|p2b: Lunala|Moongeist Beam|p1b: Ogurin\n|-damage|p1b: Ogurin|50/100\n|move|p1b: Ogurin|Glacial Lance|p2b: Lunala\n|-damage|p2b: Lunala|44/100\n|\n|upkeep\n|\n|t:|1775884351\n|switch|p2a: Incineroar|Incineroar, L50, F|100/100\n|-ability|p2a: Incineroar|Intimidate|boost\n|-unboost|p1a: Volcarona|atk|1\n|-fail|p1b: Ogurin|unboost|[from] item: Clear Amulet|[of] p1b: Ogurin\n|turn|3\n|\n|t:|1775884398\n|move|p1b: Ogurin|Protect|p1b: Ogurin\n|-singleturn|p1b: Ogurin|Protect\n|move|p2a: Incineroar|Fake Out|p1a: Volcarona\n|-damage|p1a: Volcarona|34/100\n|-damage|p2a: Incineroar|84/100|[from] item: Rocky Helmet|[of] p1a: Volcarona\n|cant|p1a: Volcarona|flinch\n|move|p2b: Lunala|Moongeist Beam|p1b: Ogurin\n|-activate|p1b: Ogurin|move: Protect\n|\n|upkeep\n|turn|4\n|\n|t:|1775884453\n|switch|p1b: Magical Mirai|Miraidon, L50|100/100\n|-activate|p1b: Magical Mirai|ability: Hadron Engine\n|move|p1a: Volcarona|Fiery Dance|p2b: Lunala\n|-damage|p2b: Lunala|13/100\n|move|p2a: Incineroar|Knock Off|p1b: Magical Mirai\n|-damage|p1b: Magical Mirai|64/100\n|-enditem|p1b: Magical Mirai|Choice Scarf|[from] move: Knock Off|[of] p2a: Incineroar\n|move|p2b: Lunala|Trick Room|p2b: Lunala\n|-fieldstart|move: Trick Room|[of] p2b: Lunala\n|\n|upkeep\n|turn|5\n|j| identityline1\n|\n|t:|1775884499\n|move|p2a: Incineroar|Knock Off|p1a: Volcarona\n|-damage|p1a: Volcarona|0 fnt\n|-damage|p2a: Incineroar|68/100|[from] item: Rocky Helmet|[of] p1a: Volcarona\n|-enditem|p1a: Volcarona|Rocky Helmet|[from] move: Knock Off|[of] p2a: Incineroar\n|faint|p1a: Volcarona\n|move|p2b: Lunala|Moonblast|p1b: Magical Mirai\n|-supereffective|p1b: Magical Mirai\n|-damage|p1b: Magical Mirai|4/100\n|-unboost|p1b: Magical Mirai|spa|1\n|move|p1b: Magical Mirai|Volt Switch|p2b: Lunala\n|-damage|p2b: Lunala|0 fnt\n|faint|p2b: Lunala\n|\n|t:|1775884505\n|switch|p1b: Ogurin|Calyrex-Ice, L50, tera:Water|50/100|[from] Volt Switch\n|-ability|p1b: Ogurin|As One\n|-ability|p1b: Ogurin|Unnerve\n|\n|-fieldend|move: Electric Terrain\n|upkeep\n|\n|t:|1775884507\n|switch|p2b: Miraidon|Miraidon, L50|100/100\n|switch|p1a: Brian|Iron Hands, L50, shiny|100/100\n|-fieldstart|move: Electric Terrain|[from] ability: Hadron Engine|[of] p2b: Miraidon\n|-activate|p1a: Brian|ability: Quark Drive\n|-start|p1a: Brian|quarkdriveatk\n|turn|6\n|l| identityline1\n|\n|t:|1775884545\n|-terastallize|p2b: Miraidon|Electric\n|move|p1a: Brian|Fake Out|p2b: Miraidon\n|-damage|p2b: Miraidon|80/100\n|move|p1b: Ogurin|Glacial Lance|p2b: Miraidon|[spread] p2a,p2b\n|-resisted|p2a: Incineroar\n|-damage|p2a: Incineroar|38/100\n|-damage|p2b: Miraidon|20/100\n|move|p2a: Incineroar|Flare Blitz|p1a: Brian\n|-damage|p1a: Brian|70/100\n|-damage|p2a: Incineroar|25/100|[from] Recoil\n|cant|p2b: Miraidon|flinch\n|\n|upkeep\n|turn|7\n|-message|RandomcatFFR forfeited.\n|\n|win|TheManOfSausage\n|raw|TheManOfSausage's rating: 1699 &rarr; <strong>1711</strong><br />(+12 for winning)\n|raw|RandomcatFFR's rating: 1547 &rarr; <strong>1535</strong><br />(-12 for losing)\n|l|\u2606RandomcatFFR\n|player|p2|\n|l| eggs egs\n|l|\u2606TheManOfSausage\n|player|p1|\n","uploadtime":1775884813,"views":17,"formatid":"gen9vgc2026regi","rating":1535,"private":0,"password":null}