{"id":"gen9vgc2026regi-2544803347","format":"[Gen 9] VGC 2026 Reg I","players":["Schimmli","VJ2511"],"log":"|j|\u2606Schimmli\n|j|\u2606VJ2511\n|t:|1771762701\n|gametype|doubles\n|player|p1|Schimmli|266|1605\n|player|p2|VJ2511|red-masters3|1589\n|gen|9\n|tier|[Gen 9] VGC 2026 Reg I\n|rated|\n|rule|Species Clause: Limit one of each Pok\u00e9mon\n|rule|Item Clause: Limit 1 of each item\n|clearpoke\n|poke|p1|Terapagos, L50, M|\n|poke|p1|Calyrex-Shadow, L50|\n|poke|p1|Flutter Mane, L50|\n|poke|p1|Ogerpon-Cornerstone, L50, F|\n|poke|p1|Incineroar, L50, F|\n|poke|p1|Rillaboom, L50, M|\n|poke|p2|Calyrex-Shadow, L50|\n|poke|p2|Zamazenta-*, L50|\n|poke|p2|Chien-Pao, L50|\n|poke|p2|Dragonite, L50, F|\n|poke|p2|Raging Bolt, L50|\n|poke|p2|Amoonguss, L50, F|\n|teampreview|4\n|inactive|Battle timer is ON: inactive players will automatically lose when time's up. (requested by VJ2511)\n|\n|t:|1771762723\n|teamsize|p1|4\n|teamsize|p2|4\n|start\n|switch|p1a: Terapagos|Terapagos, L50, M|100/100\n|switch|p1b: Calyrex|Calyrex-Shadow, L50|100/100\n|switch|p2a: Calyrex|Calyrex-Shadow, L50|100/100\n|switch|p2b: Dragonite|Dragonite, L50, F, shiny|100/100\n|-activate|p1a: Terapagos|ability: Tera Shift\n|detailschange|p1a: Terapagos|Terapagos-Terastal, L50, M\n|-heal|p1a: Terapagos|100/100|[silent]\n|-ability|p1b: Calyrex|As One\n|-ability|p1b: Calyrex|Unnerve\n|-ability|p2a: Calyrex|As One\n|-ability|p2a: Calyrex|Unnerve\n|turn|1\n|inactive|Schimmli has 30 seconds left.\n|\n|t:|1771762754\n|move|p2b: Dragonite|Aqua Jet|p1b: Calyrex\n|-damage|p1b: Calyrex|72/100\n|move|p1b: Calyrex|Astral Barrage|p2a: Calyrex|[spread] p2a,p2b\n|-supereffective|p2a: Calyrex\n|-enditem|p2a: Calyrex|Focus Sash\n|-damage|p2a: Calyrex|1/100\n|-damage|p2b: Dragonite|51/100\n|move|p2a: Calyrex|Astral Barrage|p1a: Terapagos|[spread] p1b\n|-immune|p1a: Terapagos\n|-supereffective|p1b: Calyrex\n|-damage|p1b: Calyrex|0 fnt\n|faint|p1b: Calyrex\n|-ability|p2a: Calyrex|Grim Neigh|boost\n|-boost|p2a: Calyrex|spa|1\n|move|p1a: Terapagos|Calm Mind|p1a: Terapagos\n|-boost|p1a: Terapagos|spa|1\n|-boost|p1a: Terapagos|spd|1\n|\n|upkeep\n|\n|t:|1771762776\n|switch|p1b: Incineroar|Incineroar, L50, F, shiny|100/100\n|-ability|p1b: Incineroar|Intimidate|boost\n|-unboost|p2a: Calyrex|atk|1\n|-fail|p2b: Dragonite|unboost|Attack|[from] ability: Inner Focus|[of] p2b: Dragonite\n|turn|2\n|\n|t:|1771762787\n|move|p2b: Dragonite|Aqua Jet|p1b: Incineroar\n|-supereffective|p1b: Incineroar\n|-damage|p1b: Incineroar|65/100\n|-damage|p2b: Dragonite|35/100|[from] item: Rocky Helmet|[of] p1b: Incineroar\n|move|p2a: Calyrex|Encore|p1a: Terapagos\n|-start|p1a: Terapagos|Encore\n|move|p1a: Terapagos|Calm Mind|p1a: Terapagos\n|-boost|p1a: Terapagos|spa|1\n|-boost|p1a: Terapagos|spd|1\n|move|p1b: Incineroar|Parting Shot|p2b: Dragonite\n|-unboost|p2b: Dragonite|atk|1\n|-unboost|p2b: Dragonite|spa|1\n|\n|t:|1771762798\n|switch|p1b: Flutter Mane|Flutter Mane, L50|100/100|[from] Parting Shot\n|-enditem|p1b: Flutter Mane|Booster Energy\n|-activate|p1b: Flutter Mane|ability: Protosynthesis|[fromitem]\n|-start|p1b: Flutter Mane|protosynthesisspe\n|\n|upkeep\n|turn|3\n|\n|t:|1771762808\n|move|p2b: Dragonite|Aqua Jet|p1b: Flutter Mane\n|-damage|p1b: Flutter Mane|77/100\n|move|p1b: Flutter Mane|Moonblast|p2a: Calyrex\n|-damage|p2a: Calyrex|0 fnt\n|faint|p2a: Calyrex\n|move|p1a: Terapagos|Calm Mind|p1a: Terapagos\n|-boost|p1a: Terapagos|spa|1\n|-boost|p1a: Terapagos|spd|1\n|\n|upkeep\n|\n|t:|1771762815\n|switch|p2a: Zamazenta|Zamazenta-Crowned, L50|100/100\n|-ability|p2a: Zamazenta|Dauntless Shield|boost\n|-boost|p2a: Zamazenta|def|1\n|turn|4\n|\n|t:|1771762827\n|-terastallize|p1a: Terapagos|Stellar\n|detailschange|p1a: Terapagos|Terapagos-Stellar, L50, M, tera:Stellar\n|-heal|p1a: Terapagos|100/100|[silent]\n|move|p2b: Dragonite|Aqua Jet|p1a: Terapagos\n|-damage|p1a: Terapagos|93/100\n|move|p1b: Flutter Mane|Thunder Wave|p2a: Zamazenta\n|-status|p2a: Zamazenta|par\n|move|p1a: Terapagos|Calm Mind|p1a: Terapagos\n|-boost|p1a: Terapagos|spa|1\n|-boost|p1a: Terapagos|spd|1\n|move|p2a: Zamazenta|Body Press|p1a: Terapagos\n|-supereffective|p1a: Terapagos\n|-damage|p1a: Terapagos|28/100\n|\n|-heal|p1a: Terapagos|34/100|[from] item: Leftovers\n|-end|p1a: Terapagos|Encore\n|upkeep\n|turn|5\n|\n|t:|1771762845\n|move|p2a: Zamazenta|Wide Guard|p2a: Zamazenta\n|-singleturn|p2a: Zamazenta|Wide Guard\n|move|p2b: Dragonite|Aqua Jet|p1a: Terapagos\n|-damage|p1a: Terapagos|25/100\n|move|p1b: Flutter Mane|Moonblast|p2b: Dragonite\n|-supereffective|p2b: Dragonite\n|-damage|p2b: Dragonite|0 fnt\n|faint|p2b: Dragonite\n|move|p1a: Terapagos|Earth Power|p2a: Zamazenta\n|-supereffective|p2a: Zamazenta\n|-damage|p2a: Zamazenta|0 fnt\n|faint|p2a: Zamazenta\n|\n|-heal|p1a: Terapagos|32/100|[from] item: Leftovers\n|upkeep\n|\n|t:|1771762851\n|switch|p2a: Chien-Pao|Chien-Pao, L50|100/100\n|-ability|p2a: Chien-Pao|Sword of Ruin\n|turn|6\n|-message|VJ2511 forfeited.\n|\n|win|Schimmli\n|raw|Schimmli's rating: 1605 &rarr; <strong>1624</strong><br />(+19 for winning)\n|raw|VJ2511's rating: 1589 &rarr; <strong>1570</strong><br />(-19 for losing)\n|l|\u2606VJ2511\n|player|p2|\n|l|\u2606Schimmli\n|player|p1|\n","uploadtime":1771763120,"views":86,"formatid":"gen9vgc2026regi","rating":1570,"private":0,"password":null}