{"id":"gen9vgc2026regi-2562011080","format":"[Gen 9] VGC 2026 Reg I","players":["renlovgc","Jonen"],"log":"|j|\u2606renlovgc\n|j|\u2606Jonen\n|t:|1773862837\n|gametype|doubles\n|player|p1|renlovgc|170|1478\n|player|p2|Jonen|hiker-gen4|1395\n|gen|9\n|tier|[Gen 9] VGC 2026 Reg I\n|rated|\n|rule|Species Clause: Limit one of each Pok\u00e9mon\n|rule|Item Clause: Limit 1 of each item\n|clearpoke\n|poke|p1|Miraidon, L50|\n|poke|p1|Lunala, L50|\n|poke|p1|Whimsicott, L50, F|\n|poke|p1|Urshifu-*, L50, F|\n|poke|p1|Ursaluna, L50, M|\n|poke|p1|Incineroar, L50, F|\n|poke|p2|Miraidon, L50|\n|poke|p2|Calyrex-Ice, L50|\n|poke|p2|Urshifu-*, L50, F|\n|poke|p2|Sneasler, L50, F|\n|poke|p2|Incineroar, L50, F|\n|poke|p2|Ditto, L50|\n|teampreview|4\n|inactive|Battle timer is ON: inactive players will automatically lose when time's up. (requested by Jonen)\n|inactive|renlovgc also wants the timer to be on.\n|inactive|Jonen has 60 seconds left.\n|\n|t:|1773862880\n|teamsize|p1|4\n|teamsize|p2|4\n|start\n|switch|p1a: Incineroar|Incineroar, L50, F|100/100\n|switch|p1b: Lunala|Lunala, L50|100/100\n|switch|p2a: Miraidon|Miraidon, L50|100/100\n|switch|p2b: Calyrex|Calyrex-Ice, L50|100/100\n|-ability|p2b: Calyrex|As One\n|-ability|p2b: Calyrex|Unnerve\n|-fieldstart|move: Electric Terrain|[from] ability: Hadron Engine|[of] p2a: Miraidon\n|-enditem|p1b: Lunala|Electric Seed\n|-boost|p1b: Lunala|def|1|[from] item: Electric Seed\n|-ability|p1a: Incineroar|Intimidate|boost\n|-unboost|p2a: Miraidon|atk|1\n|-fail|p2b: Calyrex|unboost|[from] item: Clear Amulet|[of] p2b: Calyrex\n|turn|1\n|\n|t:|1773862891\n|move|p1a: Incineroar|Fake Out|p2a: Miraidon\n|-crit|p2a: Miraidon\n|-damage|p2a: Miraidon|84/100\n|cant|p2a: Miraidon|flinch\n|move|p1b: Lunala|Moongeist Beam|p2b: Calyrex\n|-supereffective|p2b: Calyrex\n|-damage|p2b: Calyrex|30/100\n|move|p2b: Calyrex|High Horsepower|p1a: Incineroar\n|-supereffective|p1a: Incineroar\n|-damage|p1a: Incineroar|47/100\n|\n|upkeep\n|turn|2\n|\n|t:|1773862911\n|switch|p1a: Miraidon|Miraidon, L50|100/100\n|-activate|p1a: Miraidon|ability: Hadron Engine\n|move|p2b: Calyrex|Protect|p2b: Calyrex\n|-singleturn|p2b: Calyrex|Protect\n|move|p2a: Miraidon|Volt Switch|p1b: Lunala\n|-crit|p1b: Lunala\n|-damage|p1b: Lunala|56/100\n|-damage|p2a: Miraidon|74/100|[from] item: Life Orb\n|\n|t:|1773862922\n|switch|p2a: Sneasler|Sneasler, L50, F|100/100|[from] Volt Switch\n|-enditem|p2a: Sneasler|Electric Seed\n|-boost|p2a: Sneasler|def|1|[from] item: Electric Seed\n|move|p1b: Lunala|Moongeist Beam|p2b: Calyrex\n|-activate|p2b: Calyrex|move: Protect\n|\n|upkeep\n|turn|3\n|\n|t:|1773862935\n|switch|p1a: Incineroar|Incineroar, L50, F|47/100\n|-ability|p1a: Incineroar|Intimidate|boost\n|-unboost|p2a: Sneasler|atk|1\n|-fail|p2b: Calyrex|unboost|[from] item: Clear Amulet|[of] p2b: Calyrex\n|move|p2a: Sneasler|Throat Chop|p1b: Lunala\n|-supereffective|p1b: Lunala\n|-damage|p1b: Lunala|14/100\n|-start|p1b: Lunala|Throat Chop|[silent]\n|move|p1b: Lunala|Moongeist Beam|p2b: Calyrex\n|-supereffective|p2b: Calyrex\n|-damage|p2b: Calyrex|0 fnt\n|faint|p2b: Calyrex\n|\n|upkeep\n|\n|t:|1773862947\n|switch|p2b: Miraidon|Miraidon, L50|74/100\n|-activate|p2b: Miraidon|ability: Hadron Engine\n|turn|4\n|\n|t:|1773862968\n|-terastallize|p1a: Incineroar|Ghost\n|move|p2a: Sneasler|Throat Chop|p1b: Lunala\n|-supereffective|p1b: Lunala\n|-crit|p1b: Lunala\n|-damage|p1b: Lunala|0 fnt\n|faint|p1b: Lunala\n|move|p2b: Miraidon|Electro Drift|p1a: Incineroar\n|-crit|p1a: Incineroar\n|-damage|p1a: Incineroar|0 fnt\n|faint|p1a: Incineroar\n|-damage|p2b: Miraidon|64/100|[from] item: Life Orb\n|\n|upkeep\n|\n|t:|1773862980\n|switch|p1b: Miraidon|Miraidon, L50|100/100\n|switch|p1a: Ursaluna|Ursaluna, L50, M|100/100\n|-activate|p1b: Miraidon|ability: Hadron Engine\n|turn|5\n|\n|t:|1773863001\n|move|p2b: Miraidon|Protect|p2b: Miraidon\n|-singleturn|p2b: Miraidon|Protect\n|move|p1a: Ursaluna|Protect|p1a: Ursaluna\n|-singleturn|p1a: Ursaluna|Protect\n|move|p2a: Sneasler|Low Kick|p1b: Miraidon\n|-damage|p1b: Miraidon|62/100\n|move|p1b: Miraidon|Dazzling Gleam|p2b: Miraidon|[spread] p2a\n|-activate|p2b: Miraidon|move: Protect\n|-damage|p2a: Sneasler|46/100\n|\n|-fieldend|move: Electric Terrain\n|-status|p1a: Ursaluna|brn|[from] item: Flame Orb\n|upkeep\n|turn|6\n|\n|t:|1773863022\n|-terastallize|p2b: Miraidon|Electric\n|move|p2a: Sneasler|Low Kick|p1a: Ursaluna\n|-supereffective|p1a: Ursaluna\n|-damage|p1a: Ursaluna|40/100 brn\n|move|p2b: Miraidon|Draco Meteor|p1a: Ursaluna\n|-damage|p1a: Ursaluna|0 fnt\n|-unboost|p2b: Miraidon|spa|2\n|faint|p1a: Ursaluna\n|-damage|p2b: Miraidon|55/100|[from] item: Life Orb\n|move|p1b: Miraidon|Dazzling Gleam|p2b: Miraidon|[spread] p2a,p2b\n|-crit|p2a: Sneasler\n|-damage|p2a: Sneasler|0 fnt\n|-damage|p2b: Miraidon|24/100\n|faint|p2a: Sneasler\n|\n|upkeep\n|\n|t:|1773863029\n|switch|p2a: Ditto|Ditto, L50|100/100\n|-transform|p2a: Ditto|p1b: Miraidon|[from] ability: Imposter\n|-fieldstart|move: Electric Terrain|[from] ability: Hadron Engine|[of] p2a: Ditto\n|turn|7\n|\n|t:|1773863035\n|move|p2a: Ditto|Dazzling Gleam|p1b: Miraidon\n|-supereffective|p1b: Miraidon\n|-damage|p1b: Miraidon|0 fnt\n|faint|p1b: Miraidon\n|\n|win|Jonen\n|raw|renlovgc's rating: 1478 &rarr; <strong>1453</strong><br />(-25 for losing)\n|raw|Jonen's rating: 1395 &rarr; <strong>1420</strong><br />(+25 for winning)\n","uploadtime":1773863035,"views":13,"formatid":"gen9vgc2026regi","rating":1420,"private":0,"password":null}