{"id":"gen9vgc2026regi-2526552118","format":"[Gen 9] VGC 2026 Reg I","players":["ployueng","Schimmli"],"log":"|j|\u2606ployueng\n|j|\u2606Schimmli\n|t:|1769433472\n|gametype|doubles\n|player|p1|ployueng|1|1339\n|player|p2|Schimmli|1|1402\n|gen|9\n|tier|[Gen 9] VGC 2026 Reg I\n|rated|\n|rule|Species Clause: Limit one of each Pok\u00e9mon\n|rule|Item Clause: Limit 1 of each item\n|clearpoke\n|poke|p1|Koraidon, L50|\n|poke|p1|Calyrex-Shadow, L50|\n|poke|p1|Indeedee-F, L50, F|\n|poke|p1|Brute Bonnet, L50|\n|poke|p1|Scream Tail, L50|\n|poke|p1|Whimsicott, L50, M|\n|poke|p2|Terapagos, L50, M|\n|poke|p2|Calyrex-Shadow, L50|\n|poke|p2|Flutter Mane, L50|\n|poke|p2|Ogerpon-Cornerstone, L50, F|\n|poke|p2|Incineroar, L50, F|\n|poke|p2|Rillaboom, L50, F|\n|teampreview|4\n|\n|t:|1769433507\n|teamsize|p1|4\n|teamsize|p2|4\n|start\n|switch|p1a: Koraidon|Koraidon, L50|100/100\n|switch|p1b: Brute Bonnet|Brute Bonnet, L50|100/100\n|switch|p2a: Terapagos|Terapagos, L50, M|100/100\n|switch|p2b: Incineroar|Incineroar, L50, F, shiny|100/100\n|-activate|p2a: Terapagos|ability: Tera Shift\n|detailschange|p2a: Terapagos|Terapagos-Terastal, L50, M\n|-heal|p2a: Terapagos|100/100|[silent]\n|-weather|SunnyDay|[from] ability: Orichalcum Pulse|[of] p1a: Koraidon\n|-activate|p1b: Brute Bonnet|ability: Protosynthesis\n|-start|p1b: Brute Bonnet|protosynthesisdef\n|-activate|p1a: Koraidon|Orichalcum Pulse|[source]\n|-ability|p2b: Incineroar|Intimidate|boost\n|-unboost|p1a: Koraidon|atk|1\n|-unboost|p1b: Brute Bonnet|atk|1\n|turn|1\n|\n|t:|1769433544\n|-end|p1b: Brute Bonnet|Protosynthesis|[silent]\n|switch|p1b: Indeedee|Indeedee-F, L50, F|100/100\n|-fieldstart|move: Psychic Terrain|[from] ability: Psychic Surge|[of] p1b: Indeedee\n|move|p2b: Incineroar|Fake Out|p1b: Indeedee\n|-activate|p1b: Indeedee|move: Psychic Terrain\n|move|p1a: Koraidon|Close Combat|p2b: Incineroar\n|-supereffective|p2b: Incineroar\n|-damage|p2b: Incineroar|0 fnt\n|-unboost|p1a: Koraidon|def|1\n|-unboost|p1a: Koraidon|spd|1\n|-damage|p1a: Koraidon|84/100|[from] item: Rocky Helmet|[of] p2b: Incineroar\n|faint|p2b: Incineroar\n|-damage|p1a: Koraidon|74/100|[from] item: Life Orb\n|move|p2a: Terapagos|Calm Mind|p2a: Terapagos\n|-boost|p2a: Terapagos|spa|1\n|-boost|p2a: Terapagos|spd|1\n|\n|-weather|SunnyDay|[upkeep]\n|upkeep\n|\n|t:|1769433573\n|switch|p2b: Rillaboom|Rillaboom, L50, F|100/100\n|-fieldstart|move: Grassy Terrain|[from] ability: Grassy Surge|[of] p2b: Rillaboom\n|turn|2\n|\n|t:|1769433604\n|switch|p1a: Brute Bonnet|Brute Bonnet, L50|100/100\n|-activate|p1a: Brute Bonnet|ability: Protosynthesis\n|-start|p1a: Brute Bonnet|protosynthesisdef\n|move|p2b: Rillaboom|Fake Out|p1b: Indeedee\n|-damage|p1b: Indeedee|87/100\n|-enditem|p1b: Indeedee|Eject Button\n|\n|t:|1769433616\n|switch|p1b: Koraidon|Koraidon, L50|74/100\n|-activate|p1b: Koraidon|ability: Orichalcum Pulse\n|move|p2a: Terapagos|Tera Starstorm|p1a: Brute Bonnet\n|-damage|p1a: Brute Bonnet|38/100\n|\n|-weather|SunnyDay|[upkeep]\n|-heal|p1b: Koraidon|81/100|[from] Grassy Terrain\n|-heal|p1a: Brute Bonnet|44/100|[from] Grassy Terrain\n|upkeep\n|turn|3\n|\n|t:|1769433656\n|-terastallize|p2a: Terapagos|Stellar\n|detailschange|p2a: Terapagos|Terapagos-Stellar, L50, M, tera:Stellar\n|-heal|p2a: Terapagos|100/100|[silent]\n|-ability|p2a: Terapagos|Teraform Zero\n|-weather|none\n|-end|p1a: Brute Bonnet|Protosynthesis\n|-fieldend|move: Grassy Terrain\n|move|p1a: Brute Bonnet|Sucker Punch|p2a: Terapagos\n|-damage|p2a: Terapagos|85/100\n|move|p1b: Koraidon|Close Combat|p2a: Terapagos\n|-supereffective|p2a: Terapagos\n|-damage|p2a: Terapagos|0 fnt\n|-unboost|p1b: Koraidon|def|1\n|-unboost|p1b: Koraidon|spd|1\n|faint|p2a: Terapagos\n|detailschange|p2: Terapagos|Terapagos, L50, M|[silent]\n|-damage|p1b: Koraidon|71/100|[from] item: Life Orb\n|move|p2b: Rillaboom|U-turn|p1a: Brute Bonnet\n|-supereffective|p1a: Brute Bonnet\n|-damage|p1a: Brute Bonnet|0 fnt\n|faint|p1a: Brute Bonnet\n|-end|p1a: Brute Bonnet|Protosynthesis|[silent]\n|\n|t:|1769433673\n|switch|p2b: Flutter Mane|Flutter Mane, L50|100/100|[from] U-turn\n|-enditem|p2b: Flutter Mane|Booster Energy\n|-activate|p2b: Flutter Mane|ability: Protosynthesis|[fromitem]\n|-start|p2b: Flutter Mane|protosynthesisspe\n|\n|upkeep\n|\n|t:|1769433685\n|switch|p2a: Rillaboom|Rillaboom, L50, F|100/100\n|switch|p1a: Calyrex|Calyrex-Shadow, L50|100/100\n|-ability|p1a: Calyrex|As One\n|-ability|p1a: Calyrex|Unnerve\n|-fieldstart|move: Grassy Terrain|[from] ability: Grassy Surge|[of] p2a: Rillaboom\n|turn|4\n|\n|t:|1769433731\n|switch|p1b: Indeedee|Indeedee-F, L50, F|87/100\n|-fieldstart|move: Psychic Terrain|[from] ability: Psychic Surge|[of] p1b: Indeedee\n|move|p2b: Flutter Mane|Protect|p2b: Flutter Mane\n|-singleturn|p2b: Flutter Mane|Protect\n|move|p1a: Calyrex|Expanding Force|p2b: Flutter Mane|[spread] p2a\n|-activate|p2b: Flutter Mane|move: Protect\n|-damage|p2a: Rillaboom|60/100\n|move|p2a: Rillaboom|Wood Hammer|p1a: Calyrex\n|-damage|p1a: Calyrex|27/100\n|-damage|p2a: Rillaboom|39/100|[from] Recoil\n|\n|upkeep\n|turn|5\n|\n|t:|1769433773\n|move|p2b: Flutter Mane|Moonblast|p1a: Calyrex\n|-damage|p1a: Calyrex|0 fnt\n|faint|p1a: Calyrex\n|move|p2a: Rillaboom|Wood Hammer|p1b: Indeedee\n|-damage|p1b: Indeedee|28/100\n|-damage|p2a: Rillaboom|22/100|[from] Recoil\n|move|p1b: Indeedee|Dazzling Gleam|p2a: Rillaboom|[spread] p2a,p2b\n|-crit|p2a: Rillaboom\n|-damage|p2a: Rillaboom|10/100\n|-damage|p2b: Flutter Mane|89/100\n|\n|upkeep\n|\n|t:|1769433783\n|switch|p1a: Koraidon|Koraidon, L50|71/100\n|-weather|SunnyDay|[from] ability: Orichalcum Pulse|[of] p1a: Koraidon\n|-activate|p1a: Koraidon|Orichalcum Pulse|[source]\n|turn|6\n|\n|t:|1769433807\n|-terastallize|p1a: Koraidon|Fire\n|move|p2b: Flutter Mane|Protect|p2b: Flutter Mane\n|-singleturn|p2b: Flutter Mane|Protect\n|move|p1a: Koraidon|Flare Blitz|p2a: Rillaboom\n|-supereffective|p2a: Rillaboom\n|-damage|p2a: Rillaboom|0 fnt\n|faint|p2a: Rillaboom\n|-damage|p1a: Koraidon|68/100|[from] Recoil\n|-damage|p1a: Koraidon|58/100|[from] item: Life Orb\n|move|p1b: Indeedee|Dazzling Gleam|p2b: Flutter Mane\n|-activate|p2b: Flutter Mane|move: Protect\n|\n|-weather|SunnyDay|[upkeep]\n|upkeep\n|turn|7\n|\n|t:|1769433822\n|move|p2b: Flutter Mane|Thunder Wave|p1a: Koraidon\n|-status|p1a: Koraidon|par\n|move|p1b: Indeedee|Dazzling Gleam|p2b: Flutter Mane\n|-damage|p2b: Flutter Mane|73/100\n|move|p1a: Koraidon|Flare Blitz|p2b: Flutter Mane\n|-crit|p2b: Flutter Mane\n|-damage|p2b: Flutter Mane|0 fnt\n|faint|p2b: Flutter Mane\n|-end|p2b: Flutter Mane|Protosynthesis|[silent]\n|-damage|p1a: Koraidon|36/100 par|[from] Recoil\n|-damage|p1a: Koraidon|27/100 par|[from] item: Life Orb\n|\n|win|ployueng\n|raw|ployueng's rating: 1339 &rarr; <strong>1363</strong><br />(+24 for winning)\n|raw|Schimmli's rating: 1402 &rarr; <strong>1378</strong><br />(-24 for losing)\n|l|\u2606Schimmli\n|player|p2|\n|l|\u2606ployueng\n|player|p1|\n","uploadtime":1769434061,"views":13,"formatid":"gen9vgc2026regi","rating":1363,"private":0,"password":null}