{"id":"gen9vgc2026regi-2588096801","format":"[Gen 9] VGC 2026 Reg I","players":["roykeenkennedy","Luca8"],"log":"|j|\u2606roykeenkennedy\n|j|\u2606Luca8\n|t:|1776603884\n|gametype|doubles\n|player|p1|roykeenkennedy|102|1664\n|player|p2|Luca8|flint|1569\n|gen|9\n|tier|[Gen 9] VGC 2026 Reg I\n|rated|\n|rule|Species Clause: Limit one of each Pok\u00e9mon\n|rule|Item Clause: Limit 1 of each item\n|clearpoke\n|poke|p1|Calyrex-Ice, L50|\n|poke|p1|Annihilape, L50, F|\n|poke|p1|Grimmsnarl, L50, M|\n|poke|p1|Sinistcha-Masterpiece, L50|\n|poke|p1|Miraidon, L50|\n|poke|p1|Iron Hands, L50|\n|poke|p2|Zamazenta-*, L50|\n|poke|p2|Indeedee-F, L50, F|\n|poke|p2|Torkoal, L50, M|\n|poke|p2|Calyrex-Shadow, L50|\n|poke|p2|Pelipper, L50, F|\n|poke|p2|Tornadus, L50, M|\n|teampreview|4\n|\n|t:|1776603907\n|teamsize|p1|4\n|teamsize|p2|4\n|start\n|switch|p1a: Miraidon|Miraidon, L50|100/100\n|switch|p1b: Grimmsnarl|Grimmsnarl, L50, M|100/100\n|switch|p2a: Indeedee|Indeedee-F, L50, F|100/100\n|switch|p2b: Zamazenta|Zamazenta-Crowned, L50|100/100\n|-fieldstart|move: Electric Terrain|[from] ability: Hadron Engine|[of] p1a: Miraidon\n|-ability|p2b: Zamazenta|Dauntless Shield|boost\n|-boost|p2b: Zamazenta|def|1\n|-fieldstart|move: Psychic Terrain|[from] ability: Psychic Surge|[of] p2a: Indeedee\n|turn|1\n|\n|t:|1776603933\n|move|p1b: Grimmsnarl|Reflect|p1b: Grimmsnarl\n|-sidestart|p1: roykeenkennedy|Reflect\n|move|p1a: Miraidon|Volt Switch|p2b: Zamazenta\n|-damage|p2b: Zamazenta|74/100\n|\n|t:|1776603938\n|switch|p1a: Calyrex|Calyrex-Ice, L50|100/100|[from] Volt Switch\n|-ability|p1a: Calyrex|As One\n|-ability|p1a: Calyrex|Unnerve\n|move|p2b: Zamazenta|Heavy Slam|p1b: Grimmsnarl\n|-supereffective|p1b: Grimmsnarl\n|-damage|p1b: Grimmsnarl|37/100\n|move|p2a: Indeedee|Hyper Voice|p1b: Grimmsnarl|[spread] p1a,p1b\n|-damage|p1a: Calyrex|87/100\n|-damage|p1b: Grimmsnarl|19/100\n|\n|upkeep\n|turn|2\n|\n|t:|1776603956\n|switch|p2a: Torkoal|Torkoal, L50, M|100/100\n|-weather|SunnyDay|[from] ability: Drought|[of] p2a: Torkoal\n|move|p1a: Calyrex|Protect|p1a: Calyrex\n|-singleturn|p1a: Calyrex|Protect\n|move|p2b: Zamazenta|Heavy Slam|p1b: Grimmsnarl\n|-supereffective|p1b: Grimmsnarl\n|-damage|p1b: Grimmsnarl|0 fnt\n|faint|p1b: Grimmsnarl\n|\n|-weather|SunnyDay|[upkeep]\n|upkeep\n|\n|t:|1776603969\n|switch|p1b: Miraidon|Miraidon, L50|100/100\n|-fieldstart|move: Electric Terrain|[from] ability: Hadron Engine|[of] p1b: Miraidon\n|turn|3\n|\n|t:|1776603980\n|switch|p2a: Indeedee|Indeedee-F, L50, F|100/100\n|-fieldstart|move: Psychic Terrain|[from] ability: Psychic Surge|[of] p2a: Indeedee\n|-terastallize|p1a: Calyrex|Water\n|move|p1b: Miraidon|Volt Switch|p2b: Zamazenta\n|-damage|p2b: Zamazenta|50/100\n|\n|t:|1776603989\n|switch|p1b: Iron Hands|Iron Hands, L50|100/100|[from] Volt Switch\n|move|p2b: Zamazenta|Body Press|p1b: Iron Hands\n|-damage|p1b: Iron Hands|67/100\n|move|p1a: Calyrex|High Horsepower|p2a: Indeedee\n|-damage|p2a: Indeedee|60/100\n|\n|-weather|SunnyDay|[upkeep]\n|upkeep\n|turn|4\n|\n|t:|1776604010\n|move|p2b: Zamazenta|Body Press|p1b: Iron Hands\n|-damage|p1b: Iron Hands|33/100\n|move|p2a: Indeedee|Psychic|p1b: Iron Hands\n|-supereffective|p1b: Iron Hands\n|-damage|p1b: Iron Hands|0 fnt\n|faint|p1b: Iron Hands\n|-end|p1b: Iron Hands|Quark Drive|[silent]\n|move|p1a: Calyrex|High Horsepower|p2a: Indeedee\n|-damage|p2a: Indeedee|20/100\n|\n|-weather|SunnyDay|[upkeep]\n|upkeep\n|\n|t:|1776604022\n|switch|p1b: Miraidon|Miraidon, L50|100/100\n|-fieldstart|move: Electric Terrain|[from] ability: Hadron Engine|[of] p1b: Miraidon\n|turn|5\n|\n|t:|1776604037\n|switch|p2a: Torkoal|Torkoal, L50, M|100/100\n|move|p1b: Miraidon|Snarl|p2b: Zamazenta|[spread] p2a,p2b\n|-resisted|p2b: Zamazenta\n|-damage|p2a: Torkoal|72/100\n|-damage|p2b: Zamazenta|44/100\n|-unboost|p2a: Torkoal|spa|1\n|-unboost|p2b: Zamazenta|spa|1\n|move|p2b: Zamazenta|Body Press|p1b: Miraidon\n|-damage|p1b: Miraidon|57/100\n|move|p1a: Calyrex|High Horsepower|p2b: Zamazenta\n|-supereffective|p2b: Zamazenta\n|-crit|p2b: Zamazenta\n|-damage|p2b: Zamazenta|0 fnt\n|faint|p2b: Zamazenta\n|-ability|p1a: Calyrex|Chilling Neigh|boost\n|-boost|p1a: Calyrex|atk|1\n|\n|-weather|SunnyDay|[upkeep]\n|-sideend|p1: roykeenkennedy|Reflect\n|upkeep\n|\n|t:|1776604057\n|switch|p2b: Calyrex|Calyrex-Shadow, L50|100/100\n|-ability|p2b: Calyrex|As One\n|-ability|p2b: Calyrex|Unnerve\n|turn|6\n|\n|t:|1776604067\n|switch|p2a: Indeedee|Indeedee-F, L50, F|20/100\n|-fieldstart|move: Psychic Terrain|[from] ability: Psychic Surge|[of] p2a: Indeedee\n|move|p2b: Calyrex|Expanding Force|p1b: Miraidon|[spread] p1a,p1b\n|-damage|p1a: Calyrex|39/100\n|-damage|p1b: Miraidon|18/100\n|move|p1b: Miraidon|Snarl|p2a: Indeedee|[spread] p2a,p2b\n|-supereffective|p2a: Indeedee\n|-supereffective|p2b: Calyrex\n|-damage|p2a: Indeedee|0 fnt\n|-damage|p2b: Calyrex|41/100\n|-unboost|p2b: Calyrex|spa|1\n|faint|p2a: Indeedee\n|move|p1a: Calyrex|Glacial Lance|p2b: Calyrex\n|-damage|p2b: Calyrex|0 fnt\n|faint|p2b: Calyrex\n|-ability|p1a: Calyrex|Chilling Neigh|boost\n|-boost|p1a: Calyrex|atk|1\n|\n|-weather|none\n|upkeep\n|-message|Luca8 forfeited.\n|\n|win|roykeenkennedy\n|raw|roykeenkennedy's rating: 1664 &rarr; <strong>1679</strong><br />(+15 for winning)\n|raw|Luca8's rating: 1569 &rarr; <strong>1554</strong><br />(-15 for losing)\n|l|\u2606Luca8\n|player|p2|\n|l|\u2606roykeenkennedy\n|player|p1|\n","uploadtime":1776604267,"views":15,"formatid":"gen9vgc2026regi","rating":1554,"private":0,"password":null}