{"id":"gen9vgc2026regi-2521127534","format":"[Gen 9] VGC 2026 Reg I","players":["mu11731","blackred123"],"log":"|j|\u2606mu11731\n|j|\u2606blackred123\n|t:|1768734162\n|gametype|doubles\n|player|p1|mu11731|medium|1077\n|player|p2|blackred123|iono-masters|1228\n|gen|9\n|tier|[Gen 9] VGC 2026 Reg I\n|rated|\n|rule|Species Clause: Limit one of each Pok\u00e9mon\n|rule|Item Clause: Limit 1 of each item\n|clearpoke\n|poke|p1|Groudon, L50|\n|poke|p1|Calyrex-Ice, L50|\n|poke|p1|Incineroar, L50, F|\n|poke|p1|Tsareena, L50, F|\n|poke|p1|Flutter Mane, L50|\n|poke|p1|Ursaluna-Bloodmoon, L50, M|\n|poke|p2|Zacian-*, L50|\n|poke|p2|Kyogre, L50|\n|poke|p2|Amoonguss, L50, F|\n|poke|p2|Incineroar, L50, M|\n|poke|p2|Urshifu-*, L50, M|\n|poke|p2|Iron Jugulis, L50|\n|teampreview|4\n|inactive|Battle timer is ON: inactive players will automatically lose when time's up. (requested by blackred123)\n|inactive|mu11731 has 60 seconds left.\n|inactive|blackred123 has 60 seconds left.\n|\n|t:|1768734209\n|teamsize|p1|4\n|teamsize|p2|4\n|start\n|switch|p1a: Calyrex|Calyrex-Ice, L50|100/100\n|switch|p1b: Incineroar|Incineroar, L50, F|100/100\n|switch|p2a: \u963f\u5c14\u6258\u8389\u96c5|Zacian-Crowned, L50, shiny|100/100\n|switch|p2b: \u6211\u559c\u6b22\u4f60|Amoonguss, L50, F|100/100\n|-ability|p1a: Calyrex|As One\n|-ability|p1a: Calyrex|Unnerve\n|-ability|p2a: \u963f\u5c14\u6258\u8389\u96c5|Intrepid Sword|boost\n|-boost|p2a: \u963f\u5c14\u6258\u8389\u96c5|atk|1\n|-ability|p1b: Incineroar|Intimidate|boost\n|-unboost|p2a: \u963f\u5c14\u6258\u8389\u96c5|atk|1\n|-unboost|p2b: \u6211\u559c\u6b22\u4f60|atk|1\n|turn|1\n|inactive|mu11731 has 30 seconds left.\n|inactive|mu11731 has 20 seconds left.\n|\n|t:|1768734245\n|-terastallize|p1a: Calyrex|Fire\n|move|p1b: Incineroar|Fake Out|p2b: \u6211\u559c\u6b22\u4f60\n|-damage|p2b: \u6211\u559c\u6b22\u4f60|91/100\n|-damage|p1b: Incineroar|84/100|[from] item: Rocky Helmet|[of] p2b: \u6211\u559c\u6b22\u4f60\n|move|p2a: \u963f\u5c14\u6258\u8389\u96c5|Behemoth Blade|p1a: Calyrex\n|-resisted|p1a: Calyrex\n|-damage|p1a: Calyrex|84/100\n|cant|p2b: \u6211\u559c\u6b22\u4f60|flinch\n|move|p1a: Calyrex|Trick Room|p1a: Calyrex\n|-fieldstart|move: Trick Room|[of] p1a: Calyrex\n|\n|upkeep\n|turn|2\n|\n|t:|1768734260\n|move|p1a: Calyrex|Protect|p1a: Calyrex\n|-singleturn|p1a: Calyrex|Protect\n|move|p2a: \u963f\u5c14\u6258\u8389\u96c5|Protect|p2a: \u963f\u5c14\u6258\u8389\u96c5\n|-singleturn|p2a: \u963f\u5c14\u6258\u8389\u96c5|Protect\n|move|p2b: \u6211\u559c\u6b22\u4f60|Spore|p1a: Calyrex\n|-activate|p1a: Calyrex|move: Protect\n|move|p1b: Incineroar|Taunt|p2b: \u6211\u559c\u6b22\u4f60\n|-start|p2b: \u6211\u559c\u6b22\u4f60|move: Taunt\n|\n|upkeep\n|turn|3\n|\n|t:|1768734285\n|switch|p2a: \u4e3b\u4eba\ud83d\ude2d\ud83e\udd75|Incineroar, L50, M|100/100\n|-ability|p2a: \u4e3b\u4eba\ud83d\ude2d\ud83e\udd75|Intimidate|boost\n|-unboost|p1a: Calyrex|atk|1\n|-unboost|p1b: Incineroar|atk|1\n|move|p2b: \u6211\u559c\u6b22\u4f60|Pollen Puff|p2a: \u4e3b\u4eba\ud83d\ude2d\ud83e\udd75\n|move|p1a: Calyrex|High Horsepower|p2a: \u4e3b\u4eba\ud83d\ude2d\ud83e\udd75\n|-supereffective|p2a: \u4e3b\u4eba\ud83d\ude2d\ud83e\udd75\n|-damage|p2a: \u4e3b\u4eba\ud83d\ude2d\ud83e\udd75|59/100\n|move|p1b: Incineroar|Flare Blitz|p2a: \u4e3b\u4eba\ud83d\ude2d\ud83e\udd75\n|-resisted|p2a: \u4e3b\u4eba\ud83d\ude2d\ud83e\udd75\n|-damage|p2a: \u4e3b\u4eba\ud83d\ude2d\ud83e\udd75|43/100\n|-damage|p1b: Incineroar|79/100|[from] Recoil\n|\n|upkeep\n|turn|4\n|\n|t:|1768734310\n|switch|p1b: Tsareena|Tsareena, L50, F|100/100\n|-terastallize|p2b: \u6211\u559c\u6b22\u4f60|Water\n|move|p2b: \u6211\u559c\u6b22\u4f60|Pollen Puff|p2a: \u4e3b\u4eba\ud83d\ude2d\ud83e\udd75\n|-heal|p2a: \u4e3b\u4eba\ud83d\ude2d\ud83e\udd75|93/100\n|move|p1a: Calyrex|High Horsepower|p2a: \u4e3b\u4eba\ud83d\ude2d\ud83e\udd75\n|-supereffective|p2a: \u4e3b\u4eba\ud83d\ude2d\ud83e\udd75\n|-damage|p2a: \u4e3b\u4eba\ud83d\ude2d\ud83e\udd75|48/100\n|move|p2a: \u4e3b\u4eba\ud83d\ude2d\ud83e\udd75|Knock Off|p1a: Calyrex\n|-damage|p1a: Calyrex|62/100\n|-enditem|p1a: Calyrex|Covert Cloak|[from] move: Knock Off|[of] p2a: \u4e3b\u4eba\ud83d\ude2d\ud83e\udd75\n|\n|upkeep\n|turn|5\n|inactive|mu11731 has 30 seconds left.\n|inactive|blackred123 has 30 seconds left.\n|l|\u2606mu11731\n|inactive|mu11731 disconnected and has a minute to reconnect!\n|player|p1|\n|inactive|mu11731 has 20 seconds left.\n|inactive|mu11731 has 15 seconds left.\n|j| Yancy0902\u56fe\u56fe\u72ac\u4fa0\n|inactive|mu11731 has 10 seconds left.\n|inactive|mu11731 has 5 seconds left.\n|-message|mu11731 lost due to inactivity.\n|\n|win|blackred123\n|raw|mu11731's rating: 1077 &rarr; <strong>1064</strong><br />(-13 for losing)\n|raw|blackred123's rating: 1228 &rarr; <strong>1243</strong><br />(+15 for winning)\n|l|\u2606blackred123\n|player|p2|\n|l| Yancy0902\u56fe\u56fe\u72ac\u4fa0\n|j|\u2606mu11731\n|player|p1|mu11731|medium|\n","uploadtime":1768734751,"views":13,"formatid":"gen9vgc2026regi","rating":1064,"private":0,"password":null}