{"id":"gen9vgc2026regi-2547039868","format":"[Gen 9] VGC 2026 Reg I","players":["jepeg","Chadrola18"],"log":"|j|\u2606jepeg\n|j|\u2606Chadrola18\n|t:|1772041118\n|gametype|doubles\n|player|p1|jepeg|beauty-gen4dp|1255\n|player|p2|Chadrola18|steven|1384\n|gen|9\n|tier|[Gen 9] VGC 2026 Reg I\n|rated|\n|rule|Species Clause: Limit one of each Pok\u00e9mon\n|rule|Item Clause: Limit 1 of each item\n|clearpoke\n|poke|p1|Calyrex-Shadow, L50|\n|poke|p1|Oranguru, L50, F|\n|poke|p1|Miraidon, L50|\n|poke|p1|Ogerpon-Hearthflame, L50, F|\n|poke|p1|Bruxish, L50, F|\n|poke|p1|Torkoal, L50, F|\n|poke|p2|Lunala, L50|\n|poke|p2|Miraidon, L50|\n|poke|p2|Urshifu-*, L50, M|\n|poke|p2|Incineroar, L50, M|\n|poke|p2|Farigiraf, L50, F|\n|poke|p2|Flutter Mane, L50|\n|teampreview|4\n|inactive|Battle timer is ON: inactive players will automatically lose when time's up. (requested by Chadrola18)\n|inactive|jepeg has 60 seconds left.\n|inactive|Chadrola18 has 60 seconds left.\n|\n|t:|1772041155\n|teamsize|p1|4\n|teamsize|p2|4\n|start\n|switch|p1a: Calyrex|Calyrex-Shadow, L50|100/100\n|switch|p1b: Bruxish|Bruxish, L50, F, shiny|100/100\n|switch|p2a: Lunala|Lunala, L50|100/100\n|switch|p2b: Farigiraf|Farigiraf, L50, F|100/100\n|-ability|p1a: Calyrex|As One\n|-ability|p1a: Calyrex|Unnerve\n|turn|1\n|\n|t:|1772041179\n|-terastallize|p1a: Calyrex|Fire\n|-terastallize|p2a: Lunala|Fairy\n|move|p1b: Bruxish|Flip Turn|p1a: Calyrex\n|-supereffective|p1a: Calyrex\n|-damage|p1a: Calyrex|62/100\n|-enditem|p1a: Calyrex|Weakness Policy\n|-boost|p1a: Calyrex|atk|2|[from] item: Weakness Policy\n|-boost|p1a: Calyrex|spa|2|[from] item: Weakness Policy\n|\n|t:|1772041188\n|switch|p1b: Oranguru|Oranguru, L50, F, shiny|100/100|[from] Flip Turn\n|move|p1a: Calyrex|Pollen Puff|p2b: Farigiraf\n|-supereffective|p2b: Farigiraf\n|-damage|p2b: Farigiraf|0 fnt\n|faint|p2b: Farigiraf\n|-ability|p1a: Calyrex|Grim Neigh|boost\n|-boost|p1a: Calyrex|spa|1\n|move|p2a: Lunala|Calm Mind|p2a: Lunala\n|-boost|p2a: Lunala|spa|1\n|-boost|p2a: Lunala|spd|1\n|\n|upkeep\n|\n|t:|1772041202\n|switch|p2b: Incineroar|Incineroar, L50, M|100/100\n|-ability|p2b: Incineroar|Intimidate|boost\n|-unboost|p1a: Calyrex|atk|1\n|-fail|p1b: Oranguru|unboost|Attack|[from] ability: Inner Focus|[of] p1b: Oranguru\n|turn|2\n|\n|t:|1772041216\n|switch|p1b: Bruxish|Bruxish, L50, F, shiny|100/100\n|move|p2b: Incineroar|Fake Out||[still]\n|cant|p1b: Bruxish|ability: Dazzling|Fake Out|[of] p2b: Incineroar\n|move|p1a: Calyrex|Astral Barrage|p2b: Incineroar|[spread] p2a,p2b\n|-resisted|p2b: Incineroar\n|-damage|p2a: Lunala|66/100\n|-damage|p2b: Incineroar|39/100\n|move|p2a: Lunala|Calm Mind|p2a: Lunala\n|-boost|p2a: Lunala|spa|1\n|-boost|p2a: Lunala|spd|1\n|\n|-heal|p2a: Lunala|72/100|[from] item: Leftovers\n|upkeep\n|turn|3\n|\n|t:|1772041243\n|move|p1b: Bruxish|Super Fang|p2a: Lunala|[miss]\n|-miss|p1b: Bruxish|p2a: Lunala\n|move|p1a: Calyrex|Tera Blast|p2a: Lunala|[anim] Tera Blast Fire\n|-damage|p2a: Lunala|28/100\n|move|p2a: Lunala|Moongeist Beam|p1a: Calyrex\n|-damage|p1a: Calyrex|0 fnt\n|faint|p1a: Calyrex\n|move|p2b: Incineroar|Knock Off|p1b: Bruxish\n|-supereffective|p1b: Bruxish\n|-damage|p1b: Bruxish|0 fnt\n|-enditem|p1b: Bruxish|Choice Scarf|[from] move: Knock Off|[of] p2b: Incineroar\n|faint|p1b: Bruxish\n|\n|-heal|p2a: Lunala|34/100|[from] item: Leftovers\n|upkeep\n|\n|t:|1772041256\n|switch|p1a: Oranguru|Oranguru, L50, F, shiny|100/100\n|switch|p1b: Torkoal|Torkoal, L50, F|100/100\n|-weather|SunnyDay|[from] ability: Drought|[of] p1b: Torkoal\n|turn|4\n|\n|t:|1772041268\n|move|p2a: Lunala|Protect|p2a: Lunala\n|-singleturn|p2a: Lunala|Protect\n|move|p2b: Incineroar|Knock Off|p1b: Torkoal\n|-damage|p1b: Torkoal|73/100\n|-enditem|p1b: Torkoal|Choice Specs|[from] move: Knock Off|[of] p2b: Incineroar\n|move|p1b: Torkoal|Heat Wave|p2a: Lunala|[spread] p2b\n|-activate|p2a: Lunala|move: Protect\n|-resisted|p2b: Incineroar\n|-damage|p2b: Incineroar|17/100\n|move|p1a: Oranguru|Trick Room|p1a: Oranguru\n|-fieldstart|move: Trick Room|[of] p1a: Oranguru\n|\n|-weather|SunnyDay|[upkeep]\n|-heal|p2a: Lunala|40/100|[from] item: Leftovers\n|upkeep\n|turn|5\n|inactive|Chadrola18 has 30 seconds left.\n|\n|t:|1772041303\n|move|p1b: Torkoal|Weather Ball|p2a: Lunala\n|-damage|p2a: Lunala|18/100\n|move|p1a: Oranguru|Instruct|p1b: Torkoal\n|-singleturn|p1b: Torkoal|move: Instruct|[of] p1a: Oranguru\n|move|p1b: Torkoal|Weather Ball|p2a: Lunala\n|-damage|p2a: Lunala|0 fnt\n|faint|p2a: Lunala\n|move|p2b: Incineroar|Knock Off|p1b: Torkoal\n|-damage|p1b: Torkoal|53/100\n|\n|-weather|SunnyDay|[upkeep]\n|upkeep\n|\n|t:|1772041306\n|switch|p2a: Miraidon|Miraidon, L50|100/100\n|-fieldstart|move: Electric Terrain|[from] ability: Hadron Engine|[of] p2a: Miraidon\n|turn|6\n|\n|t:|1772041316\n|move|p1b: Torkoal|Earth Power|p2a: Miraidon\n|-supereffective|p2a: Miraidon\n|-damage|p2a: Miraidon|57/100\n|-unboost|p2a: Miraidon|spd|1\n|move|p1a: Oranguru|Instruct|p1b: Torkoal\n|-singleturn|p1b: Torkoal|move: Instruct|[of] p1a: Oranguru\n|move|p1b: Torkoal|Earth Power|p2a: Miraidon\n|-supereffective|p2a: Miraidon\n|-damage|p2a: Miraidon|0 fnt\n|faint|p2a: Miraidon\n|move|p2b: Incineroar|Knock Off|p1a: Oranguru\n|-supereffective|p1a: Oranguru\n|-damage|p1a: Oranguru|45/100\n|-enditem|p1a: Oranguru|Mental Herb|[from] move: Knock Off|[of] p2b: Incineroar\n|\n|-weather|SunnyDay|[upkeep]\n|upkeep\n|turn|7\n|-message|Chadrola18 forfeited.\n|\n|win|jepeg\n|raw|jepeg's rating: 1255 &rarr; <strong>1289</strong><br />(+34 for winning)\n|raw|Chadrola18's rating: 1384 &rarr; <strong>1357</strong><br />(-27 for losing)\n|l|\u2606Chadrola18\n|player|p2|\n|l|\u2606jepeg\n|player|p1|\n","uploadtime":1772041565,"views":5,"formatid":"gen9vgc2026regi","rating":1289,"private":0,"password":null}