{"id":"gen9vgc2026regi-2556350345","format":"[Gen 9] VGC 2026 Reg I","players":["Cello L.","cpinalli4"],"log":"|j|\u2606Cello L.\n|j|\u2606cpinalli4\n|t:|1773193313\n|gametype|doubles\n|player|p1|Cello L.|psychic-gen4|1417\n|player|p2|cpinalli4|elesa|1366\n|gen|9\n|tier|[Gen 9] VGC 2026 Reg I\n|rated|\n|rule|Species Clause: Limit one of each Pok\u00e9mon\n|rule|Item Clause: Limit 1 of each item\n|clearpoke\n|poke|p1|Calyrex-Shadow, L50|\n|poke|p1|Zamazenta-*, L50|\n|poke|p1|Raging Bolt, L50|\n|poke|p1|Ogerpon-Hearthflame, L50, F|\n|poke|p1|Rillaboom, L50, F|\n|poke|p1|Incineroar, L50, F|\n|poke|p2|Zacian-*, L50|\n|poke|p2|Calyrex-Shadow, L50|\n|poke|p2|Tornadus, L50, M|\n|poke|p2|Landorus, L50, M|\n|poke|p2|Incineroar, L50, M|\n|poke|p2|Ogerpon-Wellspring, L50, F|\n|teampreview|4\n|\n|t:|1773193366\n|teamsize|p1|4\n|teamsize|p2|4\n|start\n|switch|p1a: Zamazenta|Zamazenta-Crowned, L50|100/100\n|switch|p1b: Rillaboom|Rillaboom, L50, F|100/100\n|switch|p2a: Zacian|Zacian-Crowned, L50|100/100\n|switch|p2b: Tornadus|Tornadus, L50, M|100/100\n|-ability|p2a: Zacian|Intrepid Sword|boost\n|-boost|p2a: Zacian|atk|1\n|-ability|p1a: Zamazenta|Dauntless Shield|boost\n|-boost|p1a: Zamazenta|def|1\n|-fieldstart|move: Grassy Terrain|[from] ability: Grassy Surge|[of] p1b: Rillaboom\n|turn|1\n|\n|t:|1773193404\n|switch|p1b: Incineroar|Incineroar, L50, F|100/100\n|-ability|p1b: Incineroar|Intimidate|boost\n|-unboost|p2a: Zacian|atk|1\n|-unboost|p2b: Tornadus|atk|1\n|move|p2a: Zacian|Protect|p2a: Zacian\n|-singleturn|p2a: Zacian|Protect\n|move|p2b: Tornadus|Tailwind|p2b: Tornadus\n|-sidestart|p2: cpinalli4|move: Tailwind\n|move|p1a: Zamazenta|Body Press|p2a: Zacian\n|-activate|p2a: Zacian|move: Protect\n|\n|upkeep\n|turn|2\n|\n|t:|1773193431\n|switch|p2a: Calyrex|Calyrex-Shadow, L50|100/100\n|-ability|p2a: Calyrex|As One\n|-ability|p2a: Calyrex|Unnerve\n|move|p2b: Tornadus|Taunt|p1a: Zamazenta\n|-start|p1a: Zamazenta|move: Taunt\n|move|p1a: Zamazenta|Body Press|p2a: Calyrex\n|-immune|p2a: Calyrex\n|move|p1b: Incineroar|Parting Shot|p2a: Calyrex\n|-unboost|p2a: Calyrex|atk|1\n|-unboost|p2a: Calyrex|spa|1\n|\n|t:|1773193445\n|switch|p1b: Rillaboom|Rillaboom, L50, F|100/100|[from] Parting Shot\n|\n|upkeep\n|turn|3\n|\n|t:|1773193469\n|-terastallize|p2a: Calyrex|Ghost\n|move|p1b: Rillaboom|Grassy Glide|p2a: Calyrex\n|-damage|p2a: Calyrex|61/100\n|move|p2a: Calyrex|Astral Barrage|p1a: Zamazenta|[spread] p1a,p1b\n|-damage|p1a: Zamazenta|61/100\n|-damage|p1b: Rillaboom|70/100\n|move|p2b: Tornadus|Bleakwind Storm|p1b: Rillaboom|[spread] p1a\n|-miss|p2b: Tornadus|p1b: Rillaboom\n|-damage|p1a: Zamazenta|33/100\n|-unboost|p1a: Zamazenta|spe|1\n|move|p1a: Zamazenta|Heavy Slam|p2a: Calyrex\n|-damage|p2a: Calyrex|0 fnt\n|faint|p2a: Calyrex\n|\n|-heal|p1a: Zamazenta|39/100|[from] Grassy Terrain\n|-heal|p1b: Rillaboom|76/100|[from] Grassy Terrain\n|upkeep\n|\n|t:|1773193485\n|switch|p2a: Landorus|Landorus, L50, M|100/100\n|turn|4\n|\n|t:|1773193522\n|move|p2b: Tornadus|Bleakwind Storm|p1a: Zamazenta|[spread] p1a\n|-miss|p2b: Tornadus|p1b: Rillaboom\n|-damage|p1a: Zamazenta|14/100\n|move|p2a: Landorus|Earth Power|p1b: Rillaboom\n|-resisted|p1b: Rillaboom\n|-damage|p1b: Rillaboom|54/100\n|move|p1a: Zamazenta|Heavy Slam|p2a: Landorus\n|-damage|p2a: Landorus|54/100\n|move|p1b: Rillaboom|Wood Hammer|p2a: Landorus\n|-damage|p2a: Landorus|0 fnt\n|faint|p2a: Landorus\n|-damage|p1b: Rillaboom|38/100|[from] Recoil\n|\n|-heal|p1a: Zamazenta|20/100|[from] Grassy Terrain\n|-heal|p1b: Rillaboom|44/100|[from] Grassy Terrain\n|-end|p1a: Zamazenta|move: Taunt\n|-sideend|p2: cpinalli4|move: Tailwind\n|upkeep\n|\n|t:|1773193532\n|switch|p2a: Zacian|Zacian-Crowned, L50|100/100\n|turn|5\n|\n|t:|1773193559\n|move|p1a: Zamazenta|Protect|p1a: Zamazenta\n|-singleturn|p1a: Zamazenta|Protect\n|move|p2a: Zacian|Play Rough|p1b: Rillaboom\n|-damage|p1b: Rillaboom|0 fnt\n|faint|p1b: Rillaboom\n|move|p2b: Tornadus|Bleakwind Storm|p1a: Zamazenta\n|-activate|p1a: Zamazenta|move: Protect\n|\n|-heal|p1a: Zamazenta|26/100|[from] Grassy Terrain\n|-fieldend|move: Grassy Terrain\n|upkeep\n|\n|t:|1773193569\n|switch|p1b: Calyrex|Calyrex-Shadow, L50|100/100\n|-ability|p1b: Calyrex|As One\n|-ability|p1b: Calyrex|Unnerve\n|turn|6\n|\n|t:|1773193576\n|move|p1a: Zamazenta|Wide Guard|p1a: Zamazenta\n|-singleturn|p1a: Zamazenta|Wide Guard\n|move|p1b: Calyrex|Astral Barrage|p2b: Tornadus|[spread] p2a,p2b\n|-damage|p2a: Zacian|48/100\n|-damage|p2b: Tornadus|27/100\n|-damage|p1b: Calyrex|91/100|[from] item: Life Orb\n|move|p2a: Zacian|Behemoth Blade|p1b: Calyrex\n|-damage|p1b: Calyrex|24/100\n|move|p2b: Tornadus|Bleakwind Storm|p1b: Calyrex|[spread] \n|-activate|p1a: Zamazenta|move: Wide Guard\n|-activate|p1b: Calyrex|move: Wide Guard\n|\n|upkeep\n|turn|7\n|l|\u2606cpinalli4\n|player|p2|\n|\n|t:|1773193631\n|move|p2a: Zacian|Protect|p2a: Zacian\n|-singleturn|p2a: Zacian|Protect\n|move|p2b: Tornadus|Tailwind|p2b: Tornadus\n|-sidestart|p2: cpinalli4|move: Tailwind\n|move|p1b: Calyrex|Astral Barrage|p2a: Zacian|[spread] p2b\n|-activate|p2a: Zacian|move: Protect\n|-damage|p2b: Tornadus|0 fnt\n|faint|p2b: Tornadus\n|-ability|p1b: Calyrex|Grim Neigh|boost\n|-boost|p1b: Calyrex|spa|1\n|-damage|p1b: Calyrex|15/100|[from] item: Life Orb\n|move|p1a: Zamazenta|Body Press|p2a: Zacian\n|-activate|p2a: Zacian|move: Protect\n|\n|upkeep\n|turn|8\n|j|\u2606cpinalli4\n|player|p2|cpinalli4|elesa|\n|\n|t:|1773193651\n|move|p2a: Zacian|Play Rough|p1b: Calyrex\n|-damage|p1b: Calyrex|0 fnt\n|faint|p1b: Calyrex\n|move|p1a: Zamazenta|Body Press|p2a: Zacian\n|-damage|p2a: Zacian|0 fnt\n|faint|p2a: Zacian\n|\n|win|Cello L.\n|raw|Cello L.'s rating: 1417 &rarr; <strong>1434</strong><br />(+17 for winning)\n|raw|cpinalli4's rating: 1366 &rarr; <strong>1349</strong><br />(-17 for losing)\n|l|\u2606cpinalli4\n|player|p2|\n|l|\u2606Cello L.\n|player|p1|\n|j|\u2606Cello L.\n|player|p1|Cello L.|psychic-gen4|\n","uploadtime":1773194042,"views":11,"formatid":"gen9vgc2026regi","rating":1349,"private":0,"password":null}