{"id":"gen9vgc2026regi-2562490193","format":"[Gen 9] VGC 2026 Reg I","players":["SeaWolfMikes","Star Elisax7"],"log":"|j|\u2606SeaWolfMikes\n|j|\u2606Star Elisax7\n|t:|1773923470\n|gametype|doubles\n|player|p1|SeaWolfMikes|ryuki|\n|player|p2|Star Elisax7|miku-ghost|\n|gen|9\n|tier|[Gen 9] VGC 2026 Reg I\n|rated|Tournament battle\n|rule|Species Clause: Limit one of each Pok\u00e9mon\n|rule|Item Clause: Limit 1 of each item\n|raw|<div class=\"infobox\"><details class=\"readmore\" open><summary><strong>3 custom rules:</strong></summary> Open Team Sheets, Force Open Team Sheets, !Open Team Sheets</details></div>\n|clearpoke\n|poke|p1|Flutter Mane, L50|\n|poke|p1|Koraidon, L50|\n|poke|p1|Chi-Yu, L50|\n|poke|p1|Brute Bonnet, L50|\n|poke|p1|Lunala, L50|\n|poke|p1|Ursaluna, L50, F|\n|poke|p2|Whimsicott, L50, M|\n|poke|p2|Lunala, L50|\n|poke|p2|Urshifu-*, L50, F|\n|poke|p2|Miraidon, L50|\n|poke|p2|Incineroar, L50, F|\n|poke|p2|Ursaluna, L50, F|\n|teampreview|4\n|showteam|p1|Flutter Mane||FocusSash|Protosynthesis|Moonblast,ShadowBall,IcyWind,Protect||||||50|,,,,,Stellar]Koraidon||LifeOrb|OrichalcumPulse|CloseCombat,FlareBlitz,FlameCharge,Protect||||||50|,,,,,Fire]Chi-Yu||ChoiceScarf|BeadsofRuin|HeatWave,DarkPulse,Overheat,Snarl||||||50|,,,,,Ghost]Brute Bonnet||SitrusBerry|Protosynthesis|SeedBomb,SuckerPunch,Spore,RagePowder||||||50|,,,,,Water]Lunala||PowerHerb|ShadowShield|MoongeistBeam,MeteorBeam,WideGuard,TrickRoom||||||50|,,,,,Water]Ursaluna||FlameOrb|Guts|Facade,HeadlongRush,Earthquake,Protect|||F|||50|,,,,,Ghost\n|showteam|p2|Whimsicott||CovertCloak|Prankster|Moonblast,Tailwind,Encore,Taunt|||M|||50|,,,,,Dark]Lunala||ElectricSeed|ShadowShield|MoongeistBeam,Moonblast,WideGuard,TrickRoom||||||50|,,,,,Fairy]Urshifu-Rapid-Strike||ChoiceBand|UnseenFist|SurgingStrikes,CloseCombat,AquaJet,Uturn|||F|||50|,,,,,Ghost]Miraidon||LifeOrb|HadronEngine|ElectroDrift,DracoMeteor,VoltSwitch,Protect||||||50|,,,,,Electric]Incineroar||AssaultVest|Intimidate|FlareBlitz,KnockOff,FakeOut,Uturn|||F|||50|,,,,,Bug]Ursaluna||FlameOrb|Guts|HeadlongRush,Facade,Earthquake,Protect|||F|||50|,,,,,Ghost\n|c|\u2606Star Elisax7|Glhf!\n|c|\u2606SeaWolfMikes|u2\n|\n|t:|1773923526\n|teamsize|p1|4\n|teamsize|p2|4\n|start\n|switch|p1a: Flutter Mane|Flutter Mane, L50|100/100\n|switch|p1b: Lunala|Lunala, L50|100/100\n|switch|p2a: Eclipse|Lunala, L50, shiny|100/100\n|switch|p2b: Ozai|Incineroar, L50, F|100/100\n|-ability|p2b: Ozai|Intimidate|boost\n|-unboost|p1a: Flutter Mane|atk|1\n|-unboost|p1b: Lunala|atk|1\n|turn|1\n|j| thepearl\n|l| thepearl\n|j| TimeforCHILLI\n|\n|t:|1773923558\n|-terastallize|p2a: Eclipse|Fairy\n|move|p2b: Ozai|Fake Out|p1b: Lunala\n|-immune|p1b: Lunala\n|move|p1a: Flutter Mane|Moonblast|p2b: Ozai\n|-damage|p2b: Ozai|69/100\n|-unboost|p2b: Ozai|spa|1\n|move|p1b: Lunala|Meteor Beam||[still]\n|-prepare|p1b: Lunala|Meteor Beam\n|-boost|p1b: Lunala|spa|1\n|-enditem|p1b: Lunala|Power Herb\n|-anim|p1b: Lunala|Meteor Beam|p2b: Ozai\n|-supereffective|p2b: Ozai\n|-damage|p2b: Ozai|0 fnt\n|faint|p2b: Ozai\n|move|p2a: Eclipse|Moongeist Beam|p1a: Flutter Mane\n|-supereffective|p1a: Flutter Mane\n|-enditem|p1a: Flutter Mane|Focus Sash\n|-damage|p1a: Flutter Mane|1/100\n|\n|upkeep\n|c|\u2606Star Elisax7|Oopsie\n|\n|t:|1773923581\n|switch|p2b: Light Fury|Miraidon, L50|100/100\n|-fieldstart|move: Electric Terrain|[from] ability: Hadron Engine|[of] p2b: Light Fury\n|-enditem|p2a: Eclipse|Electric Seed\n|-boost|p2a: Eclipse|def|1|[from] item: Electric Seed\n|turn|2\n|\n|t:|1773923588\n|move|p1a: Flutter Mane|Moonblast|p2b: Light Fury\n|-supereffective|p2b: Light Fury\n|-damage|p2b: Light Fury|10/100\n|-unboost|p2b: Light Fury|spa|1\n|move|p2b: Light Fury|Volt Switch|p1b: Lunala\n|-damage|p1b: Lunala|79/100\n|-damage|p2b: Light Fury|0 fnt|[from] item: Life Orb\n|faint|p2b: Light Fury\n|move|p1b: Lunala|Trick Room|p1b: Lunala\n|-fieldstart|move: Trick Room|[of] p1b: Lunala\n|move|p2a: Eclipse|Trick Room|p2a: Eclipse\n|-fieldend|move: Trick Room\n|\n|upkeep\n|\n|t:|1773923600\n|switch|p2b: Tovarishch|Ursaluna, L50, F|100/100\n|turn|3\n|j| salt\u2764\ufe0fwater123\n|\n|t:|1773923614\n|-terastallize|p1b: Lunala|Water\n|move|p1a: Flutter Mane|Moonblast|p2a: Eclipse\n|-damage|p2a: Eclipse|82/100\n|move|p1b: Lunala|Moongeist Beam|p2a: Eclipse\n|-damage|p2a: Eclipse|26/100\n|move|p2b: Tovarishch|Earthquake|p1b: Lunala|[spread] p2a,p1a,p1b\n|-damage|p2a: Eclipse|3/100\n|-damage|p1a: Flutter Mane|0 fnt\n|-damage|p1b: Lunala|42/100\n|faint|p1a: Flutter Mane\n|-end|p1a: Flutter Mane|Protosynthesis|[silent]\n|move|p2a: Eclipse|Trick Room|p2a: Eclipse\n|-fieldstart|move: Trick Room|[of] p2a: Eclipse\n|\n|-status|p2b: Tovarishch|brn|[from] item: Flame Orb\n|upkeep\n|\n|t:|1773923619\n|switch|p1a: Ursaluna|Ursaluna, L50, F|100/100\n|turn|4\n|\n|t:|1773923639\n|move|p2a: Eclipse|Wide Guard|p2a: Eclipse\n|-singleturn|p2a: Eclipse|Wide Guard\n|move|p2b: Tovarishch|Earthquake|p1a: Ursaluna|[spread] p1a,p1b\n|-activate|p2a: Eclipse|move: Wide Guard\n|-crit|p1a: Ursaluna\n|-damage|p1a: Ursaluna|30/100\n|-damage|p1b: Lunala|0 fnt\n|faint|p1b: Lunala\n|move|p1a: Ursaluna|Facade|p2a: Eclipse\n|-damage|p2a: Eclipse|0 fnt\n|faint|p2a: Eclipse\n|\n|-damage|p2b: Tovarishch|95/100 brn|[from] brn\n|-status|p1a: Ursaluna|brn|[from] item: Flame Orb\n|upkeep\n|\n|t:|1773923645\n|switch|p1b: Koraidon|Koraidon, L50|100/100\n|-weather|SunnyDay|[from] ability: Orichalcum Pulse|[of] p1b: Koraidon\n|-activate|p1b: Koraidon|Orichalcum Pulse|[source]\n|turn|5\n|\n|t:|1773923654\n|move|p1a: Ursaluna|Protect|p1a: Ursaluna\n|-singleturn|p1a: Ursaluna|Protect\n|move|p1b: Koraidon|Protect|p1b: Koraidon\n|-singleturn|p1b: Koraidon|Protect\n|move|p2b: Tovarishch|Facade|p1b: Koraidon\n|-activate|p1b: Koraidon|move: Protect\n|\n|-weather|SunnyDay|[upkeep]\n|-damage|p2b: Tovarishch|89/100 brn|[from] brn\n|-damage|p1a: Ursaluna|25/100 brn|[from] brn\n|upkeep\n|turn|6\n|\n|t:|1773923661\n|move|p1a: Ursaluna|Facade|p2b: Tovarishch\n|-damage|p2b: Tovarishch|0 fnt\n|faint|p2b: Tovarishch\n|\n|win|SeaWolfMikes\n|n|\u2606SeaWolfMikes|seawolfmikes\n|n|\u2606Star Elisax7|starelisax7\n|n| TimeforCHILLI|timeforchilli\n|n| salt\u2764\ufe0fwater123|saltwater123\n|c|\u2606Star Elisax7|gg!\n|c|\u2606SeaWolfMikes|gg\n|l| salt\u2764\ufe0fwater123\n","uploadtime":1773923673,"views":17,"formatid":"gen9vgc2026regi","rating":null,"private":0,"password":null}