{"id":"gen9vgc2026regi-2582558951","format":"[Gen 9] VGC 2026 Reg I","players":["Stringskipper","Lil Tic"],"log":"|j|\u2606Stringskipper\n|j|\u2606Lil Tic\n|t:|1776099318\n|gametype|doubles\n|player|p1|Stringskipper|benga|1446\n|player|p2|Lil Tic|101|1383\n|gen|9\n|tier|[Gen 9] VGC 2026 Reg I\n|rated|\n|rule|Species Clause: Limit one of each Pok\u00e9mon\n|rule|Item Clause: Limit 1 of each item\n|clearpoke\n|poke|p1|Miraidon, L50|\n|poke|p1|Farigiraf, L50, M|\n|poke|p1|Iron Hands, L50|\n|poke|p1|Urshifu-*, L50, M|\n|poke|p1|Ho-Oh, L50|\n|poke|p1|Iron Treads, L50|\n|poke|p2|Koraidon, L50|\n|poke|p2|Flutter Mane, L50|\n|poke|p2|Ho-Oh, L50|\n|poke|p2|Incineroar, L50, M|\n|poke|p2|Amoonguss, L50, F|\n|poke|p2|Ting-Lu, L50|\n|teampreview|4\n|inactive|Battle timer is ON: inactive players will automatically lose when time's up. (requested by Stringskipper)\n|\n|t:|1776099381\n|teamsize|p1|4\n|teamsize|p2|4\n|start\n|switch|p1a: Urshifu|Urshifu, L50, M|100/100\n|switch|p1b: Ho-Oh|Ho-Oh, L50|100/100\n|switch|p2a: Ting-Lu|Ting-Lu, L50|100/100\n|switch|p2b: Ho-Oh|Ho-Oh, L50|100/100\n|-ability|p2a: Ting-Lu|Vessel of Ruin\n|turn|1\n|\n|t:|1776099403\n|move|p1a: Urshifu|Close Combat|p2a: Ting-Lu\n|-supereffective|p2a: Ting-Lu\n|-damage|p2a: Ting-Lu|32/100\n|-unboost|p1a: Urshifu|def|1\n|-unboost|p1a: Urshifu|spd|1\n|move|p2b: Ho-Oh|Brave Bird|p1a: Urshifu\n|-supereffective|p1a: Urshifu\n|-enditem|p1a: Urshifu|Focus Sash\n|-damage|p1a: Urshifu|1/100\n|-damage|p2b: Ho-Oh|73/100|[from] Recoil\n|move|p1b: Ho-Oh|Tailwind|p1b: Ho-Oh\n|-sidestart|p1: Stringskipper|move: Tailwind\n|move|p2a: Ting-Lu|Stealth Rock|p1a: Urshifu\n|-sidestart|p1: Stringskipper|move: Stealth Rock\n|\n|-heal|p2a: Ting-Lu|38/100|[from] item: Leftovers\n|upkeep\n|turn|2\n|\n|t:|1776099427\n|switch|p2a: Amoonguss|Amoonguss, L50, F|100/100\n|move|p1a: Urshifu|Close Combat|p2a: Amoonguss\n|-resisted|p2a: Amoonguss\n|-damage|p2a: Amoonguss|70/100\n|-unboost|p1a: Urshifu|def|1\n|-unboost|p1a: Urshifu|spd|1\n|-damage|p1a: Urshifu|0 fnt|[from] item: Rocky Helmet|[of] p2a: Amoonguss\n|faint|p1a: Urshifu\n|move|p1b: Ho-Oh|Brave Bird|p2b: Ho-Oh\n|-damage|p2b: Ho-Oh|7/100\n|-damage|p1b: Ho-Oh|79/100|[from] Recoil\n|move|p2b: Ho-Oh|Tailwind|p2b: Ho-Oh\n|-sidestart|p2: Lil Tic|move: Tailwind\n|\n|upkeep\n|\n|t:|1776099435\n|switch|p1a: Iron Hands|Iron Hands, L50|100/100\n|-damage|p1a: Iron Hands|95/100|[from] Stealth Rock\n|turn|3\n|\n|t:|1776099450\n|switch|p2b: Ting-Lu|Ting-Lu, L50|38/100\n|-ability|p2b: Ting-Lu|Vessel of Ruin\n|move|p1a: Iron Hands|Fake Out|p2b: Ting-Lu\n|-damage|p2b: Ting-Lu|31/100\n|move|p1b: Ho-Oh|Brave Bird|p2a: Amoonguss\n|-supereffective|p2a: Amoonguss\n|-damage|p2a: Amoonguss|0 fnt\n|-damage|p1b: Ho-Oh|62/100|[from] item: Rocky Helmet|[of] p2a: Amoonguss\n|faint|p2a: Amoonguss\n|-damage|p1b: Ho-Oh|39/100|[from] Recoil\n|\n|-heal|p2b: Ting-Lu|38/100|[from] item: Leftovers\n|upkeep\n|\n|t:|1776099458\n|switch|p2a: Koraidon|Koraidon, L50|100/100\n|-weather|SunnyDay|[from] ability: Orichalcum Pulse|[of] p2a: Koraidon\n|-activate|p2a: Koraidon|Orichalcum Pulse|[source]\n|turn|4\n|\n|t:|1776099477\n|-terastallize|p2a: Koraidon|Fire\n|move|p1b: Ho-Oh|Protect|p1b: Ho-Oh\n|-singleturn|p1b: Ho-Oh|Protect\n|move|p2a: Koraidon|Flare Blitz|p1a: Iron Hands\n|-damage|p1a: Iron Hands|0 fnt\n|faint|p1a: Iron Hands\n|-end|p1a: Iron Hands|Quark Drive|[silent]\n|-damage|p2a: Koraidon|58/100|[from] Recoil\n|-damage|p2a: Koraidon|48/100|[from] item: Life Orb\n|move|p2b: Ting-Lu|Stomping Tantrum|p1b: Ho-Oh\n|-activate|p1b: Ho-Oh|move: Protect\n|\n|-weather|SunnyDay|[upkeep]\n|-heal|p2b: Ting-Lu|44/100|[from] item: Leftovers\n|-sideend|p1: Stringskipper|move: Tailwind\n|upkeep\n|\n|t:|1776099491\n|switch|p1a: Miraidon|Miraidon, L50|100/100\n|-damage|p1a: Miraidon|88/100|[from] Stealth Rock\n|-fieldstart|move: Electric Terrain|[from] ability: Hadron Engine|[of] p1a: Miraidon\n|turn|5\n|l|\u2606Stringskipper\n|inactive|Stringskipper disconnected and has a minute to reconnect!\n|player|p1|\n|j|\u2606Stringskipper\n|inactive|Stringskipper reconnected and has 35 seconds left.\n|player|p1|Stringskipper|benga|\n|inactive|Stringskipper has 30 seconds left.\n|\n|t:|1776099518\n|-terastallize|p1a: Miraidon|Fairy\n|move|p2a: Koraidon|Flare Blitz|p1a: Miraidon\n|-damage|p1a: Miraidon|0 fnt\n|faint|p1a: Miraidon\n|-damage|p2a: Koraidon|19/100|[from] Recoil\n|-damage|p2a: Koraidon|9/100|[from] item: Life Orb\n|move|p2b: Ting-Lu|Stomping Tantrum|p1b: Ho-Oh\n|-immune|p1b: Ho-Oh\n|move|p1b: Ho-Oh|Brave Bird|p2a: Koraidon\n|-damage|p2a: Koraidon|0 fnt\n|faint|p2a: Koraidon\n|-damage|p1b: Ho-Oh|36/100|[from] Recoil\n|\n|-weather|SunnyDay|[upkeep]\n|-heal|p2b: Ting-Lu|50/100|[from] item: Leftovers\n|-sideend|p2: Lil Tic|move: Tailwind\n|upkeep\n|\n|t:|1776099524\n|switch|p2a: Ho-Oh|Ho-Oh, L50|40/100\n|turn|6\n|\n|t:|1776099531\n|move|p2a: Ho-Oh|Protect|p2a: Ho-Oh\n|-singleturn|p2a: Ho-Oh|Protect\n|move|p1b: Ho-Oh|Brave Bird|p2a: Ho-Oh\n|-activate|p2a: Ho-Oh|move: Protect\n|move|p2b: Ting-Lu|Heavy Slam|p1b: Ho-Oh\n|-resisted|p1b: Ho-Oh\n|-damage|p1b: Ho-Oh|27/100\n|\n|-weather|SunnyDay|[upkeep]\n|-heal|p2b: Ting-Lu|56/100|[from] item: Leftovers\n|upkeep\n|turn|7\n|\n|t:|1776099539\n|move|p2a: Ho-Oh|Brave Bird|p1b: Ho-Oh\n|-damage|p1b: Ho-Oh|0 fnt\n|faint|p1b: Ho-Oh\n|-damage|p2a: Ho-Oh|31/100|[from] Recoil\n|\n|win|Lil Tic\n|raw|Stringskipper's rating: 1446 &rarr; <strong>1422</strong><br />(-24 for losing)\n|raw|Lil Tic's rating: 1383 &rarr; <strong>1407</strong><br />(+24 for winning)\n|l|\u2606Lil Tic\n|player|p2|\n|l|\u2606Stringskipper\n|player|p1|\n","uploadtime":1776099810,"views":10,"formatid":"gen9vgc2026regi","rating":1407,"private":0,"password":null}