{"id":"gen9vgc2026regi-2561842119","format":"[Gen 9] VGC 2026 Reg I","players":["Hunt3r_lahess","Jonen"],"log":"|j|\u2606Hunt3r_lahess\n|j|\u2606Jonen\n|t:|1773848332\n|gametype|doubles\n|player|p1|Hunt3r_lahess|266|1247\n|player|p2|Jonen|hiker-gen4|1357\n|gen|9\n|tier|[Gen 9] VGC 2026 Reg I\n|rated|\n|rule|Species Clause: Limit one of each Pok\u00e9mon\n|rule|Item Clause: Limit 1 of each item\n|clearpoke\n|poke|p1|Calyrex-Ice, L50|\n|poke|p1|Brute Bonnet, L50|\n|poke|p1|Raging Bolt, L50|\n|poke|p1|Flutter Mane, L50|\n|poke|p1|Chi-Yu, L50|\n|poke|p1|Groudon, L50|\n|poke|p2|Groudon, L50|\n|poke|p2|Chi-Yu, L50|\n|poke|p2|Flutter Mane, L50|\n|poke|p2|Raging Bolt, L50|\n|poke|p2|Calyrex-Ice, L50|\n|poke|p2|Jumpluff, L50, M|\n|teampreview|4\n|inactive|Battle timer is ON: inactive players will automatically lose when time's up. (requested by Hunt3r_lahess)\n|inactive|Hunt3r_lahess has 60 seconds left.\n|inactive|Jonen has 60 seconds left.\n|inactive|Jonen has 30 seconds left.\n|j| phacmarc\n|inactive|Jonen has 20 seconds left.\n|inactive|Jonen has 15 seconds left.\n|inactive|Jonen has 10 seconds left.\n|\n|t:|1773848417\n|teamsize|p1|4\n|teamsize|p2|4\n|start\n|switch|p1a: Chi-Yu|Chi-Yu, L50, shiny|100/100\n|switch|p1b: Groudon|Groudon, L50|100/100\n|switch|p2a: Calyrex|Calyrex-Ice, L50|100/100\n|switch|p2b: Flutter Mane|Flutter Mane, L50|100/100\n|-ability|p2a: Calyrex|As One\n|-ability|p2a: Calyrex|Unnerve\n|-ability|p1a: Chi-Yu|Beads of Ruin\n|-weather|SunnyDay|[from] ability: Drought|[of] p1b: Groudon\n|-activate|p2b: Flutter Mane|ability: Protosynthesis\n|-start|p2b: Flutter Mane|protosynthesisspe\n|turn|1\n|inactive|Hunt3r_lahess has 30 seconds left.\n|inactive|Hunt3r_lahess has 20 seconds left.\n|\n|t:|1773848453\n|-terastallize|p1b: Groudon|Fire\n|-terastallize|p2a: Calyrex|Water\n|move|p2b: Flutter Mane|Moonblast|p1a: Chi-Yu\n|-damage|p1a: Chi-Yu|43/100\n|move|p1a: Chi-Yu|Heat Wave|p2a: Calyrex|[spread] p2b\n|-miss|p1a: Chi-Yu|p2a: Calyrex\n|-damage|p2b: Flutter Mane|11/100\n|-status|p2b: Flutter Mane|brn\n|move|p1b: Groudon|Precipice Blades|p2a: Calyrex|[spread] p2a\n|-miss|p1b: Groudon|p2b: Flutter Mane\n|-damage|p2a: Calyrex|77/100\n|move|p2a: Calyrex|Glacial Lance|p1a: Chi-Yu|[spread] p1a,p1b\n|-resisted|p1a: Chi-Yu\n|-resisted|p1b: Groudon\n|-damage|p1a: Chi-Yu|0 fnt\n|-damage|p1b: Groudon|85/100\n|faint|p1a: Chi-Yu\n|-ability|p2a: Calyrex|Chilling Neigh|boost\n|-boost|p2a: Calyrex|atk|1\n|\n|-weather|SunnyDay|[upkeep]\n|-damage|p2b: Flutter Mane|5/100 brn|[from] brn\n|upkeep\n|\n|t:|1773848474\n|switch|p1a: Flutter Mane|Flutter Mane, L50|100/100\n|-activate|p1a: Flutter Mane|ability: Protosynthesis\n|-start|p1a: Flutter Mane|protosynthesisspe\n|turn|2\n|\n|t:|1773848491\n|move|p1a: Flutter Mane|Protect|p1a: Flutter Mane\n|-singleturn|p1a: Flutter Mane|Protect\n|move|p2b: Flutter Mane|Icy Wind|p1a: Flutter Mane|[spread] p1b\n|-activate|p1a: Flutter Mane|move: Protect\n|-resisted|p1b: Groudon\n|-damage|p1b: Groudon|79/100\n|move|p1b: Groudon|Precipice Blades|p2b: Flutter Mane|[spread] p2a,p2b\n|-damage|p2a: Calyrex|52/100\n|-damage|p2b: Flutter Mane|0 fnt\n|faint|p2b: Flutter Mane\n|-end|p2b: Flutter Mane|Protosynthesis|[silent]\n|move|p2a: Calyrex|Glacial Lance|p1b: Groudon|[spread] p1b\n|-activate|p1a: Flutter Mane|move: Protect\n|-resisted|p1b: Groudon\n|-damage|p1b: Groudon|57/100\n|\n|-weather|SunnyDay|[upkeep]\n|upkeep\n|\n|t:|1773848496\n|switch|p2b: Jumpluff|Jumpluff, L50, M|100/100\n|turn|3\n|\n|t:|1773848515\n|move|p2b: Jumpluff|Encore|p1b: Groudon\n|-start|p1b: Groudon|Encore\n|move|p1a: Flutter Mane|Icy Wind|p2a: Calyrex|[spread] p2a\n|-miss|p1a: Flutter Mane|p2b: Jumpluff\n|-resisted|p2a: Calyrex\n|-damage|p2a: Calyrex|48/100\n|-unboost|p2a: Calyrex|spe|1\n|-enditem|p2a: Calyrex|Sitrus Berry|[eat]\n|-heal|p2a: Calyrex|72/100|[from] item: Sitrus Berry\n|move|p1b: Groudon|Precipice Blades|p2a: Calyrex|[spread] p2a\n|-immune|p2b: Jumpluff\n|-damage|p2a: Calyrex|45/100\n|move|p2a: Calyrex|Glacial Lance|p1a: Flutter Mane|[spread] p1a,p1b\n|-resisted|p1b: Groudon\n|-enditem|p1a: Flutter Mane|Focus Sash\n|-damage|p1a: Flutter Mane|1/100\n|-damage|p1b: Groudon|35/100\n|\n|-weather|SunnyDay|[upkeep]\n|upkeep\n|turn|4\n|\n|t:|1773848539\n|move|p1a: Flutter Mane|Protect|p1a: Flutter Mane\n|-singleturn|p1a: Flutter Mane|Protect\n|move|p2b: Jumpluff|Tailwind|p2b: Jumpluff\n|-sidestart|p2: Jonen|move: Tailwind\n|move|p1b: Groudon|Precipice Blades|p2b: Jumpluff|[spread] p2a\n|-immune|p2b: Jumpluff\n|-damage|p2a: Calyrex|21/100\n|move|p2a: Calyrex|Glacial Lance|p1a: Flutter Mane|[spread] p1b\n|-activate|p1a: Flutter Mane|move: Protect\n|-resisted|p1b: Groudon\n|-damage|p1b: Groudon|11/100\n|\n|-weather|SunnyDay|[upkeep]\n|upkeep\n|turn|5\n|\n|t:|1773848555\n|move|p2b: Jumpluff|Pollen Puff|p2a: Calyrex\n|-heal|p2a: Calyrex|71/100\n|move|p1a: Flutter Mane|Icy Wind|p2a: Calyrex|[spread] p2a,p2b\n|-resisted|p2a: Calyrex\n|-supereffective|p2b: Jumpluff\n|-damage|p2a: Calyrex|67/100\n|-damage|p2b: Jumpluff|43/100\n|-unboost|p2a: Calyrex|spe|1\n|move|p1b: Groudon|Precipice Blades|p2a: Calyrex|[spread] p2a\n|-immune|p2b: Jumpluff\n|-damage|p2a: Calyrex|43/100\n|move|p2a: Calyrex|Glacial Lance|p1a: Flutter Mane|[spread] p1a,p1b\n|-resisted|p1b: Groudon\n|-damage|p1a: Flutter Mane|0 fnt\n|-damage|p1b: Groudon|0 fnt\n|faint|p1a: Flutter Mane\n|-end|p1a: Flutter Mane|Protosynthesis|[silent]\n|faint|p1b: Groudon\n|-ability|p2a: Calyrex|Chilling Neigh|boost\n|-boost|p2a: Calyrex|atk|2\n|\n|-weather|none\n|upkeep\n|-message|Hunt3r_lahess forfeited.\n|\n|win|Jonen\n|raw|Hunt3r_lahess's rating: 1247 &rarr; <strong>1230</strong><br />(-17 for losing)\n|raw|Jonen's rating: 1357 &rarr; <strong>1371</strong><br />(+14 for winning)\n","uploadtime":1773848570,"views":10,"formatid":"gen9vgc2026regi","rating":1230,"private":0,"password":null}