{"id":"gen9vgc2026regi-2563394191","format":"[Gen 9] VGC 2026 Reg I","players":["Wakandius_PMSD","shangenb4"],"log":"|badge|p1|bronze|gen9randombattle|100-8\n|uhtml|medal-msg|<div class=\"broadcast-blue\">Curious what those medals under the avatar are? PS now has Ladder Seasons! For more information, check out the <a href=\"https://www.smogon.com/forums/threads/3740067/\">thread on Smogon.</a></div>\n|j|\u2606Wakandius_PMSD\n|j|\u2606shangenb4\n|t:|1774022473\n|gametype|doubles\n|player|p1|Wakandius_PMSD|265|1436\n|player|p2|shangenb4|170|1511\n|gen|9\n|tier|[Gen 9] VGC 2026 Reg I\n|rated|\n|rule|Species Clause: Limit one of each Pok\u00e9mon\n|rule|Item Clause: Limit 1 of each item\n|clearpoke\n|poke|p1|Calyrex-Ice, L50|\n|poke|p1|Miraidon, L50|\n|poke|p1|Ursaluna, L50, F|\n|poke|p1|Volcarona, L50, F|\n|poke|p1|Grimmsnarl, L50, M|\n|poke|p1|Iron Hands, L50|\n|poke|p2|Koraidon, L50|\n|poke|p2|Lunala, L50|\n|poke|p2|Flutter Mane, L50|\n|poke|p2|Chi-Yu, L50|\n|poke|p2|Raging Bolt, L50|\n|poke|p2|Indeedee-F, L50, F|\n|teampreview|4\n|inactive|Battle timer is ON: inactive players will automatically lose when time's up. (requested by shangenb4)\n|inactive|Wakandius_PMSD has 60 seconds left.\n|\n|t:|1774022506\n|teamsize|p1|4\n|teamsize|p2|4\n|start\n|switch|p1a: Grimmsnarl|Grimmsnarl, L50, M|100/100\n|switch|p1b: Miraidon|Miraidon, L50|100/100\n|switch|p2a: Flutter Mane|Flutter Mane, L50|100/100\n|switch|p2b: Koraidon|Koraidon, L50|100/100\n|-weather|SunnyDay|[from] ability: Orichalcum Pulse|[of] p2b: Koraidon\n|-activate|p2a: Flutter Mane|ability: Protosynthesis\n|-start|p2a: Flutter Mane|protosynthesisspe\n|-activate|p2b: Koraidon|Orichalcum Pulse|[source]\n|-fieldstart|move: Electric Terrain|[from] ability: Hadron Engine|[of] p1b: Miraidon\n|turn|1\n|inactive|shangenb4 has 30 seconds left.\n|inactive|shangenb4 has 20 seconds left.\n|inactive|shangenb4 has 15 seconds left.\n|inactive|shangenb4 has 10 seconds left.\n|inactive|shangenb4 has 5 seconds left.\n|\n|t:|1774022559\n|-terastallize|p1b: Miraidon|Fairy\n|move|p2b: Koraidon|Protect|p2b: Koraidon\n|-singleturn|p2b: Koraidon|Protect\n|move|p1a: Grimmsnarl|Light Screen|p1a: Grimmsnarl\n|-sidestart|p1: Wakandius_PMSD|move: Light Screen\n|move|p2a: Flutter Mane|Moonblast|p1a: Grimmsnarl\n|-supereffective|p1a: Grimmsnarl\n|-damage|p1a: Grimmsnarl|38/100\n|move|p1b: Miraidon|Dazzling Gleam|p2a: Flutter Mane|[spread] p2a\n|-activate|p2b: Koraidon|move: Protect\n|-damage|p2a: Flutter Mane|33/100\n|\n|-weather|SunnyDay|[upkeep]\n|upkeep\n|turn|2\n|\n|t:|1774022582\n|-terastallize|p2b: Koraidon|Fire\n|move|p1a: Grimmsnarl|Thunder Wave|p2b: Koraidon\n|-status|p2b: Koraidon|par\n|move|p2a: Flutter Mane|Icy Wind|p1b: Miraidon|[spread] p1a,p1b\n|-damage|p1a: Grimmsnarl|29/100\n|-damage|p1b: Miraidon|93/100\n|-unboost|p1a: Grimmsnarl|spe|1\n|-unboost|p1b: Miraidon|spe|1\n|move|p1b: Miraidon|Dazzling Gleam|p2a: Flutter Mane|[spread] p2a,p2b\n|-resisted|p2b: Koraidon\n|-damage|p2a: Flutter Mane|0 fnt\n|-damage|p2b: Koraidon|72/100 par\n|faint|p2a: Flutter Mane\n|-end|p2a: Flutter Mane|Protosynthesis|[silent]\n|move|p2b: Koraidon|Flare Blitz|p1b: Miraidon\n|-damage|p1b: Miraidon|0 fnt\n|faint|p1b: Miraidon\n|-damage|p2b: Koraidon|41/100 par|[from] Recoil\n|\n|-weather|SunnyDay|[upkeep]\n|upkeep\n|\n|t:|1774022605\n|switch|p2a: Lunala|Lunala, L50|100/100\n|switch|p1b: Calyrex|Calyrex-Ice, L50|100/100\n|-ability|p1b: Calyrex|As One\n|-ability|p1b: Calyrex|Unnerve\n|turn|3\n|\n|t:|1774022622\n|switch|p2b: Indeedee|Indeedee-F, L50, F|100/100\n|-fieldstart|move: Psychic Terrain|[from] ability: Psychic Surge|[of] p2b: Indeedee\n|move|p1a: Grimmsnarl|Reflect|p1a: Grimmsnarl\n|-sidestart|p1: Wakandius_PMSD|Reflect\n|move|p2a: Lunala|Meteor Beam||[still]\n|-prepare|p2a: Lunala|Meteor Beam\n|-boost|p2a: Lunala|spa|1\n|-enditem|p2a: Lunala|Power Herb\n|-anim|p2a: Lunala|Meteor Beam|p1b: Calyrex\n|-supereffective|p1b: Calyrex\n|-damage|p1b: Calyrex|46/100\n|move|p1b: Calyrex|Trick Room|p1b: Calyrex\n|-fieldstart|move: Trick Room|[of] p1b: Calyrex\n|\n|-weather|SunnyDay|[upkeep]\n|-heal|p1b: Calyrex|52/100|[from] item: Leftovers\n|upkeep\n|turn|4\n|j| KittyPON2\n|inactive|shangenb4 has 30 seconds left.\n|\n|t:|1774022655\n|move|p1b: Calyrex|Protect|p1b: Calyrex\n|-singleturn|p1b: Calyrex|Protect\n|move|p1a: Grimmsnarl|Spirit Break|p2a: Lunala\n|-damage|p2a: Lunala|88/100\n|-unboost|p2a: Lunala|spa|1\n|move|p2a: Lunala|Moongeist Beam|p1b: Calyrex\n|-activate|p1b: Calyrex|move: Protect\n|move|p2b: Indeedee|Trick Room|p2b: Indeedee\n|-fieldend|move: Trick Room\n|\n|-weather|SunnyDay|[upkeep]\n|-heal|p1b: Calyrex|58/100|[from] item: Leftovers\n|upkeep\n|turn|5\n|\n|t:|1774022674\n|move|p2b: Indeedee|Helping Hand|p2a: Lunala\n|-singleturn|p2a: Lunala|Helping Hand|[of] p2b: Indeedee\n|move|p2a: Lunala|Moongeist Beam|p1b: Calyrex\n|-supereffective|p1b: Calyrex\n|-damage|p1b: Calyrex|0 fnt\n|faint|p1b: Calyrex\n|move|p1a: Grimmsnarl|Spirit Break|p2a: Lunala\n|-damage|p2a: Lunala|62/100\n|-unboost|p2a: Lunala|spa|1\n|\n|-weather|none\n|upkeep\n|-message|Wakandius_PMSD forfeited.\n|\n|win|shangenb4\n|raw|Wakandius_PMSD's rating: 1436 &rarr; <strong>1420</strong><br />(-16 for losing)\n|raw|shangenb4's rating: 1511 &rarr; <strong>1527</strong><br />(+16 for winning)\n|l|\u2606Wakandius_PMSD\n|player|p1|\n","uploadtime":1774022764,"views":33,"formatid":"gen9vgc2026regi","rating":1420,"private":0,"password":null}