{"id":"gen9vgc2026regi-2551506085","format":"[Gen 9] VGC 2026 Reg I","players":["Zorse Mentality","RandomcatFFR"],"log":"|j|\u2606Zorse Mentality\n|j|\u2606RandomcatFFR\n|t:|1772613151\n|gametype|doubles\n|player|p1|Zorse Mentality|169|1337\n|player|p2|RandomcatFFR|artist-gen4|1429\n|gen|9\n|tier|[Gen 9] VGC 2026 Reg I\n|rated|\n|rule|Species Clause: Limit one of each Pok\u00e9mon\n|rule|Item Clause: Limit 1 of each item\n|clearpoke\n|poke|p1|Miraidon, L50|\n|poke|p1|Tatsugiri, L50, F|\n|poke|p1|Raichu-Alola, L50, F|\n|poke|p1|Dondozo, L50, F|\n|poke|p1|Calyrex-Shadow, L50|\n|poke|p1|Weezing-Galar, L50, F|\n|poke|p2|Miraidon, L50|\n|poke|p2|Incineroar, L50, F|\n|poke|p2|Whimsicott, L50, F|\n|poke|p2|Urshifu-*, L50, M|\n|poke|p2|Lunala, L50|\n|poke|p2|Ursaluna, L50, F|\n|teampreview|4\n|inactive|Battle timer is ON: inactive players will automatically lose when time's up. (requested by Zorse Mentality)\n|\n|t:|1772613206\n|teamsize|p1|4\n|teamsize|p2|4\n|start\n|switch|p1a: Calyrex|Calyrex-Shadow, L50|100/100\n|switch|p1b: Weezing|Weezing-Galar, L50, F|100/100\n|switch|p2a: Incineroar|Incineroar, L50, F|100/100\n|switch|p2b: Lunala|Lunala, L50|100/100\n|-ability|p1b: Weezing|Neutralizing Gas\n|-ability|p1a: Calyrex|As One\n|-ability|p1a: Calyrex|Unnerve\n|turn|1\n|inactive|Zorse Mentality has 30 seconds left.\n|inactive|Zorse Mentality has 20 seconds left.\n|inactive|Zorse Mentality has 15 seconds left.\n|inactive|Zorse Mentality has 10 seconds left.\n|inactive|Zorse Mentality has 5 seconds left.\n|\n|t:|1772613257\n|move|p2b: Lunala|Wide Guard|p2b: Lunala\n|-singleturn|p2b: Lunala|Wide Guard\n|move|p1a: Calyrex|Astral Barrage|p2b: Lunala|[spread] \n|-activate|p2a: Incineroar|move: Wide Guard\n|-activate|p2b: Lunala|move: Wide Guard\n|move|p2a: Incineroar|Knock Off|p1a: Calyrex\n|-supereffective|p1a: Calyrex\n|-damage|p1a: Calyrex|0 fnt\n|-enditem|p1a: Calyrex|Life Orb|[from] move: Knock Off|[of] p2a: Incineroar\n|faint|p1a: Calyrex\n|move|p1b: Weezing|Taunt|p2b: Lunala\n|-start|p2b: Lunala|move: Taunt\n|\n|upkeep\n|\n|t:|1772613276\n|switch|p1a: Miraidon|Miraidon, L50|100/100\n|turn|2\n|\n|t:|1772613290\n|-end|p1b: Weezing|ability: Neutralizing Gas\n|-fieldstart|move: Electric Terrain|[from] ability: Hadron Engine|[of] p1a: Miraidon\n|-enditem|p2b: Lunala|Electric Seed\n|-boost|p2b: Lunala|def|1|[from] item: Electric Seed\n|-ability|p2a: Incineroar|Intimidate|boost\n|-unboost|p1a: Miraidon|atk|1\n|-unboost|p1b: Weezing|atk|1\n|switch|p1b: Raichu|Raichu-Alola, L50, F|100/100\n|-terastallize|p1a: Miraidon|Electric\n|move|p1a: Miraidon|Electro Drift|p2a: Incineroar\n|-damage|p2a: Incineroar|7/100\n|move|p2b: Lunala|Moonblast|p1a: Miraidon\n|-damage|p1a: Miraidon|71/100\n|-unboost|p1a: Miraidon|spa|1\n|move|p2a: Incineroar|Flare Blitz|p1b: Raichu\n|-damage|p1b: Raichu|30/100\n|-damage|p2a: Incineroar|0 fnt|[from] Recoil\n|faint|p2a: Incineroar\n|\n|upkeep\n|\n|t:|1772613311\n|switch|p2a: Whimsicott|Whimsicott, L50, F|100/100\n|turn|3\n|inactive|Zorse Mentality has 30 seconds left.\n|\n|t:|1772613340\n|move|p2a: Whimsicott|Tailwind|p2a: Whimsicott\n|-sidestart|p2: RandomcatFFR|move: Tailwind\n|move|p1b: Raichu|Fling|p2b: Lunala\n|-supereffective|p2b: Lunala\n|-damage|p2b: Lunala|94/100\n|-enditem|p1b: Raichu|King's Rock|[from] move: Fling\n|cant|p2b: Lunala|flinch\n|move|p1a: Miraidon|Electro Drift|p2b: Lunala\n|-damage|p2b: Lunala|17/100\n|\n|upkeep\n|turn|4\n|inactive|Zorse Mentality has 30 seconds left.\n|\n|t:|1772613369\n|move|p2a: Whimsicott|Encore|p1b: Raichu\n|-start|p1b: Raichu|Encore\n|move|p1b: Raichu|Fling||[still]\n|-fail|p1b: Raichu\n|move|p2b: Lunala|Moongeist Beam|p1a: Miraidon\n|-damage|p1a: Miraidon|21/100\n|move|p1a: Miraidon|Parabolic Charge|p2b: Lunala|[spread] p1b,p2a,p2b\n|-resisted|p1b: Raichu\n|-resisted|p2a: Whimsicott\n|-crit|p2a: Whimsicott\n|-damage|p1b: Raichu|0 fnt\n|-heal|p1a: Miraidon|35/100|[from] drain|[of] p1b: Raichu\n|-damage|p2a: Whimsicott|31/100\n|-heal|p1a: Miraidon|68/100|[from] drain|[of] p2a: Whimsicott\n|-damage|p2b: Lunala|0 fnt\n|-heal|p1a: Miraidon|79/100|[from] drain|[of] p2b: Lunala\n|faint|p1b: Raichu\n|faint|p2b: Lunala\n|\n|upkeep\n|\n|t:|1772613389\n|switch|p1b: Weezing|Weezing-Galar, L50, F|100/100\n|switch|p2b: Miraidon|Miraidon, L50|100/100\n|-ability|p1b: Weezing|Neutralizing Gas\n|turn|5\n|inactive|RandomcatFFR has 30 seconds left.\n|\n|t:|1772613426\n|-terastallize|p2b: Miraidon|Fairy\n|move|p1b: Weezing|Protect|p1b: Weezing\n|-singleturn|p1b: Weezing|Protect\n|move|p2b: Miraidon|Electro Drift|p1b: Weezing\n|-activate|p1b: Weezing|move: Protect\n|move|p2a: Whimsicott|Light Screen|p2a: Whimsicott\n|-sidestart|p2: RandomcatFFR|move: Light Screen\n|move|p1a: Miraidon|Parabolic Charge|p2a: Whimsicott|[spread] p2a,p2b\n|-activate|p1b: Weezing|move: Protect\n|-resisted|p2a: Whimsicott\n|-damage|p2a: Whimsicott|15/100\n|-heal|p1a: Miraidon|86/100|[from] drain|[of] p2a: Whimsicott\n|-damage|p2b: Miraidon|80/100\n|-heal|p1a: Miraidon|98/100|[from] drain|[of] p2b: Miraidon\n|\n|upkeep\n|turn|6\n|l|\u2606Zorse Mentality\n|inactive|Zorse Mentality disconnected and has a minute to reconnect!\n|player|p1|\n|inactive|Zorse Mentality has 30 seconds left.\n|inactive|Zorse Mentality has 20 seconds left.\n|j|\u2606Zorse Mentality\n|inactive|Zorse Mentality reconnected and has 20 seconds left.\n|player|p1|Zorse Mentality|169|\n|inactive|Zorse Mentality has 15 seconds left.\n|inactive|Zorse Mentality has 10 seconds left.\n|\n|t:|1772613475\n|move|p1a: Miraidon|Protect|p1a: Miraidon\n|-singleturn|p1a: Miraidon|Protect\n|move|p2b: Miraidon|Electro Drift|p1a: Miraidon\n|-activate|p1a: Miraidon|move: Protect\n|move|p2a: Whimsicott|Encore|p1b: Weezing\n|-start|p1b: Weezing|Encore\n|move|p1b: Weezing|Protect||[still]\n|-fail|p1b: Weezing\n|\n|-sideend|p2: RandomcatFFR|move: Tailwind\n|-fieldend|move: Electric Terrain\n|upkeep\n|turn|7\n|c|\u2606RandomcatFFR|?\n|\n|t:|1772613493\n|move|p1b: Weezing|Protect|p1b: Weezing\n|-singleturn|p1b: Weezing|Protect\n|move|p1a: Miraidon|Parabolic Charge|p2a: Whimsicott|[spread] p2a,p2b\n|-activate|p1b: Weezing|move: Protect\n|-resisted|p2a: Whimsicott\n|-crit|p2b: Miraidon\n|-damage|p2a: Whimsicott|4/100\n|-heal|p1a: Miraidon|100/100|[from] drain|[of] p2a: Whimsicott\n|-damage|p2b: Miraidon|22/100\n|move|p2b: Miraidon|Electro Drift|p1b: Weezing\n|-activate|p1b: Weezing|move: Protect\n|move|p2a: Whimsicott|Encore|p1a: Miraidon\n|-start|p1a: Miraidon|Encore\n|\n|upkeep\n|turn|8\n|inactive|RandomcatFFR has 30 seconds left.\n|c|\u2606RandomcatFFR|oh nvm\n|\n|t:|1772613527\n|move|p1b: Weezing|Protect||[still]\n|-fail|p1b: Weezing\n|move|p1a: Miraidon|Parabolic Charge|p2b: Miraidon|[spread] p1b,p2a,p2b\n|-resisted|p2a: Whimsicott\n|-damage|p1b: Weezing|64/100\n|-damage|p2a: Whimsicott|0 fnt\n|-damage|p2b: Miraidon|5/100\n|faint|p2a: Whimsicott\n|move|p2b: Miraidon|Electro Drift|p1a: Miraidon\n|-resisted|p1a: Miraidon\n|-damage|p1a: Miraidon|63/100\n|\n|-heal|p1b: Weezing|70/100|[from] item: Leftovers\n|-end|p1b: Weezing|Encore\n|upkeep\n|turn|9\n|-message|RandomcatFFR forfeited.\n|\n|win|Zorse Mentality\n|raw|Zorse Mentality's rating: 1337 &rarr; <strong>1362</strong><br />(+25 for winning)\n|raw|RandomcatFFR's rating: 1429 &rarr; <strong>1404</strong><br />(-25 for losing)\n|l|\u2606RandomcatFFR\n|player|p2|\n","uploadtime":1772613693,"views":19,"formatid":"gen9vgc2026regi","rating":1362,"private":0,"password":null}