{"id":"gen9vgc2026regi-2545653409","format":"[Gen 9] VGC 2026 Reg I","players":["snorlaxpikachu1","ryo8989"],"log":"|j|\u2606snorlaxpikachu1\n|j|\u2606ryo8989\n|t:|1771872184\n|gametype|doubles\n|player|p1|snorlaxpikachu1|palmer|1553\n|player|p2|ryo8989|erika|1478\n|gen|9\n|tier|[Gen 9] VGC 2026 Reg I\n|rated|\n|rule|Species Clause: Limit one of each Pok\u00e9mon\n|rule|Item Clause: Limit 1 of each item\n|clearpoke\n|poke|p1|Lunala, L50|\n|poke|p1|Zamazenta-*, L50|\n|poke|p1|Rillaboom, L50, F|\n|poke|p1|Incineroar, L50, F|\n|poke|p1|Ogerpon-Hearthflame, L50, F|\n|poke|p1|Chien-Pao, L50|\n|poke|p2|Calyrex-Shadow, L50|\n|poke|p2|Zamazenta-*, L50|\n|poke|p2|Raging Bolt, L50|\n|poke|p2|Tornadus, L50, M|\n|poke|p2|Urshifu-*, L50, F|\n|poke|p2|Indeedee-F, L50, F|\n|teampreview|4\n|\n|t:|1771872203\n|teamsize|p1|4\n|teamsize|p2|4\n|start\n|switch|p1a: Lunala|Lunala, L50|100/100\n|switch|p1b: Zamazenta|Zamazenta-Crowned, L50|100/100\n|switch|p2a: Zamazenta|Zamazenta-Crowned, L50, shiny|100/100\n|switch|p2b: Tornadus|Tornadus, L50, M|100/100\n|-ability|p1b: Zamazenta|Dauntless Shield|boost\n|-boost|p1b: Zamazenta|def|1\n|-ability|p2a: Zamazenta|Dauntless Shield|boost\n|-boost|p2a: Zamazenta|def|1\n|turn|1\n|\n|t:|1771872218\n|-terastallize|p1b: Zamazenta|Dark\n|move|p2b: Tornadus|Taunt|p1b: Zamazenta\n|-hint|Since gen 7, Dark is immune to Prankster moves.\n|-immune|p1b: Zamazenta\n|move|p1b: Zamazenta|Imprison|p1b: Zamazenta\n|-start|p1b: Zamazenta|move: Imprison\n|cant|p2a: Zamazenta|move: Imprison|Body Press\n|move|p1a: Lunala|Calm Mind|p1a: Lunala\n|-boost|p1a: Lunala|spa|1\n|-boost|p1a: Lunala|spd|1\n|\n|upkeep\n|turn|2\n|\n|t:|1771872250\n|switch|p2a: Calyrex|Calyrex-Shadow, L50|100/100\n|-ability|p2a: Calyrex|As One\n|-ability|p2a: Calyrex|Unnerve\n|move|p2b: Tornadus|Taunt|p1a: Lunala\n|-start|p1a: Lunala|move: Taunt\n|move|p1b: Zamazenta|Heavy Slam|p2b: Tornadus\n|-damage|p2b: Tornadus|43/100\n|move|p1a: Lunala|Moongeist Beam|p2b: Tornadus\n|-damage|p2b: Tornadus|0 fnt\n|faint|p2b: Tornadus\n|\n|upkeep\n|\n|t:|1771872268\n|switch|p2b: Urshifu|Urshifu-Rapid-Strike, L50, F|100/100\n|turn|3\n|\n|t:|1771872288\n|-terastallize|p2b: Urshifu|Ghost\n|move|p1b: Zamazenta|Wide Guard|p1b: Zamazenta\n|-singleturn|p1b: Zamazenta|Wide Guard\n|move|p2a: Calyrex|Astral Barrage|p1b: Zamazenta|[spread] \n|-activate|p1a: Lunala|move: Wide Guard\n|-activate|p1b: Zamazenta|move: Wide Guard\n|move|p2b: Urshifu|Close Combat|p1b: Zamazenta\n|-supereffective|p1b: Zamazenta\n|-damage|p1b: Zamazenta|13/100\n|-unboost|p2b: Urshifu|def|1\n|-unboost|p2b: Urshifu|spd|1\n|move|p1a: Lunala|Moongeist Beam|p2b: Urshifu\n|-supereffective|p2b: Urshifu\n|-damage|p2b: Urshifu|0 fnt\n|faint|p2b: Urshifu\n|\n|upkeep\n|\n|t:|1771872308\n|switch|p2b: Zamazenta|Zamazenta-Crowned, L50, shiny|100/100\n|turn|4\n|\n|t:|1771872316\n|move|p2b: Zamazenta|Protect|p2b: Zamazenta\n|-singleturn|p2b: Zamazenta|Protect\n|move|p1b: Zamazenta|Wide Guard|p1b: Zamazenta\n|-singleturn|p1b: Zamazenta|Wide Guard\n|move|p2a: Calyrex|Tera Blast|p1b: Zamazenta\n|-damage|p1b: Zamazenta|0 fnt\n|faint|p1b: Zamazenta\n|-ability|p2a: Calyrex|Grim Neigh|boost\n|-boost|p2a: Calyrex|spa|1\n|move|p1a: Lunala|Moongeist Beam|p2a: Calyrex\n|-supereffective|p2a: Calyrex\n|-enditem|p2a: Calyrex|Focus Sash\n|-damage|p2a: Calyrex|1/100\n|\n|-end|p1a: Lunala|move: Taunt\n|upkeep\n|\n|t:|1771872327\n|switch|p1b: Rillaboom|Rillaboom, L50, F|100/100\n|-fieldstart|move: Grassy Terrain|[from] ability: Grassy Surge|[of] p1b: Rillaboom\n|turn|5\n|\n|t:|1771872343\n|move|p2a: Calyrex|Protect|p2a: Calyrex\n|-singleturn|p2a: Calyrex|Protect\n|move|p1b: Rillaboom|Grassy Glide|p2a: Calyrex\n|-activate|p2a: Calyrex|move: Protect\n|move|p2b: Zamazenta|Body Press|p1b: Rillaboom\n|-damage|p1b: Rillaboom|55/100\n|move|p1a: Lunala|Moongeist Beam|p2b: Zamazenta\n|-crit|p2b: Zamazenta\n|-damage|p2b: Zamazenta|18/100\n|\n|-heal|p2a: Calyrex|7/100|[from] Grassy Terrain\n|-heal|p2b: Zamazenta|24/100|[from] Grassy Terrain\n|-heal|p1b: Rillaboom|61/100|[from] Grassy Terrain\n|upkeep\n|turn|6\n|-message|ryo8989 forfeited.\n|\n|win|snorlaxpikachu1\n|raw|snorlaxpikachu1's rating: 1553 &rarr; <strong>1569</strong><br />(+16 for winning)\n|raw|ryo8989's rating: 1478 &rarr; <strong>1462</strong><br />(-16 for losing)\n|l|\u2606ryo8989\n|player|p2|\n|l|\u2606snorlaxpikachu1\n|player|p1|\n","uploadtime":1771872614,"views":16,"formatid":"gen9vgc2026regi","rating":1462,"private":0,"password":null}