{"id":"gen9vgc2026regi-2548126913","format":"[Gen 9] VGC 2026 Reg I","players":["EllenJoe2026","messi-05"],"log":"|j|\u2606EllenJoe2026\n|j|\u2606messi-05\n|t:|1772173022\n|gametype|doubles\n|player|p1|EllenJoe2026|iono|1492\n|player|p2|messi-05|169|1413\n|gen|9\n|tier|[Gen 9] VGC 2026 Reg I\n|rated|\n|rule|Species Clause: Limit one of each Pok\u00e9mon\n|rule|Item Clause: Limit 1 of each item\n|clearpoke\n|poke|p1|Calyrex-Shadow, L50|\n|poke|p1|Zamazenta-*, L50|\n|poke|p1|Incineroar, L50, F|\n|poke|p1|Rillaboom, L50, F|\n|poke|p1|Ogerpon-Cornerstone, L50, F|\n|poke|p1|Tornadus, L50, M|\n|poke|p2|Terapagos, L50, M|\n|poke|p2|Sinistcha, L50|\n|poke|p2|Incineroar, L50, M|\n|poke|p2|Ogerpon-Wellspring, L50, F|\n|poke|p2|Iron Treads, L50|\n|poke|p2|Miraidon, L50|\n|teampreview|4\n|inactive|Battle timer is ON: inactive players will automatically lose when time's up. (requested by messi-05)\n|inactive|EllenJoe2026 also wants the timer to be on.\n|inactive|EllenJoe2026 has 60 seconds left.\n|\n|t:|1772173053\n|teamsize|p1|4\n|teamsize|p2|4\n|start\n|switch|p1a: Zamazenta|Zamazenta-Crowned, L50, shiny|100/100\n|switch|p1b: Incineroar|Incineroar, L50, F, shiny|100/100\n|switch|p2a: Terapagos|Terapagos, L50, M|100/100\n|switch|p2b: Miraidon|Miraidon, L50|100/100\n|-activate|p2a: Terapagos|ability: Tera Shift\n|detailschange|p2a: Terapagos|Terapagos-Terastal, L50, M\n|-heal|p2a: Terapagos|100/100|[silent]\n|-fieldstart|move: Electric Terrain|[from] ability: Hadron Engine|[of] p2b: Miraidon\n|-enditem|p2a: Terapagos|Electric Seed\n|-boost|p2a: Terapagos|def|1|[from] item: Electric Seed\n|-ability|p1a: Zamazenta|Dauntless Shield|boost\n|-boost|p1a: Zamazenta|def|1\n|-ability|p1b: Incineroar|Intimidate|boost\n|-unboost|p2a: Terapagos|atk|1\n|-unboost|p2b: Miraidon|atk|1\n|turn|1\n|inactive|EllenJoe2026 has 30 seconds left.\n|inactive|messi-05 has 30 seconds left.\n|inactive|EllenJoe2026 has 20 seconds left.\n|\n|t:|1772173090\n|move|p1a: Zamazenta|Protect|p1a: Zamazenta\n|-singleturn|p1a: Zamazenta|Protect\n|move|p2a: Terapagos|Protect|p2a: Terapagos\n|-singleturn|p2a: Terapagos|Protect\n|move|p2b: Miraidon|Volt Switch|p1a: Zamazenta\n|-activate|p1a: Zamazenta|move: Protect\n|move|p1b: Incineroar|Knock Off|p2b: Miraidon\n|-damage|p2b: Miraidon|70/100\n|-enditem|p2b: Miraidon|Choice Scarf|[from] move: Knock Off|[of] p1b: Incineroar\n|\n|upkeep\n|turn|2\n|\n|t:|1772173107\n|switch|p1b: Rillaboom|Rillaboom, L50, F, shiny|100/100\n|-fieldstart|move: Grassy Terrain|[from] ability: Grassy Surge|[of] p1b: Rillaboom\n|move|p2b: Miraidon|Volt Switch|p1a: Zamazenta\n|-damage|p1a: Zamazenta|71/100\n|\n|t:|1772173118\n|switch|p2b: Incineroar|Incineroar, L50, M|100/100|[from] Volt Switch\n|-ability|p2b: Incineroar|Intimidate|boost\n|-unboost|p1a: Zamazenta|atk|1\n|-unboost|p1b: Rillaboom|atk|1\n|move|p1a: Zamazenta|Body Press|p2a: Terapagos\n|-activate|p2a: Terapagos|ability: Tera Shell\n|-resisted|p2a: Terapagos\n|-damage|p2a: Terapagos|81/100\n|move|p2a: Terapagos|Calm Mind|p2a: Terapagos\n|-boost|p2a: Terapagos|spa|1\n|-boost|p2a: Terapagos|spd|1\n|\n|-heal|p1a: Zamazenta|77/100|[from] Grassy Terrain\n|-heal|p2a: Terapagos|87/100|[from] Grassy Terrain\n|upkeep\n|turn|3\n|\n|t:|1772173142\n|switch|p1b: Incineroar|Incineroar, L50, F, shiny|100/100\n|-ability|p1b: Incineroar|Intimidate|boost\n|-unboost|p2a: Terapagos|atk|1\n|-unboost|p2b: Incineroar|atk|1\n|move|p2a: Terapagos|Protect|p2a: Terapagos\n|-singleturn|p2a: Terapagos|Protect\n|move|p2b: Incineroar|Fake Out|p1a: Zamazenta\n|-resisted|p1a: Zamazenta\n|-damage|p1a: Zamazenta|76/100\n|cant|p1a: Zamazenta|flinch\n|\n|-heal|p1a: Zamazenta|82/100|[from] Grassy Terrain\n|-heal|p2a: Terapagos|93/100|[from] Grassy Terrain\n|upkeep\n|turn|4\n|inactive|messi-05 has 30 seconds left.\n|inactive|messi-05 has 20 seconds left.\n|inactive|messi-05 has 15 seconds left.\n|inactive|messi-05 has 10 seconds left.\n|inactive|messi-05 has 5 seconds left.\n|\n|t:|1772173192\n|-terastallize|p2a: Terapagos|Stellar\n|detailschange|p2a: Terapagos|Terapagos-Stellar, L50, M, tera:Stellar\n|-heal|p2a: Terapagos|95/100|[silent]\n|-ability|p2a: Terapagos|Teraform Zero\n|-fieldend|move: Grassy Terrain\n|move|p1a: Zamazenta|Body Press|p2a: Terapagos\n|-supereffective|p2a: Terapagos\n|-damage|p2a: Terapagos|38/100\n|move|p2a: Terapagos|Tera Starstorm|p1a: Zamazenta|[spread] p1a,p1b\n|-damage|p1a: Zamazenta|43/100\n|-damage|p1b: Incineroar|41/100\n|move|p2b: Incineroar|U-turn|p1a: Zamazenta\n|-resisted|p1a: Zamazenta\n|-damage|p1a: Zamazenta|42/100\n|\n|t:|1772173207\n|switch|p2b: Sinistcha|Sinistcha, L50|100/100|[from] U-turn\n|-heal|p2a: Terapagos|63/100|[from] ability: Hospitality|[of] p2b: Sinistcha\n|move|p1b: Incineroar|Knock Off|p2a: Terapagos\n|-damage|p2a: Terapagos|53/100\n|\n|upkeep\n|turn|5\n|\n|t:|1772173230\n|-terastallize|p1a: Zamazenta|Grass\n|move|p2b: Sinistcha|Rage Powder|p2b: Sinistcha\n|-singleturn|p2b: Sinistcha|move: Rage Powder\n|move|p1a: Zamazenta|Body Press|p2a: Terapagos\n|-supereffective|p2a: Terapagos\n|-damage|p2a: Terapagos|0 fnt\n|faint|p2a: Terapagos\n|detailschange|p2: Terapagos|Terapagos, L50, M|[silent]\n|move|p1b: Incineroar|Taunt|p2b: Sinistcha\n|-start|p2b: Sinistcha|move: Taunt\n|\n|upkeep\n|\n|t:|1772173242\n|switch|p2a: Incineroar|Incineroar, L50, M|100/100\n|-ability|p2a: Incineroar|Intimidate|boost\n|-unboost|p1a: Zamazenta|atk|1\n|-unboost|p1b: Incineroar|atk|1\n|turn|6\n|\n|t:|1772173250\n|switch|p2b: Miraidon|Miraidon, L50|70/100\n|-fieldstart|move: Electric Terrain|[from] ability: Hadron Engine|[of] p2b: Miraidon\n|move|p1a: Zamazenta|Protect|p1a: Zamazenta\n|-singleturn|p1a: Zamazenta|Protect\n|move|p2a: Incineroar|Fake Out|p1a: Zamazenta\n|-activate|p1a: Zamazenta|move: Protect\n|move|p1b: Incineroar|Parting Shot|p2a: Incineroar\n|-unboost|p2a: Incineroar|atk|1\n|-unboost|p2a: Incineroar|spa|1\n|\n|t:|1772173262\n|switch|p1b: Rillaboom|Rillaboom, L50, F, shiny|100/100|[from] Parting Shot\n|-fieldstart|move: Grassy Terrain|[from] ability: Grassy Surge|[of] p1b: Rillaboom\n|\n|-heal|p2b: Miraidon|76/100|[from] Grassy Terrain\n|-heal|p1a: Zamazenta|48/100|[from] Grassy Terrain\n|upkeep\n|turn|7\n|\n|t:|1772173283\n|switch|p2b: Sinistcha|Sinistcha, L50|100/100\n|move|p1b: Rillaboom|Fake Out|p2b: Sinistcha\n|-immune|p2b: Sinistcha\n|move|p1a: Zamazenta|Body Press|p2a: Incineroar\n|-supereffective|p2a: Incineroar\n|-damage|p2a: Incineroar|0 fnt\n|faint|p2a: Incineroar\n|\n|-heal|p1a: Zamazenta|54/100|[from] Grassy Terrain\n|upkeep\n|-message|messi-05 forfeited.\n|\n|win|EllenJoe2026\n|raw|EllenJoe2026's rating: 1492 &rarr; <strong>1508</strong><br />(+16 for winning)\n|raw|messi-05's rating: 1413 &rarr; <strong>1397</strong><br />(-16 for losing)\n|l|\u2606messi-05\n|player|p2|\n","uploadtime":1772173430,"views":12,"formatid":"gen9vgc2026regi","rating":1397,"private":0,"password":null}