{"id":"gen9vgc2026regi-2570212885","format":"[Gen 9] VGC 2026 Reg I","players":["xiaoxiaoxin121","dasabe\u76d6\u6b27\u5361\u4fa0"],"log":"|j|\u2606xiaoxiaoxin121\n|j|\u2606dasabe\u76d6\u6b27\u5361\u4fa0\n|t:|1774789334\n|gametype|doubles\n|player|p1|xiaoxiaoxin121|dawn-masters3|1324\n|player|p2|dasabe\u76d6\u6b27\u5361\u4fa0|may-masters4|1398\n|gen|9\n|tier|[Gen 9] VGC 2026 Reg I\n|rated|\n|rule|Species Clause: Limit one of each Pok\u00e9mon\n|rule|Item Clause: Limit 1 of each item\n|clearpoke\n|poke|p1|Calyrex-Shadow, L50|\n|poke|p1|Groudon, L50|\n|poke|p1|Zapdos-Galar, L50|\n|poke|p1|Rillaboom, L50, M|\n|poke|p1|Raging Bolt, L50|\n|poke|p1|Clefairy, L50, M|\n|poke|p2|Calyrex-Ice, L50|\n|poke|p2|Kyogre, L50|\n|poke|p2|Landorus, L50, M|\n|poke|p2|Tornadus, L50, M|\n|poke|p2|Urshifu-*, L50, M|\n|poke|p2|Farigiraf, L50, F|\n|teampreview|4\n|inactive|Battle timer is ON: inactive players will automatically lose when time's up. (requested by xiaoxiaoxin121)\nxiaoxiaoxin121 has agreed to open team sheets.\n|\n|t:|1774789357\n|teamsize|p1|4\n|teamsize|p2|4\n|start\n|switch|p1a: Calyrex|Calyrex-Shadow, L50|100/100\n|switch|p1b: Rillaboom|Rillaboom, L50, M, shiny|100/100\n|switch|p2a: \u9e7f\u51a0\u738b|Calyrex-Ice, L50|100/100\n|switch|p2b: \u7d2b\u5c3e\u723d\u98de|Tornadus, L50, M, shiny|100/100\n|-ability|p1a: Calyrex|As One\n|-ability|p1a: Calyrex|Unnerve\n|-ability|p2a: \u9e7f\u51a0\u738b|As One\n|-ability|p2a: \u9e7f\u51a0\u738b|Unnerve\n|-fieldstart|move: Grassy Terrain|[from] ability: Grassy Surge|[of] p1b: Rillaboom\n|turn|1\n|inactive|xiaoxiaoxin121 has 30 seconds left.\n|inactive|xiaoxiaoxin121 has 20 seconds left.\n|\n|t:|1774789397\n|switch|p2a: \u5c0f\u5934\u63a7\u5927\u5934|Farigiraf, L50, F, shiny|100/100\n|move|p1a: Calyrex|Astral Barrage|p2a: \u5c0f\u5934\u63a7\u5927\u5934|[spread] p2b\n|-immune|p2a: \u5c0f\u5934\u63a7\u5927\u5934\n|-damage|p2b: \u7d2b\u5c3e\u723d\u98de|35/100\n|move|p2b: \u7d2b\u5c3e\u723d\u98de|Bleakwind Storm|p1b: Rillaboom|[spread] p1a\n|-miss|p2b: \u7d2b\u5c3e\u723d\u98de|p1b: Rillaboom\n|-damage|p1a: Calyrex|69/100\n|-unboost|p1a: Calyrex|spe|1\n|move|p1b: Rillaboom|U-turn|p2a: \u5c0f\u5934\u63a7\u5927\u5934\n|-supereffective|p2a: \u5c0f\u5934\u63a7\u5927\u5934\n|-damage|p2a: \u5c0f\u5934\u63a7\u5927\u5934|58/100\n|\n|t:|1774789413\n|switch|p1b: Groudon|Groudon, L50, shiny|100/100|[from] U-turn\n|-weather|SunnyDay|[from] ability: Drought|[of] p1b: Groudon\n|\n|-weather|SunnyDay|[upkeep]\n|-heal|p1a: Calyrex|75/100|[from] Grassy Terrain\n|-heal|p2a: \u5c0f\u5934\u63a7\u5927\u5934|64/100|[from] Grassy Terrain\n|upkeep\n|turn|2\n|inactive|xiaoxiaoxin121 has 30 seconds left.\n|\n|t:|1774789442\n|switch|p1a: Clefairy|Clefairy, L50, M|100/100\n|move|p2b: \u7d2b\u5c3e\u723d\u98de|Tailwind|p2b: \u7d2b\u5c3e\u723d\u98de\n|-sidestart|p2: dasabe\u76d6\u6b27\u5361\u4fa0|move: Tailwind\n|move|p2a: \u5c0f\u5934\u63a7\u5927\u5934|Foul Play|p1a: Clefairy\n|-resisted|p1a: Clefairy\n|-damage|p1a: Clefairy|97/100\n|move|p1b: Groudon|High Horsepower|p2a: \u5c0f\u5934\u63a7\u5927\u5934\n|-damage|p2a: \u5c0f\u5934\u63a7\u5927\u5934|12/100\n|\n|-weather|SunnyDay|[upkeep]\n|-heal|p2a: \u5c0f\u5934\u63a7\u5927\u5934|18/100|[from] Grassy Terrain\n|-heal|p1a: Clefairy|100/100|[from] Grassy Terrain\n|upkeep\n|turn|3\n|\n|t:|1774789464\n|move|p1a: Clefairy|Helping Hand|p1b: Groudon\n|-singleturn|p1b: Groudon|Helping Hand|[of] p1a: Clefairy\n|move|p2b: \u7d2b\u5c3e\u723d\u98de|Taunt|p1a: Clefairy\n|-start|p1a: Clefairy|move: Taunt\n|move|p2a: \u5c0f\u5934\u63a7\u5927\u5934|Foul Play|p1b: Groudon\n|-damage|p1b: Groudon|80/100\n|move|p1b: Groudon|Heat Crash|p2b: \u7d2b\u5c3e\u723d\u98de\n|-crit|p2b: \u7d2b\u5c3e\u723d\u98de\n|-damage|p2b: \u7d2b\u5c3e\u723d\u98de|0 fnt\n|faint|p2b: \u7d2b\u5c3e\u723d\u98de\n|\n|-weather|SunnyDay|[upkeep]\n|-heal|p2a: \u5c0f\u5934\u63a7\u5927\u5934|24/100|[from] Grassy Terrain\n|-heal|p1b: Groudon|86/100|[from] Grassy Terrain\n|upkeep\n|\n|t:|1774789468\n|switch|p2b: \u6210\u90fd\u8001\u76d6|Kyogre, L50|100/100\n|-weather|RainDance|[from] ability: Drizzle|[of] p2b: \u6210\u90fd\u8001\u76d6\n|turn|4\n|\n|t:|1774789492\n|switch|p1a: Rillaboom|Rillaboom, L50, M, shiny|100/100\n|-terastallize|p2b: \u6210\u90fd\u8001\u76d6|Water\n|move|p2a: \u5c0f\u5934\u63a7\u5927\u5934|Helping Hand|p2b: \u6210\u90fd\u8001\u76d6\n|-singleturn|p2b: \u6210\u90fd\u8001\u76d6|Helping Hand|[of] p2a: \u5c0f\u5934\u63a7\u5927\u5934\n|move|p1b: Groudon|Protect|p1b: Groudon\n|-singleturn|p1b: Groudon|Protect\n|move|p2b: \u6210\u90fd\u8001\u76d6|Water Spout|p1a: Rillaboom|[spread] p1a\n|-activate|p1b: Groudon|move: Protect\n|-resisted|p1a: Rillaboom\n|-damage|p1a: Rillaboom|0 fnt\n|faint|p1a: Rillaboom\n|\n|-weather|RainDance|[upkeep]\n|-heal|p2a: \u5c0f\u5934\u63a7\u5927\u5934|30/100|[from] Grassy Terrain\n|-heal|p1b: Groudon|92/100|[from] Grassy Terrain\n|upkeep\n|\n|t:|1774789503\n|switch|p1a: Calyrex|Calyrex-Shadow, L50|75/100\n|-ability|p1a: Calyrex|As One\n|-ability|p1a: Calyrex|Unnerve\n|turn|5\n|\n|t:|1774789517\n|switch|p1b: Clefairy|Clefairy, L50, M|100/100\n|move|p2b: \u6210\u90fd\u8001\u76d6|Water Spout|p1a: Calyrex|[spread] p1a,p1b\n|-damage|p1a: Calyrex|0 fnt\n|-damage|p1b: Clefairy|0 fnt\n|faint|p1a: Calyrex\n|faint|p1b: Clefairy\n|move|p2a: \u5c0f\u5934\u63a7\u5927\u5934|Hyper Voice|p1: Calyrex|[notarget]\n|-fail|p2a: \u5c0f\u5934\u63a7\u5927\u5934\n|\n|-weather|RainDance|[upkeep]\n|-heal|p2a: \u5c0f\u5934\u63a7\u5927\u5934|36/100|[from] Grassy Terrain\n|-sideend|p2: dasabe\u76d6\u6b27\u5361\u4fa0|move: Tailwind\n|-fieldend|move: Grassy Terrain\n|upkeep\n|-message|xiaoxiaoxin121 forfeited.\n|\n|win|dasabe\u76d6\u6b27\u5361\u4fa0\n|raw|xiaoxiaoxin121's rating: 1324 &rarr; <strong>1308</strong><br />(-16 for losing)\n|raw|dasabe\u76d6\u6b27\u5361\u4fa0's rating: 1398 &rarr; <strong>1414</strong><br />(+16 for winning)\n|l|\u2606xiaoxiaoxin121\n|player|p1|\n|l|\u2606dasabe\u76d6\u6b27\u5361\u4fa0\n|player|p2|\n","uploadtime":1774789723,"views":17,"formatid":"gen9vgc2026regi","rating":1308,"private":0,"password":null}