{"id":"gen9vgc2026regi-2578965215","format":"[Gen 9] VGC 2026 Reg I","players":["Maxinator9990","24kpure"],"log":"|j|\u2606Maxinator9990\n|j|\u260624kpure\n|t:|1775741094\n|gametype|doubles\n|player|p1|Maxinator9990|lucas|1392\n|player|p2|24kpure|101|1313\n|gen|9\n|tier|[Gen 9] VGC 2026 Reg I\n|rated|\n|rule|Species Clause: Limit one of each Pok\u00e9mon\n|rule|Item Clause: Limit 1 of each item\n|clearpoke\n|poke|p1|Indeedee-F, L50, F|\n|poke|p1|Calyrex-Shadow, L50|\n|poke|p1|Kyogre, L50|\n|poke|p1|Tornadus, L50, M|\n|poke|p1|Urshifu-*, L50, F|\n|poke|p1|Iron Bundle, L50|\n|poke|p2|Muk-Alola, L50, M|\n|poke|p2|Smeargle, L50, M|\n|poke|p2|Rillaboom, L50, M|\n|poke|p2|Flamigo, L50, M|\n|poke|p2|Koraidon, L50|\n|poke|p2|Incineroar, L50, M|\n|teampreview|4\n|inactive|Battle timer is ON: inactive players will automatically lose when time's up. (requested by 24kpure)\n|\n|t:|1775741108\n|teamsize|p1|4\n|teamsize|p2|4\n|start\n|switch|p1a: Kyogre|Kyogre, L50|100/100\n|switch|p1b: Tornadus|Tornadus, L50, M|100/100\n|switch|p2a: Muk|Muk-Alola, L50, M|100/100\n|switch|p2b: Smeargle|Smeargle, L50, M|100/100\n|-weather|RainDance|[from] ability: Drizzle|[of] p1a: Kyogre\n|turn|1\n|\n|t:|1775741124\n|move|p2b: Smeargle|Fake Out|p1a: Kyogre\n|-damage|p1a: Kyogre|95/100\n|cant|p1a: Kyogre|flinch\n|move|p1b: Tornadus|Bleakwind Storm|p2a: Muk|[spread] p2a,p2b\n|-damage|p2a: Muk|76/100\n|-damage|p2b: Smeargle|38/100\n|-unboost|p2a: Muk|spe|1\n|-unboost|p2b: Smeargle|spe|1\n|move|p2a: Muk|Minimize|p2a: Muk\n|-boost|p2a: Muk|evasion|2\n|\n|-weather|RainDance|[upkeep]\n|-heal|p2a: Muk|82/100|[from] item: Leftovers\n|-ability|p2b: Smeargle|Moody|boost\n|-boost|p2b: Smeargle|spa|2\n|-unboost|p2b: Smeargle|spd|1\n|upkeep\n|turn|2\n|\n|t:|1775741149\n|move|p2b: Smeargle|Wide Guard|p2b: Smeargle\n|-singleturn|p2b: Smeargle|Wide Guard\n|move|p1a: Kyogre|Water Spout|p2b: Smeargle|[spread] \n|-activate|p2a: Muk|move: Wide Guard\n|-activate|p2b: Smeargle|move: Wide Guard\n|move|p1b: Tornadus|Bleakwind Storm|p2b: Smeargle|[spread] \n|-activate|p2a: Muk|move: Wide Guard\n|-activate|p2b: Smeargle|move: Wide Guard\n|move|p2a: Muk|Minimize|p2a: Muk\n|-boost|p2a: Muk|evasion|2\n|\n|-weather|RainDance|[upkeep]\n|-heal|p2a: Muk|88/100|[from] item: Leftovers\n|-ability|p2b: Smeargle|Moody|boost\n|-boost|p2b: Smeargle|spa|2\n|-unboost|p2b: Smeargle|atk|1\n|upkeep\n|turn|3\n|inactive|Maxinator9990 has 30 seconds left.\n|\n|t:|1775741176\n|move|p2b: Smeargle|Wide Guard|p2b: Smeargle\n|-singleturn|p2b: Smeargle|Wide Guard\n|move|p1b: Tornadus|Tailwind|p1b: Tornadus\n|-sidestart|p1: Maxinator9990|move: Tailwind\n|move|p1a: Kyogre|Ice Beam|p2b: Smeargle\n|-damage|p2b: Smeargle|0 fnt\n|faint|p2b: Smeargle\n|-ability|p2a: Muk|Moody|Power of Alchemy|[from] ability: Power of Alchemy|[of] p2b: Smeargle\n|move|p2a: Muk|Toxic|p1b: Tornadus\n|-status|p1b: Tornadus|tox\n|\n|-weather|RainDance|[upkeep]\n|-heal|p2a: Muk|94/100|[from] item: Leftovers\n|-damage|p1b: Tornadus|95/100 tox|[from] psn\n|-ability|p2a: Muk|Moody|boost\n|-boost|p2a: Muk|spa|2\n|-unboost|p2a: Muk|atk|1\n|upkeep\n|\n|t:|1775741181\n|switch|p2b: Incineroar|Incineroar, L50, M|100/100\n|-ability|p2b: Incineroar|Intimidate|boost\n|-unboost|p1a: Kyogre|atk|1\n|-unboost|p1b: Tornadus|atk|1\n|turn|4\n|inactive|24kpure has 30 seconds left.\n|inactive|24kpure has 20 seconds left.\n|\n|t:|1775741218\n|move|p1a: Kyogre|Protect|p1a: Kyogre\n|-singleturn|p1a: Kyogre|Protect\n|move|p2b: Incineroar|Fake Out|p1a: Kyogre\n|-activate|p1a: Kyogre|move: Protect\n|move|p1b: Tornadus|Bleakwind Storm|p2a: Muk|[spread] p2a,p2b\n|-damage|p2a: Muk|71/100\n|-damage|p2b: Incineroar|75/100\n|move|p2a: Muk|Minimize|p2a: Muk\n|-boost|p2a: Muk|evasion|2\n|\n|-weather|RainDance|[upkeep]\n|-heal|p2a: Muk|77/100|[from] item: Leftovers\n|-damage|p1b: Tornadus|83/100 tox|[from] psn\n|-ability|p2a: Muk|Moody|boost\n|-boost|p2a: Muk|spe|2\n|-unboost|p2a: Muk|def|1\n|upkeep\n|turn|5\n|inactive|24kpure has 30 seconds left.\n|\n|t:|1775741244\n|switch|p2b: Koraidon|Koraidon, L50|100/100\n|-weather|SunnyDay|[from] ability: Orichalcum Pulse|[of] p2b: Koraidon\n|-activate|p2b: Koraidon|Orichalcum Pulse|[source]\n|move|p1a: Kyogre|Water Spout|p2a: Muk|[spread] p2b\n|-miss|p1a: Kyogre|p2a: Muk\n|-resisted|p2b: Koraidon\n|-damage|p2b: Koraidon|81/100\n|move|p1b: Tornadus|Bleakwind Storm|p2a: Muk|[spread] \n|-miss|p1b: Tornadus|p2a: Muk\n|-miss|p1b: Tornadus|p2b: Koraidon\n|move|p2a: Muk|Knock Off|p1b: Tornadus\n|-damage|p1b: Tornadus|52/100 tox\n|-enditem|p1b: Tornadus|Covert Cloak|[from] move: Knock Off|[of] p2a: Muk\n|\n|-weather|SunnyDay|[upkeep]\n|-heal|p2a: Muk|84/100|[from] item: Leftovers\n|-damage|p1b: Tornadus|34/100 tox|[from] psn\n|-ability|p2a: Muk|Moody|boost\n|-boost|p2a: Muk|spe|2\n|-unboost|p2a: Muk|def|1\n|upkeep\n|turn|6\n|\n|t:|1775741268\n|switch|p2b: Incineroar|Incineroar, L50, M|75/100\n|-ability|p2b: Incineroar|Intimidate|boost\n|-unboost|p1a: Kyogre|atk|1\n|-unboost|p1b: Tornadus|atk|1\n|move|p1b: Tornadus|Rain Dance|p1b: Tornadus\n|-weather|RainDance\n|move|p1a: Kyogre|Water Spout|p2b: Incineroar|[spread] p2b\n|-miss|p1a: Kyogre|p2a: Muk\n|-supereffective|p2b: Incineroar\n|-damage|p2b: Incineroar|0 fnt\n|faint|p2b: Incineroar\n|move|p2a: Muk|Knock Off|p1b: Tornadus\n|-damage|p1b: Tornadus|13/100 tox\n|\n|-weather|RainDance|[upkeep]\n|-heal|p2a: Muk|90/100|[from] item: Leftovers\n|-damage|p1b: Tornadus|0 fnt|[from] psn\n|faint|p1b: Tornadus\n|-sideend|p1: Maxinator9990|move: Tailwind\n|-ability|p2a: Muk|Moody|boost\n|-boost|p2a: Muk|spd|2\n|-unboost|p2a: Muk|atk|1\n|upkeep\n|\n|t:|1775741289\n|switch|p1b: Calyrex|Calyrex-Shadow, L50|100/100\n|switch|p2b: Koraidon|Koraidon, L50|81/100\n|-ability|p1b: Calyrex|As One\n|-ability|p1b: Calyrex|Unnerve\n|-weather|SunnyDay|[from] ability: Orichalcum Pulse|[of] p2b: Koraidon\n|-activate|p2b: Koraidon|Orichalcum Pulse|[source]\n|turn|7\n|\n|t:|1775741305\n|switch|p1a: Urshifu|Urshifu, L50, F|100/100\n|-terastallize|p2b: Koraidon|Fire\n|-terastallize|p1b: Calyrex|Fairy\n|move|p2b: Koraidon|Flare Blitz|p1b: Calyrex\n|-crit|p1b: Calyrex\n|-enditem|p1b: Calyrex|Focus Sash\n|-damage|p1b: Calyrex|1/100\n|-status|p1b: Calyrex|brn\n|-damage|p2b: Koraidon|48/100|[from] Recoil\n|move|p1b: Calyrex|Draining Kiss|p2b: Koraidon\n|-resisted|p2b: Koraidon\n|-damage|p2b: Koraidon|29/100\n|-heal|p1b: Calyrex|15/100 brn|[from] drain|[of] p2b: Koraidon\n|move|p2a: Muk|Knock Off|p1a: Urshifu\n|-resisted|p1a: Urshifu\n|-damage|p1a: Urshifu|96/100\n|-enditem|p1a: Urshifu|Choice Scarf|[from] move: Knock Off|[of] p2a: Muk\n|\n|-weather|SunnyDay|[upkeep]\n|-heal|p2a: Muk|96/100|[from] item: Leftovers\n|-damage|p1b: Calyrex|10/100 brn|[from] brn\n|-ability|p2a: Muk|Moody|boost\n|-boost|p2a: Muk|spe|2\n|-unboost|p2a: Muk|spa|1\n|upkeep\n|turn|8\n|inactive|Maxinator9990 has 30 seconds left.\n|inactive|24kpure has 30 seconds left.\n|\n|t:|1775741336\n|switch|p1a: Kyogre|Kyogre, L50|95/100\n|-weather|RainDance|[from] ability: Drizzle|[of] p1a: Kyogre\n|move|p2b: Koraidon|Flare Blitz|p1a: Kyogre\n|-resisted|p1a: Kyogre\n|-damage|p1a: Kyogre|79/100\n|-damage|p2b: Koraidon|24/100|[from] Recoil\n|move|p2a: Muk|Toxic|p1a: Kyogre\n|-status|p1a: Kyogre|tox\n|move|p1b: Calyrex|Astral Barrage|p2a: Muk|[spread] p2b\n|-miss|p1b: Calyrex|p2a: Muk\n|-damage|p2b: Koraidon|0 fnt\n|faint|p2b: Koraidon\n|-ability|p1b: Calyrex|Grim Neigh|boost\n|-boost|p1b: Calyrex|spa|1\n|\n|-weather|RainDance|[upkeep]\n|-heal|p2a: Muk|100/100|[from] item: Leftovers\n|-damage|p1a: Kyogre|73/100 tox|[from] psn\n|-damage|p1b: Calyrex|4/100 brn|[from] brn\n|-ability|p2a: Muk|Moody|boost\n|-boost|p2a: Muk|spd|2\n|-unboost|p2a: Muk|spa|1\n|upkeep\n|turn|9\n|inactive|Maxinator9990 has 30 seconds left.\n|\n|t:|1775741365\n|move|p2a: Muk|Protect|p2a: Muk\n|-singleturn|p2a: Muk|Protect\n|move|p1b: Calyrex|Astral Barrage|p2a: Muk\n|-activate|p2a: Muk|move: Protect\n|move|p1a: Kyogre|Water Spout|p2a: Muk\n|-activate|p2a: Muk|move: Protect\n|\n|-weather|RainDance|[upkeep]\n|-damage|p1a: Kyogre|61/100 tox|[from] psn\n|-damage|p1b: Calyrex|0 fnt|[from] brn\n|faint|p1b: Calyrex\n|-ability|p2a: Muk|Moody|boost\n|-boost|p2a: Muk|spe|1\n|-unboost|p2a: Muk|atk|1\n|upkeep\n|\n|t:|1775741380\n|switch|p1b: Urshifu|Urshifu, L50, F|96/100\n|turn|10\n|\n|t:|1775741393\n|move|p2a: Muk|Toxic|p1b: Urshifu\n|-status|p1b: Urshifu|tox\n|move|p1a: Kyogre|Water Spout|p2a: Muk\n|-damage|p2a: Muk|73/100\n|move|p1b: Urshifu|Close Combat|p2a: Muk\n|-crit|p2a: Muk\n|-damage|p2a: Muk|0 fnt\n|-unboost|p1b: Urshifu|def|1\n|-unboost|p1b: Urshifu|spd|1\n|faint|p2a: Muk\n|\n|win|Maxinator9990\n|raw|Maxinator9990's rating: 1392 &rarr; <strong>1408</strong><br />(+16 for winning)\n|raw|24kpure's rating: 1313 &rarr; <strong>1297</strong><br />(-16 for losing)\n|c|\u2606Maxinator9990|YESSSS\n|c|\u260624kpure|good job\n|l|\u260624kpure\n|player|p2|\n|c|\u2606Maxinator9990|Ggs\n","uploadtime":1775741417,"views":17,"formatid":"gen9vgc2026regi","rating":1297,"private":0,"password":null}