{"id":"gen9vgc2026regi-2581960422","format":"[Gen 9] VGC 2026 Reg I","players":["mobile2433","Markingdra"],"log":"|j|\u2606mobile2433\n|j|\u2606Markingdra\n|t:|1776043452\n|gametype|doubles\n|player|p1|mobile2433|hoopster|1480\n|player|p2|Markingdra|unknown|1506\n|gen|9\n|tier|[Gen 9] VGC 2026 Reg I\n|rated|\n|rule|Species Clause: Limit one of each Pok\u00e9mon\n|rule|Item Clause: Limit 1 of each item\n|clearpoke\n|poke|p1|Amoonguss, L50, F|\n|poke|p1|Calyrex-Shadow, L50|\n|poke|p1|Zamazenta-*, L50|\n|poke|p1|Ogerpon-Cornerstone, L50, F|\n|poke|p1|Dragonite, L50, M|\n|poke|p1|Chien-Pao, L50|\n|poke|p2|Koraidon, L50|\n|poke|p2|Calyrex-Shadow, L50|\n|poke|p2|Incineroar, L50, F|\n|poke|p2|Brute Bonnet, L50|\n|poke|p2|Raging Bolt, L50|\n|poke|p2|Ogerpon-Cornerstone, L50, F|\n|teampreview|4\n|inactive|Battle timer is ON: inactive players will automatically lose when time's up. (requested by mobile2433)\n|\n|t:|1776043468\n|teamsize|p1|4\n|teamsize|p2|4\n|start\n|switch|p1a: Calyrex|Calyrex-Shadow, L50|100/100\n|switch|p1b: Amoonguss|Amoonguss, L50, F|100/100\n|switch|p2a: Koraidon|Koraidon, L50, shiny|100/100\n|switch|p2b: Raging Bolt|Raging Bolt, L50|100/100\n|-ability|p1a: Calyrex|As One\n|-ability|p1a: Calyrex|Unnerve\n|-weather|SunnyDay|[from] ability: Orichalcum Pulse|[of] p2a: Koraidon\n|-activate|p2b: Raging Bolt|ability: Protosynthesis\n|-start|p2b: Raging Bolt|protosynthesisspa\n|-activate|p2a: Koraidon|Orichalcum Pulse|[source]\n|turn|1\n|\n|t:|1776043487\n|-terastallize|p2a: Koraidon|Fire\n|-terastallize|p1b: Amoonguss|Fire\n|move|p1a: Calyrex|Protect|p1a: Calyrex\n|-singleturn|p1a: Calyrex|Protect\n|move|p2a: Koraidon|Flame Charge|p1b: Amoonguss\n|-resisted|p1b: Amoonguss\n|-damage|p1b: Amoonguss|79/100\n|-boost|p2a: Koraidon|spe|1\n|-damage|p2a: Koraidon|84/100|[from] item: Rocky Helmet|[of] p1b: Amoonguss\n|move|p2b: Raging Bolt|Volt Switch|p1b: Amoonguss\n|-damage|p1b: Amoonguss|33/100\n|\n|t:|1776043495\n|-end|p2b: Raging Bolt|Protosynthesis|[silent]\n|switch|p2b: Brute Bonnet|Brute Bonnet, L50, shiny|100/100|[from] Volt Switch\n|-activate|p2b: Brute Bonnet|ability: Protosynthesis\n|-start|p2b: Brute Bonnet|protosynthesisdef\n|move|p1b: Amoonguss|Spore|p2a: Koraidon\n|-status|p2a: Koraidon|slp|[from] move: Spore\n|\n|-weather|SunnyDay|[upkeep]\n|upkeep\n|turn|2\n|\n|t:|1776043506\n|move|p1b: Amoonguss|Rage Powder|p1b: Amoonguss\n|-singleturn|p1b: Amoonguss|move: Rage Powder\n|cant|p2a: Koraidon|slp\n|move|p1a: Calyrex|Astral Barrage|p2b: Brute Bonnet|[spread] p2a,p2b\n|-resisted|p2b: Brute Bonnet\n|-damage|p2a: Koraidon|37/100 slp\n|-damage|p2b: Brute Bonnet|76/100\n|move|p2b: Brute Bonnet|Spore|p1a: Calyrex\n|-status|p1a: Calyrex|slp|[from] move: Spore\n|\n|-weather|SunnyDay|[upkeep]\n|upkeep\n|turn|3\n|\n|t:|1776043521\n|switch|p1b: Ogerpon|Ogerpon-Cornerstone, L50, F|100/100\n|-curestatus|p2a: Koraidon|slp|[msg]\n|move|p2a: Koraidon|Flame Charge|p1a: Calyrex\n|-damage|p1a: Calyrex|23/100 slp\n|-boost|p2a: Koraidon|spe|1\n|cant|p1a: Calyrex|slp\n|move|p2b: Brute Bonnet|Spore|p1b: Ogerpon\n|-immune|p1b: Ogerpon\n|\n|-weather|SunnyDay|[upkeep]\n|upkeep\n|turn|4\n|\n|t:|1776043531\n|move|p2b: Brute Bonnet|Sucker Punch|p1b: Ogerpon\n|-damage|p1b: Ogerpon|64/100\n|move|p2a: Koraidon|Flame Charge|p1b: Ogerpon\n|-damage|p1b: Ogerpon|0 fnt\n|-boost|p2a: Koraidon|spe|1\n|faint|p1b: Ogerpon\n|-curestatus|p1a: Calyrex|slp|[msg]\n|move|p1a: Calyrex|Astral Barrage|p2b: Brute Bonnet|[spread] p2a,p2b\n|-resisted|p2b: Brute Bonnet\n|-damage|p2a: Koraidon|0 fnt\n|-damage|p2b: Brute Bonnet|52/100\n|faint|p2a: Koraidon\n|-ability|p1a: Calyrex|Grim Neigh|boost\n|-boost|p1a: Calyrex|spa|1\n|\n|-weather|SunnyDay|[upkeep]\n|upkeep\n|\n|t:|1776043540\n|switch|p2a: Calyrex|Calyrex-Shadow, L50|100/100\n|switch|p1b: Zamazenta|Zamazenta-Crowned, L50|100/100\n|-ability|p2a: Calyrex|As One\n|-ability|p2a: Calyrex|Unnerve\n|-ability|p1b: Zamazenta|Dauntless Shield|boost\n|-boost|p1b: Zamazenta|def|1\n|turn|5\n|\n|t:|1776043560\n|move|p2b: Brute Bonnet|Sucker Punch|p1a: Calyrex\n|-supereffective|p1a: Calyrex\n|-damage|p1a: Calyrex|0 fnt\n|faint|p1a: Calyrex\n|move|p2a: Calyrex|Psychic|p1b: Zamazenta\n|-damage|p1b: Zamazenta|55/100\n|move|p1b: Zamazenta|Body Press|p2b: Brute Bonnet\n|-supereffective|p2b: Brute Bonnet\n|-damage|p2b: Brute Bonnet|0 fnt\n|faint|p2b: Brute Bonnet\n|-end|p2b: Brute Bonnet|Protosynthesis|[silent]\n|\n|-weather|none\n|upkeep\n|\n|t:|1776043566\n|switch|p1a: Amoonguss|Amoonguss, L50, F, tera:Fire|66/100\n|switch|p2b: Raging Bolt|Raging Bolt, L50|100/100\n|turn|6\n|\n|t:|1776043586\n|move|p1b: Zamazenta|Protect|p1b: Zamazenta\n|-singleturn|p1b: Zamazenta|Protect\n|move|p2a: Calyrex|Psychic|p1a: Amoonguss\n|-damage|p1a: Amoonguss|16/100\n|move|p2b: Raging Bolt|Thunderbolt|p1a: Amoonguss\n|-damage|p1a: Amoonguss|0 fnt\n|faint|p1a: Amoonguss\n|\n|upkeep\n|turn|7\n|-message|mobile2433 forfeited.\n|\n|win|Markingdra\n|raw|mobile2433's rating: 1480 &rarr; <strong>1461</strong><br />(-19 for losing)\n|raw|Markingdra's rating: 1506 &rarr; <strong>1525</strong><br />(+19 for winning)\n|l|\u2606mobile2433\n|player|p1|\n|l|\u2606Markingdra\n|player|p2|\n","uploadtime":1776043757,"views":12,"formatid":"gen9vgc2026regi","rating":1461,"private":0,"password":null}