{"id":"gen9vgc2026regi-2555688923","format":"[Gen 9] VGC 2026 Reg I","players":["g0dGun","501JFW"],"log":"|j|\u2606g0dGun\n|j|\u2606501JFW\n|t:|1773119030\n|gametype|doubles\n|player|p1|g0dGun|blue|1534\n|player|p2|501JFW|266|1567\n|gen|9\n|tier|[Gen 9] VGC 2026 Reg I\n|rated|\n|rule|Species Clause: Limit one of each Pok\u00e9mon\n|rule|Item Clause: Limit 1 of each item\n|clearpoke\n|poke|p1|Hitmontop, L50, M|\n|poke|p1|Terapagos, L50, M|\n|poke|p1|Calyrex-Shadow, L50|\n|poke|p1|Ogerpon-Cornerstone, L50, F|\n|poke|p1|Urshifu-*, L50, F|\n|poke|p1|Whimsicott, L50, F|\n|poke|p2|Lunala, L50|\n|poke|p2|Koraidon, L50|\n|poke|p2|Jumpluff, L50, M|\n|poke|p2|Ogerpon-Cornerstone, L50, F|\n|poke|p2|Raging Bolt, L50|\n|poke|p2|Ursaluna, L50, F|\n|teampreview|4\n|inactive|Battle timer is ON: inactive players will automatically lose when time's up. (requested by g0dGun)\n|\n|t:|1773119039\n|teamsize|p1|4\n|teamsize|p2|4\n|start\n|switch|p1a: Ogerpon|Ogerpon-Cornerstone, L50, F|100/100\n|switch|p1b: Terapagos|Terapagos, L50, M|100/100\n|switch|p2a: Koraidon|Koraidon, L50, shiny|100/100\n|switch|p2b: Jumpluff|Jumpluff, L50, M, shiny|100/100\n|-activate|p1b: Terapagos|ability: Tera Shift\n|detailschange|p1b: Terapagos|Terapagos-Terastal, L50, M\n|-heal|p1b: Terapagos|100/100|[silent]\n|-weather|SunnyDay|[from] ability: Orichalcum Pulse|[of] p2a: Koraidon\n|-activate|p2a: Koraidon|Orichalcum Pulse|[source]\n|turn|1\n|\n|t:|1773119061\n|move|p1a: Ogerpon|Follow Me|p1a: Ogerpon\n|-singleturn|p1a: Ogerpon|move: Follow Me\n|move|p2b: Jumpluff|Pollen Puff|p1a: Ogerpon\n|-supereffective|p1a: Ogerpon\n|-damage|p1a: Ogerpon|67/100\n|move|p2a: Koraidon|Close Combat|p1a: Ogerpon\n|-supereffective|p1a: Ogerpon\n|-damage|p1a: Ogerpon|0 fnt\n|-unboost|p2a: Koraidon|def|1\n|-unboost|p2a: Koraidon|spd|1\n|faint|p1a: Ogerpon\n|move|p1b: Terapagos|Rock Polish|p1b: Terapagos\n|-boost|p1b: Terapagos|spe|2\n|\n|-weather|SunnyDay|[upkeep]\n|upkeep\n|\n|t:|1773119077\n|switch|p1a: Hitmontop|Hitmontop, L50, M|100/100\n|-ability|p1a: Hitmontop|Intimidate|boost\n|-unboost|p2a: Koraidon|atk|1\n|-unboost|p2b: Jumpluff|atk|1\n|turn|2\n|\n|t:|1773119100\n|move|p1b: Terapagos|Protect|p1b: Terapagos\n|-singleturn|p1b: Terapagos|Protect\n|move|p1a: Hitmontop|Fake Out|p2a: Koraidon\n|-damage|p2a: Koraidon|89/100\n|move|p2b: Jumpluff|Tailwind|p2b: Jumpluff\n|-sidestart|p2: 501JFW|move: Tailwind\n|cant|p2a: Koraidon|flinch\n|\n|-weather|SunnyDay|[upkeep]\n|upkeep\n|turn|3\n|inactive|g0dGun has 30 seconds left.\n|\n|t:|1773119125\n|-terastallize|p1b: Terapagos|Stellar\n|detailschange|p1b: Terapagos|Terapagos-Stellar, L50, M, tera:Stellar\n|-heal|p1b: Terapagos|100/100|[silent]\n|-ability|p1b: Terapagos|Teraform Zero\n|-weather|none\n|move|p2a: Koraidon|U-turn|p1b: Terapagos\n|-damage|p1b: Terapagos|90/100\n|\n|t:|1773119133\n|switch|p2a: Lunala|Lunala, L50, shiny|100/100|[from] U-turn\n|move|p2b: Jumpluff|Sleep Powder|p1b: Terapagos\n|-status|p1b: Terapagos|slp|[from] move: Sleep Powder\n|cant|p1b: Terapagos|slp\n|move|p1a: Hitmontop|Brick Break|p2a: Lunala\n|-immune|p2a: Lunala\n|\n|upkeep\n|turn|4\n|\n|t:|1773119152\n|move|p1a: Hitmontop|Wide Guard|p1a: Hitmontop\n|-singleturn|p1a: Hitmontop|Wide Guard\n|move|p2b: Jumpluff|Sleep Powder|p1a: Hitmontop\n|-status|p1a: Hitmontop|slp|[from] move: Sleep Powder\n|move|p2a: Lunala|Meteor Beam||[still]\n|-prepare|p2a: Lunala|Meteor Beam\n|-boost|p2a: Lunala|spa|1\n|-enditem|p2a: Lunala|Power Herb\n|-anim|p2a: Lunala|Meteor Beam|p1b: Terapagos\n|-damage|p1b: Terapagos|48/100 slp\n|-curestatus|p1b: Terapagos|slp|[msg]\n|move|p1b: Terapagos|Tera Starstorm|p2a: Lunala|[spread] p2a,p2b\n|-damage|p2a: Lunala|84/100\n|-damage|p2b: Jumpluff|58/100\n|\n|upkeep\n|turn|5\n|\n|t:|1773119171\n|move|p1b: Terapagos|Protect|p1b: Terapagos\n|-singleturn|p1b: Terapagos|Protect\n|cant|p1a: Hitmontop|slp\n|move|p2b: Jumpluff|Strength Sap|p1a: Hitmontop\n|-unboost|p1a: Hitmontop|atk|1\n|-heal|p2b: Jumpluff|100/100\n|move|p2a: Lunala|Heat Wave|p1b: Terapagos|[spread] \n|-activate|p1b: Terapagos|move: Protect\n|-miss|p2a: Lunala|p1a: Hitmontop\n|\n|-sideend|p2: 501JFW|move: Tailwind\n|upkeep\n|turn|6\n|\n|t:|1773119187\n|-curestatus|p1a: Hitmontop|slp|[msg]\n|move|p1a: Hitmontop|Vacuum Wave|p1b: Terapagos\n|-supereffective|p1b: Terapagos\n|-damage|p1b: Terapagos|43/100\n|-enditem|p1b: Terapagos|Weakness Policy\n|-boost|p1b: Terapagos|atk|2|[from] item: Weakness Policy\n|-boost|p1b: Terapagos|spa|2|[from] item: Weakness Policy\n|move|p1b: Terapagos|Tera Starstorm|p2b: Jumpluff|[spread] p2a,p2b\n|-damage|p2a: Lunala|17/100\n|-damage|p2b: Jumpluff|16/100\n|move|p2b: Jumpluff|Sleep Powder|p1b: Terapagos\n|-status|p1b: Terapagos|slp|[from] move: Sleep Powder\n|move|p2a: Lunala|Moongeist Beam|p1a: Hitmontop\n|-crit|p1a: Hitmontop\n|-damage|p1a: Hitmontop|6/100\n|-enditem|p1a: Hitmontop|Eject Button\n|\n|t:|1773119204\n|switch|p1a: Calyrex|Calyrex-Shadow, L50|100/100\n|-ability|p1a: Calyrex|As One\n|-ability|p1a: Calyrex|Unnerve\n|\n|upkeep\n|turn|7\n|\n|t:|1773119218\n|move|p2a: Lunala|Wide Guard|p2a: Lunala\n|-singleturn|p2a: Lunala|Wide Guard\n|cant|p1b: Terapagos|slp\n|move|p1a: Calyrex|Psychic|p2b: Jumpluff\n|-damage|p2b: Jumpluff|0 fnt\n|faint|p2b: Jumpluff\n|-ability|p1a: Calyrex|Grim Neigh|boost\n|-boost|p1a: Calyrex|spa|1\n|\n|upkeep\n|inactive|501JFW has 30 seconds left.\n|\n|t:|1773119250\n|switch|p2b: Koraidon|Koraidon, L50, shiny|89/100\n|-weather|SunnyDay|[from] ability: Orichalcum Pulse|[of] p2b: Koraidon\n|-activate|p2b: Koraidon|Orichalcum Pulse|[source]\n|turn|8\n|\n|t:|1773119271\n|move|p2b: Koraidon|Protect|p2b: Koraidon\n|-singleturn|p2b: Koraidon|Protect\n|-curestatus|p1b: Terapagos|slp|[msg]\n|move|p1b: Terapagos|Tera Starstorm|p2b: Koraidon|[spread] p2a\n|-activate|p2b: Koraidon|move: Protect\n|-damage|p2a: Lunala|0 fnt\n|faint|p2a: Lunala\n|move|p1a: Calyrex|Astral Barrage|p2b: Koraidon\n|-activate|p2b: Koraidon|move: Protect\n|\n|-weather|SunnyDay|[upkeep]\n|upkeep\n|-message|501JFW forfeited.\n|\n|win|g0dGun\n|raw|g0dGun's rating: 1534 &rarr; <strong>1556</strong><br />(+22 for winning)\n|raw|501JFW's rating: 1567 &rarr; <strong>1545</strong><br />(-22 for losing)\n|l|\u2606501JFW\n|player|p2|\n|l|\u2606g0dGun\n|player|p1|\n","uploadtime":1773119300,"views":28,"formatid":"gen9vgc2026regi","rating":1545,"private":0,"password":null}