{"id":"gen9vgc2026regi-2559349288","format":"[Gen 9] VGC 2026 Reg I","players":["suc vat vk","sheeshshane925"],"log":"|j|\u2606suc vat vk\n|j|\u2606sheeshshane925\n|t:|1773550249\n|gametype|doubles\n|player|p1|suc vat vk|kimonogirl|1417\n|player|p2|sheeshshane925|chuck|1347\n|gen|9\n|tier|[Gen 9] VGC 2026 Reg I\n|rated|\n|rule|Species Clause: Limit one of each Pok\u00e9mon\n|rule|Item Clause: Limit 1 of each item\n|clearpoke\n|poke|p1|Indeedee-F, L50, F|\n|poke|p1|Mewtwo, L50|\n|poke|p1|Tornadus, L50, M|\n|poke|p1|Urshifu-*, L50, F|\n|poke|p1|Incineroar, L50, M|\n|poke|p1|Zamazenta-*, L50|\n|poke|p2|Calyrex-Ice, L50|\n|poke|p2|Miraidon, L50|\n|poke|p2|Farigiraf, L50, M|\n|poke|p2|Iron Hands, L50|\n|poke|p2|Scraggy, L50, M|\n|poke|p2|Iron Bundle, L50|\n|teampreview|4\n|inactive|Battle timer is ON: inactive players will automatically lose when time's up. (requested by suc vat vk)\n|inactive|sheeshshane925 has 60 seconds left.\n|inactive|sheeshshane925 has 30 seconds left.\n|\n|t:|1773550338\n|teamsize|p1|4\n|teamsize|p2|4\n|start\n|switch|p1a: Mewtwo|Mewtwo, L50, shiny|100/100\n|switch|p1b: Indeedee|Indeedee-F, L50, F|100/100\n|switch|p2a: Miraidon|Miraidon, L50, shiny|100/100\n|switch|p2b: Iron Bundle|Iron Bundle, L50|100/100\n|-ability|p1a: Mewtwo|Pressure\n|-fieldstart|move: Electric Terrain|[from] ability: Hadron Engine|[of] p2a: Miraidon\n|-activate|p2b: Iron Bundle|ability: Quark Drive\n|-start|p2b: Iron Bundle|quarkdrivespe\n|-fieldstart|move: Psychic Terrain|[from] ability: Psychic Surge|[of] p1b: Indeedee\n|-end|p2b: Iron Bundle|Quark Drive\n|-enditem|p1b: Indeedee|Psychic Seed\n|-boost|p1b: Indeedee|spd|1|[from] item: Psychic Seed\n|turn|1\n|inactive|suc vat vk has 30 seconds left.\n|\n|t:|1773550364\n|move|p2a: Miraidon|Protect|p2a: Miraidon\n|-singleturn|p2a: Miraidon|Protect\n|move|p1b: Indeedee|Follow Me|p1b: Indeedee\n|-singleturn|p1b: Indeedee|move: Follow Me\n|move|p2b: Iron Bundle|Icy Wind|p1b: Indeedee|[spread] p1b\n|-miss|p2b: Iron Bundle|p1a: Mewtwo\n|-damage|p1b: Indeedee|88/100\n|-unboost|p1b: Indeedee|spe|1\n|move|p1a: Mewtwo|Expanding Force|p2b: Iron Bundle|[spread] p2b\n|-activate|p2a: Miraidon|move: Protect\n|-enditem|p2b: Iron Bundle|Focus Sash\n|-damage|p2b: Iron Bundle|1/100\n|-damage|p1a: Mewtwo|91/100|[from] item: Life Orb\n|\n|upkeep\n|turn|2\n|inactive|sheeshshane925 has 30 seconds left.\n|\n|t:|1773550398\n|move|p1b: Indeedee|Helping Hand|p1a: Mewtwo\n|-singleturn|p1a: Mewtwo|Helping Hand|[of] p1b: Indeedee\n|move|p2b: Iron Bundle|Encore|p1b: Indeedee\n|-start|p1b: Indeedee|Encore\n|move|p1a: Mewtwo|Expanding Force|p2a: Miraidon|[spread] p2a,p2b\n|-damage|p2a: Miraidon|0 fnt\n|-damage|p2b: Iron Bundle|0 fnt\n|faint|p2a: Miraidon\n|faint|p2b: Iron Bundle\n|-end|p2b: Iron Bundle|Quark Drive|[silent]\n|-damage|p1a: Mewtwo|81/100|[from] item: Life Orb\n|\n|upkeep\n|\n|t:|1773550405\n|switch|p2b: Calyrex|Calyrex-Ice, L50|100/100\n|switch|p2a: Farigiraf|Farigiraf, L50, M, shiny|100/100\n|-ability|p2b: Calyrex|As One\n|-ability|p2b: Calyrex|Unnerve\n|turn|3\n|inactive|suc vat vk has 30 seconds left.\n|inactive|suc vat vk has 20 seconds left.\n|inactive|suc vat vk has 15 seconds left.\n|inactive|suc vat vk has 10 seconds left.\n|inactive|suc vat vk has 5 seconds left.\n|\n|t:|1773550460\n|move|p1b: Indeedee|Helping Hand|p1a: Mewtwo\n|-singleturn|p1a: Mewtwo|Helping Hand|[of] p1b: Indeedee\n|move|p1a: Mewtwo|Expanding Force|p2a: Farigiraf|[spread] p2a,p2b\n|-resisted|p2a: Farigiraf\n|-resisted|p2b: Calyrex\n|-damage|p2a: Farigiraf|30/100\n|-damage|p2b: Calyrex|50/100\n|-damage|p1a: Mewtwo|72/100|[from] item: Life Orb\n|move|p2b: Calyrex|Glacial Lance|p1b: Indeedee|[spread] p1a,p1b\n|-damage|p1a: Mewtwo|13/100\n|-damage|p1b: Indeedee|27/100\n|move|p2a: Farigiraf|Trick Room|p2a: Farigiraf\n|-fieldstart|move: Trick Room|[of] p2a: Farigiraf\n|\n|upkeep\n|turn|4\n|inactive|sheeshshane925 has 30 seconds left.\n|\n|t:|1773550488\n|switch|p1b: Incineroar|Incineroar, L50, M, shiny|100/100\n|-ability|p1b: Incineroar|Intimidate|boost\n|-unboost|p2a: Farigiraf|atk|1\n|-fail|p2b: Calyrex|unboost|[from] item: Clear Amulet|[of] p2b: Calyrex\n|move|p2a: Farigiraf|Helping Hand|p2b: Calyrex\n|-singleturn|p2b: Calyrex|Helping Hand|[of] p2a: Farigiraf\n|move|p1a: Mewtwo|Protect|p1a: Mewtwo\n|-singleturn|p1a: Mewtwo|Protect\n|move|p2b: Calyrex|Glacial Lance|p1a: Mewtwo|[spread] p1b\n|-activate|p1a: Mewtwo|move: Protect\n|-resisted|p1b: Incineroar\n|-damage|p1b: Incineroar|65/100\n|\n|upkeep\n|turn|5\n|inactive|sheeshshane925 has 30 seconds left.\n|\n|t:|1773550517\n|-terastallize|p2b: Calyrex|Fire\n|move|p2b: Calyrex|High Horsepower|p1b: Incineroar\n|-supereffective|p1b: Incineroar\n|-damage|p1b: Incineroar|0 fnt\n|faint|p1b: Incineroar\n|-ability|p2b: Calyrex|Chilling Neigh|boost\n|-boost|p2b: Calyrex|atk|1\n|move|p2a: Farigiraf|Psychic|p1a: Mewtwo\n|-resisted|p1a: Mewtwo\n|-damage|p1a: Mewtwo|0 fnt\n|faint|p1a: Mewtwo\n|\n|-fieldend|move: Psychic Terrain\n|upkeep\n|\n|t:|1773550533\n|switch|p1b: Indeedee|Indeedee-F, L50, F|27/100\n|switch|p1a: Zamazenta|Zamazenta-Crowned, L50, shiny|100/100\n|-fieldstart|move: Psychic Terrain|[from] ability: Psychic Surge|[of] p1b: Indeedee\n|-ability|p1a: Zamazenta|Dauntless Shield|boost\n|-boost|p1a: Zamazenta|def|1\n|turn|6\n|\n|t:|1773550557\n|-terastallize|p1a: Zamazenta|Grass\n|move|p1b: Indeedee|Helping Hand|p1a: Zamazenta\n|-singleturn|p1a: Zamazenta|Helping Hand|[of] p1b: Indeedee\n|move|p2b: Calyrex|High Horsepower|p1a: Zamazenta\n|-resisted|p1a: Zamazenta\n|-damage|p1a: Zamazenta|90/100\n|move|p2a: Farigiraf|Psychic|p1a: Zamazenta\n|-damage|p1a: Zamazenta|57/100\n|move|p1a: Zamazenta|Body Press|p2b: Calyrex\n|-damage|p2b: Calyrex|0 fnt\n|faint|p2b: Calyrex\n|\n|upkeep\n|turn|7\n|-message|sheeshshane925 forfeited.\n|\n|win|suc vat vk\n|raw|suc vat vk's rating: 1398 &rarr; <strong>1415</strong><br />(+17 for winning)\n|raw|sheeshshane925's rating: 1347 &rarr; <strong>1330</strong><br />(-17 for losing)\n|l|\u2606sheeshshane925\n|player|p2|\n|l|\u2606suc vat vk\n|player|p1|\n","uploadtime":1773550775,"views":12,"formatid":"gen9vgc2026regi","rating":1330,"private":0,"password":null}