{"id":"gen9vgc2026regi-2570195506","format":"[Gen 9] VGC 2026 Reg I","players":["hfyssgtslaaa","Polar721"],"log":"|j|\u2606hfyssgtslaaa\n|j|\u2606Polar721\n|t:|1774786988\n|gametype|doubles\n|player|p1|hfyssgtslaaa|may-masters2|1409\n|player|p2|Polar721|2|1494\n|gen|9\n|tier|[Gen 9] VGC 2026 Reg I\n|rated|\n|rule|Species Clause: Limit one of each Pok\u00e9mon\n|rule|Item Clause: Limit 1 of each item\n|clearpoke\n|poke|p1|Raging Bolt, L50|\n|poke|p1|Chien-Pao, L50|\n|poke|p1|Calyrex-Shadow, L50|\n|poke|p1|Rillaboom, L50, F|\n|poke|p1|Amoonguss, L50, M|\n|poke|p1|Zamazenta-*, L50|\n|poke|p2|Calyrex-Shadow, L50|\n|poke|p2|Terapagos, L50, M|\n|poke|p2|Incineroar, L50, F|\n|poke|p2|Ogerpon-Cornerstone, L50, F|\n|poke|p2|Rillaboom, L50, F|\n|poke|p2|Whimsicott, L50, F|\n|teampreview|4\n|inactive|Battle timer is ON: inactive players will automatically lose when time's up. (requested by hfyssgtslaaa)\n|inactive|hfyssgtslaaa has 60 seconds left.\n|\n|t:|1774787030\n|teamsize|p1|4\n|teamsize|p2|4\n|start\n|switch|p1a: Chien-Pao|Chien-Pao, L50|100/100\n|switch|p1b: Zamazenta|Zamazenta-Crowned, L50|100/100\n|switch|p2a: Calyrex|Calyrex-Shadow, L50|100/100\n|switch|p2b: Ogerpon|Ogerpon-Cornerstone, L50, F|100/100\n|-ability|p2a: Calyrex|As One\n|-ability|p2a: Calyrex|Unnerve\n|-ability|p1a: Chien-Pao|Sword of Ruin\n|-ability|p1b: Zamazenta|Dauntless Shield|boost\n|-boost|p1b: Zamazenta|def|1\n|turn|1\n|inactive|Polar721 has 30 seconds left.\n|\n|t:|1774787060\n|switch|p2b: Incineroar|Incineroar, L50, F|100/100\n|-ability|p2b: Incineroar|Intimidate|boost\n|-unboost|p1a: Chien-Pao|atk|1\n|-unboost|p1b: Zamazenta|atk|1\n|move|p2a: Calyrex|Protect|p2a: Calyrex\n|-singleturn|p2a: Calyrex|Protect\n|move|p1b: Zamazenta|Wide Guard|p1b: Zamazenta\n|-singleturn|p1b: Zamazenta|Wide Guard\n|move|p1a: Chien-Pao|Ice Spinner|p2b: Incineroar\n|-resisted|p2b: Incineroar\n|-damage|p2b: Incineroar|84/100\n|-damage|p1a: Chien-Pao|91/100|[from] item: Life Orb\n|\n|upkeep\n|turn|2\n|\n|t:|1774787082\n|move|p1a: Chien-Pao|Protect|p1a: Chien-Pao\n|-singleturn|p1a: Chien-Pao|Protect\n|move|p2a: Calyrex|Disable|p1b: Zamazenta\n|-start|p1b: Zamazenta|Disable|Wide Guard\n|move|p1b: Zamazenta|Body Press|p2b: Incineroar\n|-supereffective|p2b: Incineroar\n|-enditem|p2b: Incineroar|Chople Berry|[eat]\n|-enditem|p2b: Incineroar|Chople Berry|[weaken]\n|-damage|p2b: Incineroar|18/100\n|move|p2b: Incineroar|Will-O-Wisp|p1b: Zamazenta\n|-status|p1b: Zamazenta|brn\n|\n|-damage|p1b: Zamazenta|95/100 brn|[from] brn\n|upkeep\n|turn|3\n|inactive|hfyssgtslaaa has 30 seconds left.\n|\n|t:|1774787114\n|switch|p2b: Terapagos|Terapagos, L50, M|100/100\n|-activate|p2b: Terapagos|ability: Tera Shift\n|detailschange|p2b: Terapagos|Terapagos-Terastal, L50, M\n|-heal|p2b: Terapagos|100/100|[silent]\n|move|p1a: Chien-Pao|Sucker Punch||[still]\n|-fail|p1a: Chien-Pao\n|move|p2a: Calyrex|Encore|p1a: Chien-Pao\n|-start|p1a: Chien-Pao|Encore\n|move|p1b: Zamazenta|Body Press|p2b: Terapagos\n|-activate|p2b: Terapagos|ability: Tera Shell\n|-resisted|p2b: Terapagos\n|-damage|p2b: Terapagos|81/100\n|\n|-damage|p1b: Zamazenta|89/100 brn|[from] brn\n|upkeep\n|turn|4\n|inactive|Polar721 has 30 seconds left.\n|\n|t:|1774787142\n|-terastallize|p2b: Terapagos|Stellar\n|detailschange|p2b: Terapagos|Terapagos-Stellar, L50, M, tera:Stellar\n|-heal|p2b: Terapagos|86/100|[silent]\n|move|p1a: Chien-Pao|Sucker Punch||[still]\n|-fail|p1a: Chien-Pao\n|move|p2a: Calyrex|Disable|p1a: Chien-Pao\n|-start|p1a: Chien-Pao|Disable|Sucker Punch\n|move|p1b: Zamazenta|Body Press|p2b: Terapagos\n|-supereffective|p2b: Terapagos\n|-damage|p2b: Terapagos|28/100\n|move|p2b: Terapagos|Earth Power|p1b: Zamazenta\n|-supereffective|p1b: Zamazenta\n|-damage|p1b: Zamazenta|7/100 brn\n|-unboost|p1b: Zamazenta|spd|1\n|\n|-damage|p1b: Zamazenta|2/100 brn|[from] brn\n|upkeep\n|turn|5\n|inactive|hfyssgtslaaa has 30 seconds left.\n|\n|t:|1774787168\n|switch|p2b: Ogerpon|Ogerpon-Cornerstone, L50, F|100/100\n|move|p1b: Zamazenta|Protect|p1b: Zamazenta\n|-singleturn|p1b: Zamazenta|Protect\n|move|p2a: Calyrex|Astral Barrage|p1b: Zamazenta|[spread] p1a\n|-activate|p1b: Zamazenta|move: Protect\n|-resisted|p1a: Chien-Pao\n|-damage|p1a: Chien-Pao|27/100\n|-damage|p2a: Calyrex|91/100|[from] item: Life Orb\n|-activate|p1a: Chien-Pao|move: Struggle\n|move|p1a: Chien-Pao|Struggle|p2b: Ogerpon\n|-damage|p2b: Ogerpon|79/100\n|-damage|p1a: Chien-Pao|2/100|[from] recoil\n|-damage|p1a: Chien-Pao|0 fnt|[from] item: Life Orb\n|faint|p1a: Chien-Pao\n|\n|-damage|p1b: Zamazenta|0 fnt|[from] brn\n|faint|p1b: Zamazenta\n|upkeep\n|\n|t:|1774787187\n|switch|p1a: Calyrex|Calyrex-Shadow, L50|100/100\n|switch|p1b: Raging Bolt|Raging Bolt, L50|100/100\n|-ability|p1a: Calyrex|As One\n|-ability|p1a: Calyrex|Unnerve\n|turn|6\n|\n|t:|1774787208\n|switch|p2a: Terapagos|Terapagos-Stellar, L50, M, tera:Stellar|28/100\n|-terastallize|p1b: Raging Bolt|Electric\n|move|p2b: Ogerpon|Spiky Shield|p2b: Ogerpon\n|-singleturn|p2b: Ogerpon|move: Protect\n|move|p1a: Calyrex|Astral Barrage|p2a: Terapagos|[spread] \n|-activate|p2b: Ogerpon|move: Protect\n|-immune|p2a: Terapagos\n|move|p1b: Raging Bolt|Thunderbolt|p2b: Ogerpon\n|-activate|p2b: Ogerpon|move: Protect\n|\n|upkeep\n|turn|7\n|\n|t:|1774787232\n|move|p2b: Ogerpon|Follow Me|p2b: Ogerpon\n|-singleturn|p2b: Ogerpon|move: Follow Me\n|move|p1b: Raging Bolt|Thunderclap||[still]\n|-fail|p1b: Raging Bolt\n|move|p1a: Calyrex|Encore|p2b: Ogerpon\n|-start|p2b: Ogerpon|Encore\n|move|p2a: Terapagos|Tera Starstorm|p1b: Raging Bolt|[spread] p1a,p1b\n|-supereffective|p1b: Raging Bolt\n|-damage|p1a: Calyrex|42/100\n|-damage|p1b: Raging Bolt|0 fnt\n|faint|p1b: Raging Bolt\n|-end|p1b: Raging Bolt|Protosynthesis|[silent]\n|\n|upkeep\n|turn|8\n|-message|hfyssgtslaaa forfeited.\n|\n|win|Polar721\n|raw|hfyssgtslaaa's rating: 1409 &rarr; <strong>1394</strong><br />(-15 for losing)\n|raw|Polar721's rating: 1494 &rarr; <strong>1509</strong><br />(+15 for winning)\n|l|\u2606hfyssgtslaaa\n|player|p1|\n|l|\u2606Polar721\n|player|p2|\n","uploadtime":1774787391,"views":11,"formatid":"gen9vgc2026regi","rating":1394,"private":0,"password":null}