{"id":"gen9vgc2026regi-2586778481","format":"[Gen 9] VGC 2026 Reg I","players":["wasaad5","ThyDarkKing"],"log":"|j|\u2606wasaad5\n|j|\u2606ThyDarkKing\n|t:|1776459182\n|gametype|doubles\n|player|p1|wasaad5|blue|1273\n|player|p2|ThyDarkKing|102|1348\n|gen|9\n|tier|[Gen 9] VGC 2026 Reg I\n|rated|\n|rule|Species Clause: Limit one of each Pok\u00e9mon\n|rule|Item Clause: Limit 1 of each item\n|clearpoke\n|poke|p1|Kyurem-White, L50|\n|poke|p1|Zacian-*, L50|\n|poke|p1|Sableye, L50, M|\n|poke|p1|Urshifu-*, L50, F|\n|poke|p1|Amoonguss, L50, F|\n|poke|p1|Incineroar, L50, F|\n|poke|p2|Groudon, L50|\n|poke|p2|Flutter Mane, L50|\n|poke|p2|Gouging Fire, L50|\n|poke|p2|Lilligant-Hisui, L50, F|\n|poke|p2|Eternatus, L50|\n|poke|p2|Rillaboom, L50, M|\n|teampreview|4\n|\n|t:|1776459212\n|teamsize|p1|4\n|teamsize|p2|4\n|start\n|switch|p1a: Sableye|Sableye, L50, M|100/100\n|switch|p1b: Urshifu|Urshifu-Rapid-Strike, L50, F|100/100\n|switch|p2a: Groudon|Groudon, L50|100/100\n|switch|p2b: Lilligant|Lilligant-Hisui, L50, F|100/100\n|-weather|SunnyDay|[from] ability: Drought|[of] p2a: Groudon\n|turn|1\n|\n|t:|1776459233\n|-terastallize|p2a: Groudon|Fire\n|move|p1a: Sableye|Rain Dance|p1a: Sableye\n|-weather|RainDance\n|move|p1b: Urshifu|Surging Strikes|p2a: Groudon\n|-supereffective|p2a: Groudon\n|-crit|p2a: Groudon\n|-damage|p2a: Groudon|51/100\n|-supereffective|p2a: Groudon\n|-crit|p2a: Groudon\n|-damage|p2a: Groudon|6/100\n|-supereffective|p2a: Groudon\n|-crit|p2a: Groudon\n|-damage|p2a: Groudon|0 fnt\n|faint|p2a: Groudon\n|-hitcount|p2: Groudon|3\n|move|p2b: Lilligant|Sleep Powder|p1b: Urshifu\n|-status|p1b: Urshifu|slp|[from] move: Sleep Powder\n|\n|-weather|RainDance|[upkeep]\n|upkeep\n|\n|t:|1776459240\n|switch|p2a: Flutter Mane|Flutter Mane, L50|100/100\n|turn|2\n|inactive|Battle timer is ON: inactive players will automatically lose when time's up. (requested by ThyDarkKing)\n|\n|t:|1776459269\n|switch|p1b: Zacian|Zacian-Crowned, L50|100/100\n|-ability|p1b: Zacian|Intrepid Sword|boost\n|-boost|p1b: Zacian|atk|1\n|move|p1a: Sableye|Encore|p2b: Lilligant\n|-start|p2b: Lilligant|Encore\n|move|p2a: Flutter Mane|Dazzling Gleam|p1b: Zacian|[spread] p1a,p1b\n|-supereffective|p1a: Sableye\n|-resisted|p1b: Zacian\n|-crit|p1b: Zacian\n|-enditem|p1a: Sableye|Focus Sash\n|-damage|p1a: Sableye|1/100\n|-damage|p1b: Zacian|65/100\n|move|p2b: Lilligant|Sleep Powder|p1a: Sableye|[miss]\n|-miss|p2b: Lilligant|p1a: Sableye\n|\n|-weather|RainDance|[upkeep]\n|upkeep\n|turn|3\n|\n|t:|1776459281\n|move|p1a: Sableye|Disable|p2b: Lilligant\n|-start|p2b: Lilligant|Disable|Sleep Powder\n|move|p1b: Zacian|Behemoth Blade|p2a: Flutter Mane\n|-supereffective|p2a: Flutter Mane\n|-damage|p2a: Flutter Mane|0 fnt\n|faint|p2a: Flutter Mane\n|-end|p2a: Flutter Mane|Protosynthesis|[silent]\n|cant|p2b: Lilligant|Disable|Sleep Powder\n|\n|-weather|RainDance|[upkeep]\n|upkeep\n|\n|t:|1776459288\n|switch|p2a: Eternatus|Eternatus, L50|100/100\n|-ability|p2a: Eternatus|Pressure\n|turn|4\n|\n|t:|1776459297\n|switch|p1a: Kyurem|Kyurem-White, L50, shiny|100/100\n|-ability|p1a: Kyurem|Turboblaze\n|-terastallize|p1b: Zacian|Ground\n|move|p1b: Zacian|Tera Blast|p2a: Eternatus|[anim] Tera Blast Ground\n|-supereffective|p2a: Eternatus\n|-damage|p2a: Eternatus|27/100\n|-activate|p2b: Lilligant|move: Struggle\n|move|p2b: Lilligant|Struggle|p1b: Zacian\n|-damage|p1b: Zacian|53/100\n|-damage|p2b: Lilligant|75/100|[from] recoil\n|move|p2a: Eternatus|Meteor Beam||[still]\n|-prepare|p2a: Eternatus|Meteor Beam\n|-boost|p2a: Eternatus|spa|1\n|-enditem|p2a: Eternatus|Power Herb\n|-anim|p2a: Eternatus|Meteor Beam|p1b: Zacian\n|-resisted|p1b: Zacian\n|-damage|p1b: Zacian|23/100\n|\n|-weather|RainDance|[upkeep]\n|-end|p2b: Lilligant|Encore\n|upkeep\n|turn|5\n|\n|t:|1776459307\n|move|p2a: Eternatus|Protect|p2a: Eternatus\n|-singleturn|p2a: Eternatus|Protect\n|move|p1b: Zacian|Tera Blast|p2a: Eternatus|[anim] Tera Blast Ground\n|-activate|p2a: Eternatus|move: Protect\n|move|p2b: Lilligant|Leaf Blade|p1b: Zacian\n|-supereffective|p1b: Zacian\n|-damage|p1b: Zacian|0 fnt\n|faint|p1b: Zacian\n|move|p1a: Kyurem|Freeze-Dry|p2b: Lilligant\n|-supereffective|p2b: Lilligant\n|-damage|p2b: Lilligant|0 fnt\n|faint|p2b: Lilligant\n|-damage|p1a: Kyurem|91/100|[from] item: Life Orb\n|\n|-weather|none\n|upkeep\n|\n|t:|1776459313\n|switch|p1b: Urshifu|Urshifu-Rapid-Strike, L50, F|100/100 slp\n|turn|6\n|\n|t:|1776459316\n|cant|p1b: Urshifu|slp\n|move|p1a: Kyurem|Freeze-Dry|p2a: Eternatus\n|-supereffective|p2a: Eternatus\n|-crit|p2a: Eternatus\n|-damage|p2a: Eternatus|0 fnt\n|faint|p2a: Eternatus\n|-damage|p1a: Kyurem|81/100|[from] item: Life Orb\n|\n|win|wasaad5\n|raw|wasaad5's rating: 1273 &rarr; <strong>1303</strong><br />(+30 for winning)\n|raw|ThyDarkKing's rating: 1348 &rarr; <strong>1324</strong><br />(-24 for losing)\n|l|\u2606ThyDarkKing\n|player|p2|\n|l|\u2606wasaad5\n|player|p1|\n","uploadtime":1776459470,"views":14,"formatid":"gen9vgc2026regi","rating":1303,"private":0,"password":null}