{"id":"gen9vgc2026regi-2578888521","format":"[Gen 9] VGC 2026 Reg I","players":["Dalucks89","TheNamesBetty"],"log":"|j|\u2606Dalucks89\n|j|\u2606TheNamesBetty\n|t:|1775732678\n|gametype|doubles\n|player|p1|Dalucks89|101|1381\n|player|p2|TheNamesBetty|koga|1383\n|gen|9\n|tier|[Gen 9] VGC 2026 Reg I\n|rated|\n|rule|Species Clause: Limit one of each Pok\u00e9mon\n|rule|Item Clause: Limit 1 of each item\n|clearpoke\n|poke|p1|Kyogre, L50|\n|poke|p1|Zamazenta-*, L50|\n|poke|p1|Chien-Pao, L50|\n|poke|p1|Urshifu-*, L50, F|\n|poke|p1|Indeedee-F, L50, F|\n|poke|p1|Tornadus, L50, M|\n|poke|p2|Koraidon, L50|\n|poke|p2|Calyrex-Shadow, L50|\n|poke|p2|Tornadus, L50, M|\n|poke|p2|Urshifu-*, L50, F|\n|poke|p2|Dewgong, L50, M|\n|poke|p2|Electabuzz, L50, M|\n|teampreview|4\nTheNamesBetty has agreed to open team sheets.\n|\n|t:|1775732708\n|teamsize|p1|4\n|teamsize|p2|4\n|start\n|switch|p1a: Indeedee|Indeedee-F, L50, F|100/100\n|switch|p1b: Chien-Pao|Chien-Pao, L50|100/100\n|switch|p2a: Kedluben|Calyrex-Shadow, L50|100/100\n|switch|p2b: Bleblebl\u00e1k|Electabuzz, L50, M|100/100\n|-ability|p2a: Kedluben|As One\n|-ability|p2a: Kedluben|Unnerve\n|-ability|p1b: Chien-Pao|Sword of Ruin\n|-fieldstart|move: Psychic Terrain|[from] ability: Psychic Surge|[of] p1a: Indeedee\n|-enditem|p1a: Indeedee|Psychic Seed\n|-boost|p1a: Indeedee|spd|1|[from] item: Psychic Seed\n|turn|1\n|\n|t:|1775732728\n|move|p2a: Kedluben|Protect|p2a: Kedluben\n|-singleturn|p2a: Kedluben|Protect\n|move|p1b: Chien-Pao|Ice Spinner|p2a: Kedluben\n|-activate|p2a: Kedluben|move: Protect\n|move|p2b: Bleblebl\u00e1k|Electroweb|p1b: Chien-Pao|[spread] p1a,p1b\n|-damage|p1a: Indeedee|93/100\n|-damage|p1b: Chien-Pao|83/100\n|-unboost|p1a: Indeedee|spe|1\n|-unboost|p1b: Chien-Pao|spe|1\n|move|p1a: Indeedee|Trick Room|p1a: Indeedee\n|-fieldstart|move: Trick Room|[of] p1a: Indeedee\n|\n|upkeep\n|turn|2\n|c|\u2606TheNamesBetty|On this team? Wow, didn't expect that\n|\n|t:|1775732770\n|switch|p1b: Kyogre|Kyogre, L50|100/100\n|-weather|RainDance|[from] ability: Drizzle|[of] p1b: Kyogre\n|move|p2b: Bleblebl\u00e1k|Follow Me|p2b: Bleblebl\u00e1k\n|-singleturn|p2b: Bleblebl\u00e1k|move: Follow Me\n|move|p1a: Indeedee|Psychic|p2b: Bleblebl\u00e1k\n|-damage|p2b: Bleblebl\u00e1k|79/100\n|move|p2a: Kedluben|Nasty Plot|p2a: Kedluben\n|-boost|p2a: Kedluben|spa|2\n|\n|-weather|RainDance|[upkeep]\n|upkeep\n|turn|3\n|\n|t:|1775732801\n|move|p2a: Kedluben|Protect|p2a: Kedluben\n|-singleturn|p2a: Kedluben|Protect\n|move|p1a: Indeedee|Psychic|p2a: Kedluben\n|-activate|p2a: Kedluben|move: Protect\n|move|p1b: Kyogre|Origin Pulse|p2b: Bleblebl\u00e1k|[spread] p2b\n|-activate|p2a: Kedluben|move: Protect\n|-damage|p2b: Bleblebl\u00e1k|24/100\n|-damage|p1b: Kyogre|91/100|[from] item: Life Orb\n|move|p2b: Bleblebl\u00e1k|Electroweb|p1b: Kyogre|[spread] p1a\n|-miss|p2b: Bleblebl\u00e1k|p1b: Kyogre\n|-damage|p1a: Indeedee|86/100\n|-unboost|p1a: Indeedee|spe|1\n|\n|-weather|RainDance|[upkeep]\n|upkeep\n|turn|4\n|\n|t:|1775732821\n|switch|p2b: Jan\u017di\u017ekaZTrocnova|Koraidon, L50|100/100\n|-weather|SunnyDay|[from] ability: Orichalcum Pulse|[of] p2b: Jan\u017di\u017ekaZTrocnova\n|-activate|p2b: Jan\u017di\u017ekaZTrocnova|Orichalcum Pulse|[source]\n|move|p1a: Indeedee|Psychic|p2a: Kedluben\n|-resisted|p2a: Kedluben\n|-damage|p2a: Kedluben|80/100\n|move|p1b: Kyogre|Origin Pulse|p2b: Jan\u017di\u017ekaZTrocnova|[spread] p2a,p2b\n|-resisted|p2b: Jan\u017di\u017ekaZTrocnova\n|-damage|p2a: Kedluben|46/100\n|-damage|p2b: Jan\u017di\u017ekaZTrocnova|87/100\n|-damage|p1b: Kyogre|81/100|[from] item: Life Orb\n|move|p2a: Kedluben|Astral Barrage|p1b: Kyogre|[spread] p1b\n|-immune|p1a: Indeedee\n|-damage|p1b: Kyogre|0 fnt\n|faint|p1b: Kyogre\n|-ability|p2a: Kedluben|Grim Neigh|boost\n|-boost|p2a: Kedluben|spa|1\n|-damage|p2a: Kedluben|36/100|[from] item: Life Orb\n|\n|-weather|SunnyDay|[upkeep]\n|upkeep\n|\n|t:|1775732846\n|switch|p1b: Chien-Pao|Chien-Pao, L50|83/100\n|-ability|p1b: Chien-Pao|Sword of Ruin\n|turn|5\n|\n|t:|1775732866\n|-terastallize|p2b: Jan\u017di\u017ekaZTrocnova|Fire\n|move|p1a: Indeedee|Protect|p1a: Indeedee\n|-singleturn|p1a: Indeedee|Protect\n|move|p1b: Chien-Pao|Protect|p1b: Chien-Pao\n|-singleturn|p1b: Chien-Pao|Protect\n|move|p2a: Kedluben|Protect|p2a: Kedluben\n|-singleturn|p2a: Kedluben|Protect\n|move|p2b: Jan\u017di\u017ekaZTrocnova|Flare Blitz|p1a: Indeedee\n|-activate|p1a: Indeedee|move: Protect\n|\n|-weather|SunnyDay|[upkeep]\n|-fieldend|move: Trick Room\n|-fieldend|move: Psychic Terrain\n|upkeep\n|turn|6\n|\n|t:|1775732898\n|switch|p2a: Bleblebl\u00e1k|Electabuzz, L50, M|24/100\n|move|p1a: Indeedee|Follow Me|p1a: Indeedee\n|-singleturn|p1a: Indeedee|move: Follow Me\n|move|p1b: Chien-Pao|Ice Spinner|p2a: Bleblebl\u00e1k\n|-damage|p2a: Bleblebl\u00e1k|0 fnt\n|faint|p2a: Bleblebl\u00e1k\n|move|p2b: Jan\u017di\u017ekaZTrocnova|Flare Blitz|p1a: Indeedee\n|-damage|p1a: Indeedee|0 fnt\n|faint|p1a: Indeedee\n|-damage|p2b: Jan\u017di\u017ekaZTrocnova|63/100|[from] Recoil\n|\n|-weather|SunnyDay|[upkeep]\n|upkeep\n|\n|t:|1775732912\n|switch|p2a: Houska se sal\u00e1mem|Urshifu, L50, F|100/100\n|switch|p1a: Zamazenta|Zamazenta-Crowned, L50|100/100\n|-ability|p1a: Zamazenta|Dauntless Shield|boost\n|-boost|p1a: Zamazenta|def|1\n|turn|7\n|\n|t:|1775732941\n|-terastallize|p1a: Zamazenta|Dragon\n|move|p2a: Houska se sal\u00e1mem|Close Combat|p1b: Chien-Pao\n|-supereffective|p1b: Chien-Pao\n|-damage|p1b: Chien-Pao|0 fnt\n|-unboost|p2a: Houska se sal\u00e1mem|def|1\n|-unboost|p2a: Houska se sal\u00e1mem|spd|1\n|faint|p1b: Chien-Pao\n|move|p2b: Jan\u017di\u017ekaZTrocnova|Flame Charge|p1a: Zamazenta\n|-resisted|p1a: Zamazenta\n|-damage|p1a: Zamazenta|88/100\n|-boost|p2b: Jan\u017di\u017ekaZTrocnova|spe|1\n|move|p1a: Zamazenta|Body Press|p2b: Jan\u017di\u017ekaZTrocnova\n|-damage|p2b: Jan\u017di\u017ekaZTrocnova|7/100\n|\n|-weather|SunnyDay|[upkeep]\n|upkeep\n|turn|8\n|\n|t:|1775732961\n|move|p2b: Jan\u017di\u017ekaZTrocnova|Collision Course|p1a: Zamazenta\n|-damage|p1a: Zamazenta|63/100\n|move|p2a: Houska se sal\u00e1mem|Close Combat|p1a: Zamazenta\n|-crit|p1a: Zamazenta\n|-damage|p1a: Zamazenta|7/100\n|-unboost|p2a: Houska se sal\u00e1mem|def|1\n|-unboost|p2a: Houska se sal\u00e1mem|spd|1\n|move|p1a: Zamazenta|Body Press|p2a: Houska se sal\u00e1mem\n|-supereffective|p2a: Houska se sal\u00e1mem\n|-damage|p2a: Houska se sal\u00e1mem|0 fnt\n|faint|p2a: Houska se sal\u00e1mem\n|\n|-weather|none\n|upkeep\n|\n|t:|1775732965\n|switch|p2a: Kedluben|Calyrex-Shadow, L50|36/100\n|-ability|p2a: Kedluben|As One\n|-ability|p2a: Kedluben|Unnerve\n|turn|9\n|-message|Dalucks89 forfeited.\n|\n|win|TheNamesBetty\n|raw|Dalucks89's rating: 1381 &rarr; <strong>1361</strong><br />(-20 for losing)\n|raw|TheNamesBetty's rating: 1383 &rarr; <strong>1403</strong><br />(+20 for winning)\n|l|\u2606Dalucks89\n|player|p1|\n|l|\u2606TheNamesBetty\n|player|p2|\n","uploadtime":1775733133,"views":8,"formatid":"gen9vgc2026regi","rating":1361,"private":0,"password":null}