{"id":"gen9vgc2026regi-2582196466","format":"[Gen 9] VGC 2026 Reg I","players":["sunny_zong2","DementedPikachu"],"log":"|j|\u2606sunny_zong2\n|j|\u2606DementedPikachu\n|t:|1776070055\n|gametype|doubles\n|player|p1|sunny_zong2|102|1349\n|player|p2|DementedPikachu|265|1289\n|gen|9\n|tier|[Gen 9] VGC 2026 Reg I\n|rated|\n|rule|Species Clause: Limit one of each Pok\u00e9mon\n|rule|Item Clause: Limit 1 of each item\n|clearpoke\n|poke|p1|Muk-Alola, L50, F|\n|poke|p1|Flamigo, L50, M|\n|poke|p1|Miraidon, L50|\n|poke|p1|Calyrex-Shadow, L50|\n|poke|p1|Indeedee, L50, M|\n|poke|p1|Smeargle, L50, F|\n|poke|p2|Kyogre, L50|\n|poke|p2|Urshifu-*, L50, M|\n|poke|p2|Incineroar, L50, M|\n|poke|p2|Rillaboom, L50, M|\n|poke|p2|Calyrex-Ice, L50|\n|poke|p2|Flutter Mane, L50|\n|teampreview|4\n|inactive|Battle timer is ON: inactive players will automatically lose when time's up. (requested by sunny_zong2)\n|\n|t:|1776070082\n|teamsize|p1|4\n|teamsize|p2|4\n|start\n|switch|p1a: Calyrex|Calyrex-Shadow, L50|100/100\n|switch|p1b: Miraidon|Miraidon, L50|100/100\n|switch|p2a: Flutter Mane|Flutter Mane, L50|100/100\n|switch|p2b: Calyrex|Calyrex-Ice, L50|100/100\n|-ability|p1a: Calyrex|As One\n|-ability|p1a: Calyrex|Unnerve\n|-ability|p2b: Calyrex|As One\n|-ability|p2b: Calyrex|Unnerve\n|-fieldstart|move: Electric Terrain|[from] ability: Hadron Engine|[of] p1b: Miraidon\n|turn|1\n|inactive|DementedPikachu has 30 seconds left.\n|\n|t:|1776070110\n|switch|p2b: Rillaboom|Rillaboom, L50, M|100/100\n|-fieldstart|move: Grassy Terrain|[from] ability: Grassy Surge|[of] p2b: Rillaboom\n|-terastallize|p1b: Miraidon|Fairy\n|move|p1a: Calyrex|Astral Barrage|p2b: Rillaboom|[spread] p2a,p2b\n|-supereffective|p2a: Flutter Mane\n|-enditem|p2a: Flutter Mane|Focus Sash\n|-damage|p2a: Flutter Mane|1/100\n|-damage|p2b: Rillaboom|64/100\n|move|p1b: Miraidon|Dazzling Gleam|p2b: Rillaboom|[spread] p2a,p2b\n|-damage|p2a: Flutter Mane|0 fnt\n|-damage|p2b: Rillaboom|35/100\n|faint|p2a: Flutter Mane\n|-end|p2a: Flutter Mane|Protosynthesis|[silent]\n|-damage|p1b: Miraidon|91/100|[from] item: Life Orb\n|\n|-heal|p1b: Miraidon|96/100|[from] Grassy Terrain\n|-heal|p2b: Rillaboom|41/100|[from] Grassy Terrain\n|upkeep\n|\n|t:|1776070130\n|switch|p2a: Kyogre|Kyogre, L50|100/100\n|-weather|RainDance|[from] ability: Drizzle|[of] p2a: Kyogre\n|turn|2\n|\n|t:|1776070145\n|-terastallize|p2a: Kyogre|Grass\n|move|p1b: Miraidon|Protect|p1b: Miraidon\n|-singleturn|p1b: Miraidon|Protect\n|move|p2b: Rillaboom|Fake Out|p1b: Miraidon\n|-activate|p1b: Miraidon|move: Protect\n|move|p1a: Calyrex|Astral Barrage|p2a: Kyogre|[spread] p2a,p2b\n|-damage|p2a: Kyogre|60/100\n|-damage|p2b: Rillaboom|2/100\n|move|p2a: Kyogre|Origin Pulse|p1a: Calyrex|[spread] p1a\n|-activate|p1b: Miraidon|move: Protect\n|-damage|p1a: Calyrex|0 fnt\n|faint|p1a: Calyrex\n|-damage|p2a: Kyogre|50/100|[from] item: Life Orb\n|\n|-weather|RainDance|[upkeep]\n|-heal|p1b: Miraidon|100/100|[from] Grassy Terrain\n|-heal|p2a: Kyogre|56/100|[from] Grassy Terrain\n|-heal|p2b: Rillaboom|8/100|[from] Grassy Terrain\n|upkeep\n|\n|t:|1776070169\n|switch|p1a: Smeargle|Smeargle, L50, F|100/100\n|turn|3\n|\n|t:|1776070191\n|move|p1a: Smeargle|Wide Guard|p1a: Smeargle\n|-singleturn|p1a: Smeargle|Wide Guard\n|move|p1b: Miraidon|Dazzling Gleam|p2a: Kyogre|[spread] p2a,p2b\n|-damage|p2a: Kyogre|24/100\n|-damage|p2b: Rillaboom|0 fnt\n|faint|p2b: Rillaboom\n|-damage|p1b: Miraidon|91/100|[from] item: Life Orb\n|move|p2a: Kyogre|Ice Beam|p1a: Smeargle\n|-enditem|p1a: Smeargle|Focus Sash\n|-damage|p1a: Smeargle|1/100\n|-damage|p2a: Kyogre|15/100|[from] item: Life Orb\n|\n|-weather|RainDance|[upkeep]\n|-heal|p1b: Miraidon|96/100|[from] Grassy Terrain\n|-heal|p2a: Kyogre|21/100|[from] Grassy Terrain\n|-heal|p1a: Smeargle|7/100|[from] Grassy Terrain\n|-ability|p1a: Smeargle|Moody|boost\n|-boost|p1a: Smeargle|def|2\n|-unboost|p1a: Smeargle|spe|1\n|upkeep\n|\n|t:|1776070197\n|switch|p2b: Calyrex|Calyrex-Ice, L50|100/100\n|-ability|p2b: Calyrex|As One\n|-ability|p2b: Calyrex|Unnerve\n|turn|4\n|\n|t:|1776070209\n|move|p2a: Kyogre|Protect|p2a: Kyogre\n|-singleturn|p2a: Kyogre|Protect\n|move|p1b: Miraidon|Dazzling Gleam|p2b: Calyrex|[spread] p2b\n|-activate|p2a: Kyogre|move: Protect\n|-damage|p2b: Calyrex|76/100\n|-damage|p1b: Miraidon|87/100|[from] item: Life Orb\n|move|p1a: Smeargle|Spore|p2b: Calyrex\n|-status|p2b: Calyrex|slp|[from] move: Spore\n|cant|p2b: Calyrex|slp\n|\n|-weather|RainDance|[upkeep]\n|-heal|p1b: Miraidon|92/100|[from] Grassy Terrain\n|-heal|p2a: Kyogre|27/100|[from] Grassy Terrain\n|-heal|p1a: Smeargle|14/100|[from] Grassy Terrain\n|-heal|p2b: Calyrex|82/100 slp|[from] Grassy Terrain\n|-heal|p2b: Calyrex|87/100 slp|[from] item: Leftovers\n|-ability|p1a: Smeargle|Moody|boost\n|-boost|p1a: Smeargle|spa|2\n|-unboost|p1a: Smeargle|atk|1\n|upkeep\n|turn|5\n|\n|t:|1776070222\n|switch|p1a: Indeedee|Indeedee, L50, M|100/100\n|-fieldstart|move: Psychic Terrain|[from] ability: Psychic Surge|[of] p1a: Indeedee\n|move|p1b: Miraidon|Dazzling Gleam|p2a: Kyogre|[spread] p2a,p2b\n|-damage|p2a: Kyogre|0 fnt\n|-damage|p2b: Calyrex|64/100 slp\n|faint|p2a: Kyogre\n|-damage|p1b: Miraidon|83/100|[from] item: Life Orb\n|cant|p2b: Calyrex|slp\n|\n|-weather|RainDance|[upkeep]\n|-heal|p2b: Calyrex|70/100 slp|[from] item: Leftovers\n|upkeep\n|turn|6\n|\n|t:|1776070238\n|move|p1b: Miraidon|Dazzling Gleam|p2b: Calyrex\n|-damage|p2b: Calyrex|40/100 slp\n|-damage|p1b: Miraidon|73/100|[from] item: Life Orb\n|move|p1a: Indeedee|Expanding Force|p2b: Calyrex\n|-resisted|p2b: Calyrex\n|-damage|p2b: Calyrex|6/100 slp\n|-curestatus|p2b: Calyrex|slp|[msg]\n|move|p2b: Calyrex|Glacial Lance|p1a: Indeedee|[spread] p1a,p1b\n|-damage|p1a: Indeedee|23/100\n|-damage|p1b: Miraidon|28/100\n|\n|-weather|none\n|-heal|p2b: Calyrex|12/100|[from] item: Leftovers\n|upkeep\n|turn|7\n|\n|t:|1776070252\n|move|p1b: Miraidon|Dazzling Gleam|p2b: Calyrex\n|-damage|p2b: Calyrex|0 fnt\n|faint|p2b: Calyrex\n|-damage|p1b: Miraidon|19/100|[from] item: Life Orb\n|\n|win|sunny_zong2\n|raw|sunny_zong2's rating: 1349 &rarr; <strong>1366</strong><br />(+17 for winning)\n|raw|DementedPikachu's rating: 1289 &rarr; <strong>1268</strong><br />(-21 for losing)\n|l|\u2606DementedPikachu\n|player|p2|\n|l|\u2606sunny_zong2\n|player|p1|\n","uploadtime":1776070509,"views":8,"formatid":"gen9vgc2026regi","rating":1268,"private":0,"password":null}