{"id":"gen9vgc2026regi-2548125702","format":"[Gen 9] VGC 2026 Reg I","players":["EllenJoe2026","blackred123"],"log":"|j|\u2606EllenJoe2026\n|j|\u2606blackred123\n|t:|1772172794\n|gametype|doubles\n|player|p1|EllenJoe2026|iono|1474\n|player|p2|blackred123|iono-masters|1447\n|gen|9\n|tier|[Gen 9] VGC 2026 Reg I\n|rated|\n|rule|Species Clause: Limit one of each Pok\u00e9mon\n|rule|Item Clause: Limit 1 of each item\n|clearpoke\n|poke|p1|Calyrex-Shadow, L50|\n|poke|p1|Zamazenta-*, L50|\n|poke|p1|Incineroar, L50, F|\n|poke|p1|Rillaboom, L50, F|\n|poke|p1|Ogerpon-Cornerstone, L50, F|\n|poke|p1|Tornadus, L50, M|\n|poke|p2|Kyogre, L50|\n|poke|p2|Miraidon, L50|\n|poke|p2|Whimsicott, L50, F|\n|poke|p2|Iron Hands, L50|\n|poke|p2|Farigiraf, L50, M|\n|poke|p2|Urshifu-*, L50, M|\n|teampreview|4\n|inactive|Battle timer is ON: inactive players will automatically lose when time's up. (requested by blackred123)\n|inactive|EllenJoe2026 also wants the timer to be on.\n|\n|t:|1772172823\n|teamsize|p1|4\n|teamsize|p2|4\n|start\n|switch|p1a: Calyrex|Calyrex-Shadow, L50|100/100\n|switch|p1b: Rillaboom|Rillaboom, L50, F, shiny|100/100\n|switch|p2a: \u662f\u76d6\u4e0d\u662fgay|Kyogre, L50|100/100\n|switch|p2b: \u5c0f\u5934\u63a7\u5927\u5934|Farigiraf, L50, M|100/100\n|-ability|p1a: Calyrex|As One\n|-ability|p1a: Calyrex|Unnerve\n|-weather|RainDance|[from] ability: Drizzle|[of] p2a: \u662f\u76d6\u4e0d\u662fgay\n|-fieldstart|move: Grassy Terrain|[from] ability: Grassy Surge|[of] p1b: Rillaboom\n|turn|1\n|\n|t:|1772172842\n|-terastallize|p2a: \u662f\u76d6\u4e0d\u662fgay|Water\n|move|p2b: \u5c0f\u5934\u63a7\u5927\u5934|Helping Hand|p2a: \u662f\u76d6\u4e0d\u662fgay\n|-singleturn|p2a: \u662f\u76d6\u4e0d\u662fgay|Helping Hand|[of] p2b: \u5c0f\u5934\u63a7\u5927\u5934\n|move|p1a: Calyrex|Protect|p1a: Calyrex\n|-singleturn|p1a: Calyrex|Protect\n|move|p2a: \u662f\u76d6\u4e0d\u662fgay|Origin Pulse|p1b: Rillaboom|[spread] p1b\n|-activate|p1a: Calyrex|move: Protect\n|-resisted|p1b: Rillaboom\n|-damage|p1b: Rillaboom|23/100\n|move|p1b: Rillaboom|Wood Hammer|p2a: \u662f\u76d6\u4e0d\u662fgay\n|-supereffective|p2a: \u662f\u76d6\u4e0d\u662fgay\n|-damage|p2a: \u662f\u76d6\u4e0d\u662fgay|0 fnt\n|faint|p2a: \u662f\u76d6\u4e0d\u662fgay\n|-damage|p1b: Rillaboom|0 fnt|[from] Recoil\n|faint|p1b: Rillaboom\n|\n|-weather|RainDance|[upkeep]\n|upkeep\n|\n|t:|1772172856\n|switch|p2a: \u4e94\u5bfc\u718a\u6e7f|Urshifu, L50, M|100/100\n|switch|p1b: Zamazenta|Zamazenta-Crowned, L50, shiny|100/100\n|-ability|p1b: Zamazenta|Dauntless Shield|boost\n|-boost|p1b: Zamazenta|def|1\n|turn|2\n|\n|t:|1772172872\n|switch|p2a: \u94f6\u91d1\u5996\u86c7|Miraidon, L50, shiny|100/100\n|-fieldstart|move: Electric Terrain|[from] ability: Hadron Engine|[of] p2a: \u94f6\u91d1\u5996\u86c7\n|-enditem|p2b: \u5c0f\u5934\u63a7\u5927\u5934|Electric Seed\n|-boost|p2b: \u5c0f\u5934\u63a7\u5927\u5934|def|1|[from] item: Electric Seed\n|-terastallize|p1a: Calyrex|Dark\n|move|p1a: Calyrex|Astral Barrage|p2a: \u94f6\u91d1\u5996\u86c7|[spread] p2a\n|-immune|p2b: \u5c0f\u5934\u63a7\u5927\u5934\n|-damage|p2a: \u94f6\u91d1\u5996\u86c7|47/100\n|move|p1b: Zamazenta|Body Press|p2a: \u94f6\u91d1\u5996\u86c7\n|-damage|p2a: \u94f6\u91d1\u5996\u86c7|0 fnt\n|faint|p2a: \u94f6\u91d1\u5996\u86c7\n|move|p2b: \u5c0f\u5934\u63a7\u5927\u5934|Trick Room|p2b: \u5c0f\u5934\u63a7\u5927\u5934\n|-fieldstart|move: Trick Room|[of] p2b: \u5c0f\u5934\u63a7\u5927\u5934\n|\n|-weather|RainDance|[upkeep]\n|upkeep\n|\n|t:|1772172884\n|switch|p2a: \u4e94\u5bfc\u718a\u6e7f|Urshifu, L50, M|100/100\n|turn|3\n|\n|t:|1772172894\n|move|p2b: \u5c0f\u5934\u63a7\u5927\u5934|Psychic|p1b: Zamazenta\n|-damage|p1b: Zamazenta|79/100\n|-unboost|p1b: Zamazenta|spd|1\n|move|p2a: \u4e94\u5bfc\u718a\u6e7f|Close Combat|p1a: Calyrex\n|-supereffective|p1a: Calyrex\n|-damage|p1a: Calyrex|0 fnt\n|-unboost|p2a: \u4e94\u5bfc\u718a\u6e7f|def|1\n|-unboost|p2a: \u4e94\u5bfc\u718a\u6e7f|spd|1\n|faint|p1a: Calyrex\n|move|p1b: Zamazenta|Body Press|p2a: \u4e94\u5bfc\u718a\u6e7f\n|-supereffective|p2a: \u4e94\u5bfc\u718a\u6e7f\n|-damage|p2a: \u4e94\u5bfc\u718a\u6e7f|0 fnt\n|faint|p2a: \u4e94\u5bfc\u718a\u6e7f\n|\n|-weather|RainDance|[upkeep]\n|upkeep\n|\n|t:|1772172900\n|switch|p1a: Tornadus|Tornadus, L50, M, shiny|100/100\n|turn|4\n|\n|t:|1772172906\n|move|p2b: \u5c0f\u5934\u63a7\u5927\u5934|Psychic|p1b: Zamazenta\n|-damage|p1b: Zamazenta|47/100\n|move|p1b: Zamazenta|Body Press|p2b: \u5c0f\u5934\u63a7\u5927\u5934\n|-damage|p2b: \u5c0f\u5934\u63a7\u5927\u5934|56/100\n|move|p1a: Tornadus|Bleakwind Storm|p2b: \u5c0f\u5934\u63a7\u5927\u5934\n|-damage|p2b: \u5c0f\u5934\u63a7\u5927\u5934|22/100\n|\n|-weather|RainDance|[upkeep]\n|upkeep\n|turn|5\n|-message|blackred123 forfeited.\n|\n|win|EllenJoe2026\n|raw|EllenJoe2026's rating: 1474 &rarr; <strong>1492</strong><br />(+18 for winning)\n|raw|blackred123's rating: 1447 &rarr; <strong>1429</strong><br />(-18 for losing)\n|l|\u2606blackred123\n|player|p2|\n|l|\u2606EllenJoe2026\n|player|p1|\n","uploadtime":1772173158,"views":13,"formatid":"gen9vgc2026regi","rating":1429,"private":0,"password":null}