{"id":"gen9vgc2026regi-2558328837","format":"[Gen 9] VGC 2026 Reg I","players":["DudeGaming 25","partigiano jonny"],"log":"|j|\u2606DudeGaming 25\n|j|\u2606partigiano jonny\n|t:|1773424370\n|gametype|doubles\n|player|p1|DudeGaming 25|hugh|1405\n|player|p2|partigiano jonny|volkner|1620\n|gen|9\n|tier|[Gen 9] VGC 2026 Reg I\n|rated|\n|rule|Species Clause: Limit one of each Pok\u00e9mon\n|rule|Item Clause: Limit 1 of each item\n|clearpoke\n|poke|p1|Calyrex-Ice, L50|\n|poke|p1|Kyogre, L50|\n|poke|p1|Ursaluna-Bloodmoon, L50, M|\n|poke|p1|Indeedee-F, L50, F|\n|poke|p1|Smeargle, L50, F|\n|poke|p1|Sinistcha-Masterpiece, L50|\n|poke|p2|Terapagos, L50, M|\n|poke|p2|Miraidon, L50|\n|poke|p2|Incineroar, L50, M|\n|poke|p2|Iron Treads, L50|\n|poke|p2|Sinistcha, L50|\n|poke|p2|Urshifu-*, L50, F|\n|teampreview|4\n|inactive|Battle timer is ON: inactive players will automatically lose when time's up. (requested by DudeGaming 25)\n|\n|t:|1773424398\n|teamsize|p1|4\n|teamsize|p2|4\n|start\n|switch|p1a: Kyogre|Kyogre, L50|100/100\n|switch|p1b: Indeedee|Indeedee-F, L50, F|100/100\n|switch|p2a: Terapagos|Terapagos, L50, M|100/100\n|switch|p2b: Incineroar|Incineroar, L50, M|100/100\n|-activate|p2a: Terapagos|ability: Tera Shift\n|detailschange|p2a: Terapagos|Terapagos-Terastal, L50, M\n|-heal|p2a: Terapagos|100/100|[silent]\n|-weather|RainDance|[from] ability: Drizzle|[of] p1a: Kyogre\n|-fieldstart|move: Psychic Terrain|[from] ability: Psychic Surge|[of] p1b: Indeedee\n|-ability|p2b: Incineroar|Intimidate|boost\n|-unboost|p1a: Kyogre|atk|1\n|-unboost|p1b: Indeedee|atk|1\n|turn|1\n|\n|t:|1773424422\n|-terastallize|p2a: Terapagos|Stellar\n|detailschange|p2a: Terapagos|Terapagos-Stellar, L50, M, tera:Stellar\n|-heal|p2a: Terapagos|100/100|[silent]\n|-ability|p2a: Terapagos|Teraform Zero\n|-weather|none\n|-fieldend|move: Psychic Terrain\n|move|p1a: Kyogre|Protect|p1a: Kyogre\n|-singleturn|p1a: Kyogre|Protect\n|move|p2a: Terapagos|Tera Starstorm|p1a: Kyogre|[spread] p1b\n|-activate|p1a: Kyogre|move: Protect\n|-damage|p1b: Indeedee|65/100\n|move|p2b: Incineroar|Knock Off|p1b: Indeedee\n|-supereffective|p1b: Indeedee\n|-damage|p1b: Indeedee|0 fnt\n|-enditem|p1b: Indeedee|Safety Goggles|[from] move: Knock Off|[of] p2b: Incineroar\n|faint|p1b: Indeedee\n|\n|upkeep\n|\n|t:|1773424441\n|switch|p1b: Smeargle|Smeargle, L50, F, shiny|100/100\n|turn|2\n|\n|t:|1773424452\n|switch|p2a: Miraidon|Miraidon, L50|100/100\n|-fieldstart|move: Electric Terrain|[from] ability: Hadron Engine|[of] p2a: Miraidon\n|-terastallize|p1a: Kyogre|Water\n|move|p1b: Smeargle|Follow Me|p1b: Smeargle\n|-singleturn|p1b: Smeargle|move: Follow Me\n|move|p1a: Kyogre|Water Spout|p2b: Incineroar|[spread] p2a,p2b\n|-resisted|p2a: Miraidon\n|-supereffective|p2b: Incineroar\n|-damage|p2a: Miraidon|70/100\n|-damage|p2b: Incineroar|0 fnt\n|faint|p2b: Incineroar\n|\n|-ability|p1b: Smeargle|Moody|boost\n|-boost|p1b: Smeargle|spe|2\n|-unboost|p1b: Smeargle|def|1\n|upkeep\n|\n|t:|1773424464\n|switch|p2b: Urshifu|Urshifu-Rapid-Strike, L50, F|100/100\n|turn|3\n|inactive|DudeGaming 25 has 30 seconds left.\n|\n|t:|1773424490\n|switch|p1a: Calyrex|Calyrex-Ice, L50|100/100\n|-ability|p1a: Calyrex|As One\n|-ability|p1a: Calyrex|Unnerve\n|move|p1b: Smeargle|Protect|p1b: Smeargle\n|-singleturn|p1b: Smeargle|Protect\n|move|p2a: Miraidon|Electro Drift|p1a: Calyrex\n|-damage|p1a: Calyrex|41/100\n|move|p2b: Urshifu|Surging Strikes|p1a: Calyrex\n|-crit|p1a: Calyrex\n|-damage|p1a: Calyrex|24/100\n|-crit|p1a: Calyrex\n|-damage|p1a: Calyrex|9/100\n|-crit|p1a: Calyrex\n|-damage|p1a: Calyrex|0 fnt\n|faint|p1a: Calyrex\n|-hitcount|p1: Calyrex|3\n|\n|-ability|p1b: Smeargle|Moody|boost\n|-boost|p1b: Smeargle|def|2\n|-unboost|p1b: Smeargle|atk|1\n|upkeep\n|\n|t:|1773424512\n|switch|p1a: Kyogre|Kyogre, L50, tera:Water|100/100\n|-weather|RainDance|[from] ability: Drizzle|[of] p1a: Kyogre\n|turn|4\n|\n|t:|1773424524\n|move|p1b: Smeargle|Follow Me|p1b: Smeargle\n|-singleturn|p1b: Smeargle|move: Follow Me\n|move|p2a: Miraidon|Snarl|p1b: Smeargle|[spread] p1a,p1b\n|-damage|p1a: Kyogre|86/100\n|-damage|p1b: Smeargle|60/100\n|-unboost|p1a: Kyogre|spa|1\n|-unboost|p1b: Smeargle|spa|1\n|move|p2b: Urshifu|Surging Strikes|p1b: Smeargle\n|-crit|p1b: Smeargle\n|-damage|p1b: Smeargle|0 fnt\n|faint|p1b: Smeargle\n|-hitcount|p1: Smeargle|1\n|move|p1a: Kyogre|Water Spout|p2b: Urshifu|[spread] p2a,p2b\n|-resisted|p2a: Miraidon\n|-resisted|p2b: Urshifu\n|-damage|p2a: Miraidon|46/100\n|-damage|p2b: Urshifu|35/100\n|\n|-weather|RainDance|[upkeep]\n|upkeep\n|turn|5\n|-message|DudeGaming 25 forfeited.\n|\n|win|partigiano jonny\n|raw|DudeGaming 25's rating: 1405 &rarr; <strong>1396</strong><br />(-9 for losing)\n|raw|partigiano jonny's rating: 1620 &rarr; <strong>1629</strong><br />(+9 for winning)\n","uploadtime":1773424549,"views":11,"formatid":"gen9vgc2026regi","rating":1396,"private":0,"password":null}