{"id":"gen9vgc2026regi-2538584450","format":"[Gen 9] VGC 2026 Reg I","players":["strings3","eye-zitt"],"log":"|j|\u2606strings3\n|j|\u2606eye-zitt\n|t:|1770943544\n|gametype|doubles\n|player|p1|strings3|pokemaniac|1240\n|player|p2|eye-zitt|hilbert|1183\n|gen|9\n|tier|[Gen 9] VGC 2026 Reg I\n|rated|\n|rule|Species Clause: Limit one of each Pok\u00e9mon\n|rule|Item Clause: Limit 1 of each item\n|clearpoke\n|poke|p1|Sentret, L50, M|\n|poke|p1|Calyrex-Ice, L50|\n|poke|p1|Torterra, L50, F|\n|poke|p1|Iron Hands, L50|\n|poke|p1|Urshifu-*, L50, M|\n|poke|p1|Indeedee, L50, M|\n|poke|p2|Terapagos, L50, M|\n|poke|p2|Calyrex-Shadow, L50|\n|poke|p2|Rillaboom, L50, M|\n|poke|p2|Incineroar, L50, M|\n|poke|p2|Amoonguss, L50, F|\n|poke|p2|Ogerpon-Cornerstone, L50, F|\n|teampreview|4\n|inactive|Battle timer is ON: inactive players will automatically lose when time's up. (requested by eye-zitt)\n|l|\u2606strings3\n|inactive|strings3 disconnected and has a minute to reconnect!\n|player|p1|\n|j|\u2606strings3\n|inactive|strings3 reconnected and has 65 seconds left.\n|player|p1|strings3|pokemaniac|\n|inactive|strings3 has 60 seconds left.\n|inactive|strings3 has 30 seconds left.\n|inactive|strings3 has 20 seconds left.\n|inactive|strings3 has 15 seconds left.\n|\n|t:|1770943623\n|teamsize|p1|4\n|teamsize|p2|4\n|start\n|switch|p1a: Sentret|Sentret, L50, M|100/100\n|switch|p1b: Calyrex|Calyrex-Ice, L50|100/100\n|switch|p2a: Terapagos|Terapagos, L50, M|100/100\n|switch|p2b: Amoonguss|Amoonguss, L50, F|100/100\n|-activate|p2a: Terapagos|ability: Tera Shift\n|detailschange|p2a: Terapagos|Terapagos-Terastal, L50, M\n|-heal|p2a: Terapagos|100/100|[silent]\n|-ability|p1b: Calyrex|As One\n|-ability|p1b: Calyrex|Unnerve\n|-item|p2a: Terapagos|Leftovers|[from] ability: Frisk|[of] p1a: Sentret\n|-item|p2b: Amoonguss|Rocky Helmet|[from] ability: Frisk|[of] p1a: Sentret\n|turn|1\n|\n|t:|1770943631\n|-terastallize|p1a: Sentret|Grass\n|move|p1a: Sentret|Follow Me|p1a: Sentret\n|-singleturn|p1a: Sentret|move: Follow Me\n|move|p2a: Terapagos|Calm Mind|p2a: Terapagos\n|-boost|p2a: Terapagos|spa|1\n|-boost|p2a: Terapagos|spd|1\n|move|p1b: Calyrex|Glacial Lance|p2a: Terapagos|[spread] p2a,p2b\n|-activate|p2a: Terapagos|ability: Tera Shell\n|-resisted|p2a: Terapagos\n|-supereffective|p2b: Amoonguss\n|-damage|p2a: Terapagos|77/100\n|-damage|p2b: Amoonguss|13/100\n|move|p2b: Amoonguss|Spore|p1a: Sentret\n|-immune|p1a: Sentret\n|\n|-heal|p2a: Terapagos|83/100|[from] item: Leftovers\n|upkeep\n|turn|2\n|\n|t:|1770943647\n|-terastallize|p2a: Terapagos|Stellar\n|detailschange|p2a: Terapagos|Terapagos-Stellar, L50, M, tera:Stellar\n|-heal|p2a: Terapagos|88/100|[silent]\n|move|p2b: Amoonguss|Protect|p2b: Amoonguss\n|-singleturn|p2b: Amoonguss|Protect\n|move|p2a: Terapagos|Tera Starstorm|p1a: Sentret|[spread] p1a,p1b\n|-supereffective|p1a: Sentret\n|-enditem|p1a: Sentret|Focus Sash\n|-damage|p1a: Sentret|1/100\n|-damage|p1b: Calyrex|63/100\n|move|p1b: Calyrex|Glacial Lance|p2a: Terapagos|[spread] p2a\n|-activate|p2b: Amoonguss|move: Protect\n|-damage|p2a: Terapagos|51/100\n|move|p1a: Sentret|Knock Off|p2a: Terapagos\n|-damage|p2a: Terapagos|38/100\n|-enditem|p2a: Terapagos|Leftovers|[from] move: Knock Off|[of] p1a: Sentret\n|\n|upkeep\n|turn|3\n|\n|t:|1770943665\n|move|p1a: Sentret|Endure|p1a: Sentret\n|-singleturn|p1a: Sentret|move: Endure\n|move|p2a: Terapagos|Tera Starstorm|p1b: Calyrex|[spread] p1a,p1b\n|-supereffective|p1a: Sentret\n|-activate|p1a: Sentret|move: Endure\n|-damage|p1a: Sentret|1/100\n|-damage|p1b: Calyrex|25/100\n|move|p1b: Calyrex|Glacial Lance|p2b: Amoonguss|[spread] p2a,p2b\n|-supereffective|p2b: Amoonguss\n|-damage|p2a: Terapagos|0 fnt\n|-damage|p2b: Amoonguss|0 fnt\n|faint|p2a: Terapagos\n|detailschange|p2: Terapagos|Terapagos, L50, M|[silent]\n|faint|p2b: Amoonguss\n|-ability|p1b: Calyrex|Chilling Neigh|boost\n|-boost|p1b: Calyrex|atk|2\n|\n|upkeep\n|\n|t:|1770943672\n|switch|p2a: Calyrex|Calyrex-Shadow, L50|100/100\n|switch|p2b: Ogerpon|Ogerpon-Cornerstone, L50, F|100/100\n|-ability|p2a: Calyrex|As One\n|-ability|p2a: Calyrex|Unnerve\n|turn|4\n|inactive|strings3 has 30 seconds left.\n|inactive|strings3 has 20 seconds left.\n|\n|t:|1770943711\n|move|p1b: Calyrex|Protect|p1b: Calyrex\n|-singleturn|p1b: Calyrex|Protect\n|move|p2a: Calyrex|Astral Barrage|p1a: Sentret|[spread] p1a\n|-activate|p1b: Calyrex|move: Protect\n|-damage|p1a: Sentret|0 fnt\n|faint|p1a: Sentret\n|-ability|p2a: Calyrex|Grim Neigh|boost\n|-boost|p2a: Calyrex|spa|1\n|move|p2b: Ogerpon|Ivy Cudgel|p1b: Calyrex|[anim] Ivy Cudgel Rock\n|-activate|p1b: Calyrex|move: Protect\n|\n|upkeep\n|\n|t:|1770943714\n|switch|p1a: Torterra|Torterra, L50, F|100/100\n|turn|5\n|\n|t:|1770943721\n|move|p1a: Torterra|Wide Guard|p1a: Torterra\n|-singleturn|p1a: Torterra|Wide Guard\n|move|p2a: Calyrex|Astral Barrage|p1a: Torterra|[spread] \n|-activate|p1a: Torterra|move: Wide Guard\n|-activate|p1b: Calyrex|move: Wide Guard\n|move|p2b: Ogerpon|Ivy Cudgel|p1a: Torterra|[anim] Ivy Cudgel Rock\n|-resisted|p1a: Torterra\n|-damage|p1a: Torterra|75/100\n|move|p1b: Calyrex|Trick Room|p1b: Calyrex\n|-fieldstart|move: Trick Room|[of] p1b: Calyrex\n|\n|upkeep\n|turn|6\n|\n|t:|1770943727\n|move|p1a: Torterra|Rock Blast|p2a: Calyrex\n|-damage|p2a: Calyrex|90/100\n|-damage|p2a: Calyrex|79/100\n|-damage|p2a: Calyrex|68/100\n|-damage|p2a: Calyrex|57/100\n|-damage|p2a: Calyrex|45/100\n|-hitcount|p2a: Calyrex|5\n|move|p1b: Calyrex|Glacial Lance|p2b: Ogerpon|[spread] p2a,p2b\n|-supereffective|p2b: Ogerpon\n|-damage|p2a: Calyrex|0 fnt\n|-ability|p2b: Ogerpon|Sturdy\n|-damage|p2b: Ogerpon|1/100\n|faint|p2a: Calyrex\n|-ability|p1b: Calyrex|Chilling Neigh|boost\n|-boost|p1b: Calyrex|atk|1\n|move|p2b: Ogerpon|Ivy Cudgel|p1b: Calyrex|[anim] Ivy Cudgel Rock\n|-supereffective|p1b: Calyrex\n|-damage|p1b: Calyrex|0 fnt\n|faint|p1b: Calyrex\n|\n|upkeep\n|inactive|strings3 has 30 seconds left.\n|\n|t:|1770943757\n|switch|p1b: Indeedee|Indeedee, L50, M|100/100\n|-fieldstart|move: Psychic Terrain|[from] ability: Psychic Surge|[of] p1b: Indeedee\n|-enditem|p1b: Indeedee|Psychic Seed\n|-boost|p1b: Indeedee|spd|1|[from] item: Psychic Seed\n|turn|7\n|\n|t:|1770943765\n|move|p1a: Torterra|Bullet Seed|p2b: Ogerpon\n|-damage|p2b: Ogerpon|0 fnt\n|faint|p2b: Ogerpon\n|-hitcount|p2: Ogerpon|1\n|\n|win|strings3\n|raw|strings3's rating: 1240 &rarr; <strong>1261</strong><br />(+21 for winning)\n|raw|eye-zitt's rating: 1183 &rarr; <strong>1162</strong><br />(-21 for losing)\n","uploadtime":1770943768,"views":22,"formatid":"gen9vgc2026regi","rating":1162,"private":0,"password":null}