{"id":"gen9vgc2026regi-2545998217","format":"[Gen 9] VGC 2026 Reg I","players":["stringbeanis22","fogdocker"],"log":"|j|\u2606stringbeanis22\n|j|\u2606fogdocker\n|t:|1771911383\n|gametype|doubles\n|player|p1|stringbeanis22|102|1179\n|player|p2|fogdocker|265|1464\n|gen|9\n|tier|[Gen 9] VGC 2026 Reg I\n|rated|\n|rule|Species Clause: Limit one of each Pok\u00e9mon\n|rule|Item Clause: Limit 1 of each item\n|clearpoke\n|poke|p1|Miraidon, L50|\n|poke|p1|Grimmsnarl, L50, M|\n|poke|p1|Kyogre, L50|\n|poke|p1|Ogerpon-Cornerstone, L50, F|\n|poke|p1|Chien-Pao, L50|\n|poke|p1|Iron Hands, L50|\n|poke|p2|Calyrex-Ice, L50|\n|poke|p2|Koraidon, L50|\n|poke|p2|Flutter Mane, L50|\n|poke|p2|Incineroar, L50, F|\n|poke|p2|Rillaboom, L50, F|\n|poke|p2|Volcarona, L50, M|\n|teampreview|4\n|inactive|Battle timer is ON: inactive players will automatically lose when time's up. (requested by stringbeanis22)\n|\n|t:|1771911413\n|teamsize|p1|4\n|teamsize|p2|4\n|start\n|switch|p1a: Kyogre|Kyogre, L50|100/100\n|switch|p1b: Miraidon|Miraidon, L50|100/100\n|switch|p2a: Calyrex|Calyrex-Ice, L50|100/100\n|switch|p2b: Rillaboom|Rillaboom, L50, F|100/100\n|-ability|p2a: Calyrex|As One\n|-ability|p2a: Calyrex|Unnerve\n|-fieldstart|move: Electric Terrain|[from] ability: Hadron Engine|[of] p1b: Miraidon\n|-weather|RainDance|[from] ability: Drizzle|[of] p1a: Kyogre\n|-fieldstart|move: Grassy Terrain|[from] ability: Grassy Surge|[of] p2b: Rillaboom\n|turn|1\n|\n|t:|1771911438\n|switch|p1a: Iron Hands|Iron Hands, L50|100/100\n|move|p2b: Rillaboom|Grassy Glide|p1a: Iron Hands\n|-damage|p1a: Iron Hands|74/100\n|move|p1b: Miraidon|Volt Switch|p2a: Calyrex\n|-damage|p2a: Calyrex|67/100\n|\n|t:|1771911449\n|switch|p1b: Kyogre|Kyogre, L50|100/100|[from] Volt Switch\n|move|p2a: Calyrex|Glacial Lance|p1a: Iron Hands|[spread] p1a,p1b\n|-resisted|p1b: Kyogre\n|-damage|p1a: Iron Hands|41/100\n|-damage|p1b: Kyogre|76/100\n|\n|-weather|RainDance|[upkeep]\n|-heal|p1b: Kyogre|82/100|[from] Grassy Terrain\n|-heal|p2a: Calyrex|72/100|[from] Grassy Terrain\n|-heal|p1a: Iron Hands|47/100|[from] Grassy Terrain\n|-heal|p2a: Calyrex|78/100|[from] item: Leftovers\n|upkeep\n|turn|2\n|\n|t:|1771911462\n|switch|p2b: Koraidon|Koraidon, L50|100/100\n|-weather|SunnyDay|[from] ability: Orichalcum Pulse|[of] p2b: Koraidon\n|-activate|p2b: Koraidon|Orichalcum Pulse|[source]\n|move|p2a: Calyrex|Protect|p2a: Calyrex\n|-singleturn|p2a: Calyrex|Protect\n|move|p1a: Iron Hands|Fake Out|p2b: Koraidon\n|-crit|p2b: Koraidon\n|-damage|p2b: Koraidon|78/100\n|move|p1b: Kyogre|Water Spout|p2b: Koraidon|[spread] p2b\n|-activate|p2a: Calyrex|move: Protect\n|-resisted|p2b: Koraidon\n|-damage|p2b: Koraidon|62/100\n|\n|-weather|SunnyDay|[upkeep]\n|-heal|p2b: Koraidon|67/100|[from] Grassy Terrain\n|-heal|p1b: Kyogre|88/100|[from] Grassy Terrain\n|-heal|p2a: Calyrex|84/100|[from] Grassy Terrain\n|-heal|p1a: Iron Hands|52/100|[from] Grassy Terrain\n|-heal|p2a: Calyrex|90/100|[from] item: Leftovers\n|upkeep\n|turn|3\n|inactive|fogdocker has 30 seconds left.\n|\n|t:|1771911490\n|switch|p1b: Miraidon|Miraidon, L50|100/100\n|-fieldstart|move: Electric Terrain|[from] ability: Hadron Engine|[of] p1b: Miraidon\n|-activate|p1a: Iron Hands|ability: Quark Drive\n|-start|p1a: Iron Hands|quarkdriveatk\n|move|p2b: Koraidon|Close Combat|p1a: Iron Hands\n|-damage|p1a: Iron Hands|0 fnt\n|-unboost|p2b: Koraidon|def|1\n|-unboost|p2b: Koraidon|spd|1\n|faint|p1a: Iron Hands\n|-end|p1a: Iron Hands|Quark Drive|[silent]\n|-damage|p2b: Koraidon|58/100|[from] item: Life Orb\n|move|p2a: Calyrex|Glacial Lance|p1b: Miraidon\n|-supereffective|p1b: Miraidon\n|-damage|p1b: Miraidon|0 fnt\n|faint|p1b: Miraidon\n|-ability|p2a: Calyrex|Chilling Neigh|boost\n|-boost|p2a: Calyrex|atk|1\n|\n|-weather|SunnyDay|[upkeep]\n|-heal|p2a: Calyrex|96/100|[from] item: Leftovers\n|upkeep\n|\n|t:|1771911508\n|switch|p1b: Ogerpon|Ogerpon-Cornerstone, L50, F|100/100\n|switch|p1a: Kyogre|Kyogre, L50|88/100\n|-weather|RainDance|[from] ability: Drizzle|[of] p1a: Kyogre\n|turn|4\n|\n|t:|1771911519\n|switch|p2b: Rillaboom|Rillaboom, L50, F|100/100\n|-fieldstart|move: Grassy Terrain|[from] ability: Grassy Surge|[of] p2b: Rillaboom\n|-terastallize|p2a: Calyrex|Water\n|move|p1b: Ogerpon|Ivy Cudgel|p2a: Calyrex|[anim] Ivy Cudgel Rock\n|-damage|p2a: Calyrex|66/100\n|move|p1a: Kyogre|Water Spout|p2b: Rillaboom|[spread] p2a,p2b\n|-resisted|p2a: Calyrex\n|-resisted|p2b: Rillaboom\n|-damage|p2a: Calyrex|31/100\n|-damage|p2b: Rillaboom|67/100\n|move|p2a: Calyrex|Glacial Lance|p1b: Ogerpon|[spread] p1a,p1b\n|-resisted|p1a: Kyogre\n|-supereffective|p1b: Ogerpon\n|-damage|p1a: Kyogre|47/100\n|-ability|p1b: Ogerpon|Sturdy\n|-damage|p1b: Ogerpon|1/100\n|\n|-weather|RainDance|[upkeep]\n|-heal|p1b: Ogerpon|7/100|[from] Grassy Terrain\n|-heal|p1a: Kyogre|53/100|[from] Grassy Terrain\n|-heal|p2b: Rillaboom|73/100|[from] Grassy Terrain\n|-heal|p2a: Calyrex|37/100|[from] Grassy Terrain\n|-heal|p2a: Calyrex|43/100|[from] item: Leftovers\n|upkeep\n|turn|5\n|c|\u2606stringbeanis22|gg\n|\n|t:|1771911544\n|-terastallize|p1a: Kyogre|Grass\n|move|p1b: Ogerpon|Spiky Shield|p1b: Ogerpon\n|-singleturn|p1b: Ogerpon|move: Protect\n|move|p2b: Rillaboom|Grassy Glide|p1a: Kyogre\n|-resisted|p1a: Kyogre\n|-damage|p1a: Kyogre|33/100\n|move|p1a: Kyogre|Thunder|p2a: Calyrex\n|-supereffective|p2a: Calyrex\n|-damage|p2a: Calyrex|0 fnt\n|faint|p2a: Calyrex\n|\n|-weather|RainDance|[upkeep]\n|-heal|p1b: Ogerpon|13/100|[from] Grassy Terrain\n|-heal|p1a: Kyogre|40/100|[from] Grassy Terrain\n|-heal|p2b: Rillaboom|79/100|[from] Grassy Terrain\n|upkeep\n|\n|t:|1771911549\n|switch|p2a: Koraidon|Koraidon, L50|58/100\n|-weather|SunnyDay|[from] ability: Orichalcum Pulse|[of] p2a: Koraidon\n|-activate|p2a: Koraidon|Orichalcum Pulse|[source]\n|turn|6\n|\n|t:|1771911563\n|move|p1a: Kyogre|Protect|p1a: Kyogre\n|-singleturn|p1a: Kyogre|Protect\n|move|p2a: Koraidon|Flame Charge|p1b: Ogerpon\n|-damage|p1b: Ogerpon|0 fnt\n|-boost|p2a: Koraidon|spe|1\n|faint|p1b: Ogerpon\n|-damage|p2a: Koraidon|48/100|[from] item: Life Orb\n|move|p2b: Rillaboom|U-turn|p1a: Kyogre\n|-activate|p1a: Kyogre|move: Protect\n|\n|-weather|SunnyDay|[upkeep]\n|-heal|p2a: Koraidon|54/100|[from] Grassy Terrain\n|-heal|p1a: Kyogre|46/100|[from] Grassy Terrain\n|-heal|p2b: Rillaboom|85/100|[from] Grassy Terrain\n|upkeep\n|turn|7\n|\n|t:|1771911578\n|move|p2a: Koraidon|Flare Blitz|p1a: Kyogre\n|-supereffective|p1a: Kyogre\n|-damage|p1a: Kyogre|0 fnt\n|faint|p1a: Kyogre\n|-damage|p2a: Koraidon|38/100|[from] Recoil\n|-damage|p2a: Koraidon|28/100|[from] item: Life Orb\n|\n|win|fogdocker\n|raw|stringbeanis22's rating: 1179 &rarr; <strong>1171</strong><br />(-8 for losing)\n|raw|fogdocker's rating: 1464 &rarr; <strong>1470</strong><br />(+6 for winning)\n|c|\u2606stringbeanis22|gg\n","uploadtime":1771911817,"views":11,"formatid":"gen9vgc2026regi","rating":1171,"private":0,"password":null}