{"id":"gen9vgc2026regi-2587740053","format":"[Gen 9] VGC 2026 Reg I","players":["BenSon_A27_Zong","Jakmonty!!!"],"log":"|j|\u2606BenSon_A27_Zong\n|j|\u2606Jakmonty!!!\n|t:|1776559211\n|gametype|doubles\n|player|p1|BenSon_A27_Zong|bugsy|1320\n|player|p2|Jakmonty!!!|cynthia-gen4|1394\n|gen|9\n|tier|[Gen 9] VGC 2026 Reg I\n|rated|\n|rule|Species Clause: Limit one of each Pok\u00e9mon\n|rule|Item Clause: Limit 1 of each item\n|clearpoke\n|poke|p1|Muk-Alola, L50, M|\n|poke|p1|Flamigo, L50, M|\n|poke|p1|Miraidon, L50|\n|poke|p1|Calyrex-Shadow, L50|\n|poke|p1|Indeedee, L50, M|\n|poke|p1|Smeargle, L50, M|\n|poke|p2|Tornadus, L50, M|\n|poke|p2|Landorus, L50, M|\n|poke|p2|Kyogre, L50|\n|poke|p2|Zacian-*, L50|\n|poke|p2|Urshifu-*, L50, M|\n|poke|p2|Raging Bolt, L50|\n|teampreview|4\n|inactive|Battle timer is ON: inactive players will automatically lose when time's up. (requested by BenSon_A27_Zong)\n|inactive|BenSon_A27_Zong has 60 seconds left.\n|\n|t:|1776559248\n|teamsize|p1|4\n|teamsize|p2|4\n|start\n|switch|p1a: Smeargle|Smeargle, L50, M|100/100\n|switch|p1b: Miraidon|Miraidon, L50|100/100\n|switch|p2a: Tornadus|Tornadus, L50, M|100/100\n|switch|p2b: Kyogre|Kyogre, L50|100/100\n|-fieldstart|move: Electric Terrain|[from] ability: Hadron Engine|[of] p1b: Miraidon\n|-weather|RainDance|[from] ability: Drizzle|[of] p2b: Kyogre\n|turn|1\n|\n|t:|1776559263\n|switch|p2b: Landorus|Landorus, L50, M|100/100\n|move|p1a: Smeargle|Wide Guard|p1a: Smeargle\n|-singleturn|p1a: Smeargle|Wide Guard\n|move|p2a: Tornadus|Tailwind|p2a: Tornadus\n|-sidestart|p2: Jakmonty!!!|move: Tailwind\n|move|p1b: Miraidon|Parabolic Charge|p2b: Landorus|[spread] p2a\n|-activate|p1a: Smeargle|move: Wide Guard\n|-immune|p2b: Landorus\n|-supereffective|p2a: Tornadus\n|-damage|p2a: Tornadus|0 fnt\n|faint|p2a: Tornadus\n|-damage|p1b: Miraidon|91/100|[from] item: Life Orb\n|\n|-weather|RainDance|[upkeep]\n|-ability|p1a: Smeargle|Moody|boost\n|-boost|p1a: Smeargle|spe|2\n|-unboost|p1a: Smeargle|spa|1\n|upkeep\n|\n|t:|1776559279\n|switch|p2a: Zacian|Zacian-Crowned, L50|100/100\n|-ability|p2a: Zacian|Intrepid Sword|boost\n|-boost|p2a: Zacian|atk|1\n|turn|2\n|\n|t:|1776559285\n|move|p1b: Miraidon|Protect|p1b: Miraidon\n|-singleturn|p1b: Miraidon|Protect\n|move|p2a: Zacian|Play Rough|p1b: Miraidon\n|-activate|p1b: Miraidon|move: Protect\n|move|p1a: Smeargle|Minimize|p1a: Smeargle\n|-boost|p1a: Smeargle|evasion|2\n|move|p2b: Landorus|Sandsear Storm|p1b: Miraidon|[spread] p1a\n|-activate|p1b: Miraidon|move: Protect\n|-enditem|p1a: Smeargle|Focus Sash\n|-damage|p1a: Smeargle|1/100\n|\n|-weather|RainDance|[upkeep]\n|-ability|p1a: Smeargle|Moody|boost\n|-boost|p1a: Smeargle|def|2\n|-unboost|p1a: Smeargle|atk|1\n|upkeep\n|turn|3\n|inactive|BenSon_A27_Zong has 30 seconds left.\n|\n|t:|1776559312\n|-terastallize|p1b: Miraidon|Fairy\n|move|p1a: Smeargle|Wide Guard|p1a: Smeargle\n|-singleturn|p1a: Smeargle|Wide Guard\n|move|p2a: Zacian|Play Rough|p1b: Miraidon\n|-damage|p1b: Miraidon|13/100\n|move|p2b: Landorus|Earth Power|p1a: Smeargle\n|-damage|p1a: Smeargle|0 fnt\n|faint|p1a: Smeargle\n|move|p1b: Miraidon|Dazzling Gleam|p2a: Zacian|[spread] p2a,p2b\n|-resisted|p2a: Zacian\n|-damage|p2a: Zacian|79/100\n|-damage|p2b: Landorus|48/100\n|-damage|p1b: Miraidon|3/100|[from] item: Life Orb\n|\n|-weather|RainDance|[upkeep]\n|upkeep\n|\n|t:|1776559321\n|switch|p1a: Muk|Muk-Alola, L50, M|100/100\n|turn|4\n|\n|t:|1776559337\n|move|p1b: Miraidon|Protect|p1b: Miraidon\n|-singleturn|p1b: Miraidon|Protect\n|move|p2a: Zacian|Swords Dance|p2a: Zacian\n|-boost|p2a: Zacian|atk|2\n|move|p2b: Landorus|Sandsear Storm|p1b: Miraidon|[spread] p1a\n|-activate|p1b: Miraidon|move: Protect\n|-supereffective|p1a: Muk\n|-damage|p1a: Muk|9/100\n|move|p1a: Muk|Minimize|p1a: Muk\n|-boost|p1a: Muk|evasion|2\n|\n|-weather|RainDance|[upkeep]\n|-heal|p1a: Muk|15/100|[from] item: Leftovers\n|-sideend|p2: Jakmonty!!!|move: Tailwind\n|upkeep\n|turn|5\n|inactive|BenSon_A27_Zong has 30 seconds left.\n|\n|t:|1776559368\n|switch|p1b: Flamigo|Flamigo, L50, M|100/100\n|-copyboost|p1b: Flamigo|p1a: Muk|[from] ability: Costar\n|move|p1a: Muk|Protect|p1a: Muk\n|-singleturn|p1a: Muk|Protect\n|move|p2a: Zacian|Behemoth Blade|p1b: Flamigo\n|-damage|p1b: Flamigo|0 fnt\n|faint|p1b: Flamigo\n|-ability|p1a: Muk|Costar|Power of Alchemy|[from] ability: Power of Alchemy|[of] p1b: Flamigo\n|move|p2b: Landorus|Sandsear Storm|p1a: Muk\n|-activate|p1a: Muk|move: Protect\n|\n|-weather|none\n|-heal|p1a: Muk|21/100|[from] item: Leftovers\n|-fieldend|move: Electric Terrain\n|upkeep\n|\n|t:|1776559372\n|switch|p1b: Miraidon|Miraidon, L50, tera:Fairy|3/100\n|-fieldstart|move: Electric Terrain|[from] ability: Hadron Engine|[of] p1b: Miraidon\n|turn|6\n|\n|t:|1776559395\n|move|p2b: Landorus|Protect|p2b: Landorus\n|-singleturn|p2b: Landorus|Protect\n|move|p2a: Zacian|Behemoth Blade|p1b: Miraidon\n|-supereffective|p1b: Miraidon\n|-damage|p1b: Miraidon|0 fnt\n|faint|p1b: Miraidon\n|move|p1a: Muk|Minimize|p1a: Muk\n|-boost|p1a: Muk|evasion|2\n|\n|-heal|p1a: Muk|27/100|[from] item: Leftovers\n|upkeep\n|turn|7\n|\n|t:|1776559408\n|switch|p2a: Kyogre|Kyogre, L50|100/100\n|-weather|RainDance|[from] ability: Drizzle|[of] p2a: Kyogre\n|move|p2b: Landorus|Sandsear Storm|p1a: Muk\n|-supereffective|p1a: Muk\n|-damage|p1a: Muk|0 fnt\n|faint|p1a: Muk\n|\n|win|Jakmonty!!!\n|raw|BenSon_A27_Zong's rating: 1320 &rarr; <strong>1304</strong><br />(-16 for losing)\n|raw|Jakmonty!!!'s rating: 1394 &rarr; <strong>1410</strong><br />(+16 for winning)\n|l|\u2606BenSon_A27_Zong\n|player|p1|\n|l|\u2606Jakmonty!!!\n|player|p2|\n","uploadtime":1776559546,"views":7,"formatid":"gen9vgc2026regi","rating":1304,"private":0,"password":null}