{"id":"gen9vgc2026regi-2542085524","format":"[Gen 9] VGC 2026 Reg I","players":["Gene10","j0l0k0"],"log":"|j|\u2606Gene10\n|j|\u2606j0l0k0\n|t:|1771411990\n|gametype|doubles\n|player|p1|Gene10|2|1517\n|player|p2|j0l0k0|brycen|1400\n|gen|9\n|tier|[Gen 9] VGC 2026 Reg I\n|rated|\n|rule|Species Clause: Limit one of each Pok\u00e9mon\n|rule|Item Clause: Limit 1 of each item\n|clearpoke\n|poke|p1|Calyrex-Ice, L50|\n|poke|p1|Miraidon, L50|\n|poke|p1|Grimmsnarl, L50, M|\n|poke|p1|Urshifu-*, L50, F|\n|poke|p1|Incineroar, L50, F|\n|poke|p1|Landorus, L50, M|\n|poke|p2|Calyrex-Ice, L50|\n|poke|p2|Kyogre, L50|\n|poke|p2|Indeedee-F, L50, F|\n|poke|p2|Urshifu-*, L50, F|\n|poke|p2|Amoonguss, L50, F|\n|poke|p2|Landorus, L50, M|\n|teampreview|4\n|inactive|Battle timer is ON: inactive players will automatically lose when time's up. (requested by Gene10)\n|inactive|j0l0k0 also wants the timer to be on.\n|\n|t:|1771412009\n|teamsize|p1|4\n|teamsize|p2|4\n|start\n|switch|p1a: Calyrex|Calyrex-Ice, L50|100/100\n|switch|p1b: Grimmsnarl|Grimmsnarl, L50, M|100/100\n|switch|p2a: Kyogre|Kyogre, L50, shiny|100/100\n|switch|p2b: Landorus|Landorus, L50, M, shiny|100/100\n|-ability|p1a: Calyrex|As One\n|-ability|p1a: Calyrex|Unnerve\n|-weather|RainDance|[from] ability: Drizzle|[of] p2a: Kyogre\n|turn|1\n|inactive|j0l0k0 has 30 seconds left.\n|inactive|j0l0k0 has 20 seconds left.\n|inactive|j0l0k0 has 15 seconds left.\n|inactive|j0l0k0 has 10 seconds left.\n|inactive|j0l0k0 has 5 seconds left.\n|\n|t:|1771412061\n|-terastallize|p2b: Landorus|Steel\n|-terastallize|p1a: Calyrex|Water\n|move|p1b: Grimmsnarl|Light Screen|p1b: Grimmsnarl\n|-sidestart|p1: Gene10|move: Light Screen\n|move|p2b: Landorus|Sandsear Storm|p1a: Calyrex|[spread] p1a,p1b\n|-damage|p1a: Calyrex|72/100\n|-damage|p1b: Grimmsnarl|60/100\n|move|p2a: Kyogre|Water Spout|p1a: Calyrex|[spread] p1a,p1b\n|-resisted|p1a: Calyrex\n|-damage|p1a: Calyrex|51/100\n|-damage|p1b: Grimmsnarl|0 fnt\n|faint|p1b: Grimmsnarl\n|move|p1a: Calyrex|Glacial Lance|p2a: Kyogre|[spread] p2a,p2b\n|-resisted|p2a: Kyogre\n|-resisted|p2b: Landorus\n|-damage|p2a: Kyogre|75/100\n|-damage|p2b: Landorus|75/100\n|\n|-weather|RainDance|[upkeep]\n|-heal|p1a: Calyrex|57/100|[from] item: Leftovers\n|upkeep\n|\n|t:|1771412078\n|switch|p1b: Miraidon|Miraidon, L50|100/100\n|-fieldstart|move: Electric Terrain|[from] ability: Hadron Engine|[of] p1b: Miraidon\n|turn|2\n|\n|t:|1771412086\n|move|p1b: Miraidon|Volt Switch|p2b: Landorus\n|-damage|p2b: Landorus|0 fnt\n|faint|p2b: Landorus\n|\n|t:|1771412090\n|switch|p1b: Urshifu|Urshifu-Rapid-Strike, L50, F|100/100|[from] Volt Switch\n|move|p2a: Kyogre|Thunder|p1a: Calyrex\n|-supereffective|p1a: Calyrex\n|-damage|p1a: Calyrex|13/100\n|-status|p1a: Calyrex|par\n|move|p1a: Calyrex|Glacial Lance|p2a: Kyogre\n|-resisted|p2a: Kyogre\n|-damage|p2a: Kyogre|40/100\n|\n|-weather|RainDance|[upkeep]\n|-heal|p1a: Calyrex|18/100 par|[from] item: Leftovers\n|upkeep\n|\n|t:|1771412100\n|switch|p2b: Urshifu|Urshifu, L50, F|100/100\n|turn|3\n|\n|t:|1771412120\n|move|p2b: Urshifu|Wicked Blow|p1a: Calyrex\n|-crit|p1a: Calyrex\n|-damage|p1a: Calyrex|0 fnt\n|faint|p1a: Calyrex\n|move|p1b: Urshifu|Surging Strikes|p2b: Urshifu\n|-crit|p2b: Urshifu\n|-damage|p2b: Urshifu|52/100\n|-crit|p2b: Urshifu\n|-damage|p2b: Urshifu|3/100\n|-crit|p2b: Urshifu\n|-damage|p2b: Urshifu|0 fnt\n|faint|p2b: Urshifu\n|-hitcount|p2: Urshifu|3\n|move|p2a: Kyogre|Thunder|p1b: Urshifu\n|-supereffective|p1b: Urshifu\n|-crit|p1b: Urshifu\n|-damage|p1b: Urshifu|0 fnt\n|faint|p1b: Urshifu\n|\n|-weather|RainDance|[upkeep]\n|upkeep\n|\n|t:|1771412136\n|switch|p2b: Calyrex|Calyrex-Ice, L50|100/100\n|switch|p1b: Miraidon|Miraidon, L50|100/100\n|-ability|p2b: Calyrex|As One\n|-ability|p2b: Calyrex|Unnerve\n|-activate|p1b: Miraidon|ability: Hadron Engine\n|turn|4\n|\n|t:|1771412148\n|move|p1b: Miraidon|Electro Drift|p2b: Calyrex\n|-damage|p2b: Calyrex|8/100\n|move|p2a: Kyogre|Ice Beam|p1b: Miraidon\n|-supereffective|p1b: Miraidon\n|-damage|p1b: Miraidon|63/100\n|move|p2b: Calyrex|Trick Room|p2b: Calyrex\n|-fieldstart|move: Trick Room|[of] p2b: Calyrex\n|\n|-weather|RainDance|[upkeep]\n|upkeep\n|turn|5\n|-message|Gene10 forfeited.\n|\n|win|j0l0k0\n|raw|Gene10's rating: 1517 &rarr; <strong>1491</strong><br />(-26 for losing)\n|raw|j0l0k0's rating: 1400 &rarr; <strong>1426</strong><br />(+26 for winning)\n|l|\u2606Gene10\n|player|p1|\n|l|\u2606j0l0k0\n|player|p2|\n","uploadtime":1771412359,"views":14,"formatid":"gen9vgc2026regi","rating":1426,"private":0,"password":null}