{"id":"gen9vgc2026regi-2523223503","format":"[Gen 9] VGC 2026 Reg I","players":["alamossauro","kojimuranishi"],"log":"|j|\u2606alamossauro\n|j|\u2606kojimuranishi\n|t:|1769005167\n|gametype|doubles\n|player|p1|alamossauro|pokemaniac|1358\n|player|p2|kojimuranishi|2|1571\n|gen|9\n|tier|[Gen 9] VGC 2026 Reg I\n|rated|\n|rule|Species Clause: Limit one of each Pok\u00e9mon\n|rule|Item Clause: Limit 1 of each item\n|clearpoke\n|poke|p1|Smeargle, L50, F|\n|poke|p1|Calyrex-Ice, L50|\n|poke|p1|Grimmsnarl, L50, M|\n|poke|p1|Kyogre, L50|\n|poke|p1|Indeedee, L50, M|\n|poke|p1|Enamorus-Therian, L50, F|\n|poke|p2|Zamazenta-*, L50|\n|poke|p2|Lunala, L50|\n|poke|p2|Chien-Pao, L50|\n|poke|p2|Dragonite, L50, M|\n|poke|p2|Landorus, L50, M|\n|poke|p2|Urshifu-*, L50, F|\n|teampreview|4\n|inactive|Battle timer is ON: inactive players will automatically lose when time's up. (requested by kojimuranishi)\n|\n|t:|1769005204\n|teamsize|p1|4\n|teamsize|p2|4\n|start\n|switch|p1a: Calyrex|Calyrex-Ice, L50|100/100\n|switch|p1b: Grimmsnarl|Grimmsnarl, L50, M|100/100\n|switch|p2a: Urshifu|Urshifu-Rapid-Strike, L50, F|100/100\n|switch|p2b: Chien-Pao|Chien-Pao, L50|100/100\n|-ability|p1a: Calyrex|As One\n|-ability|p1a: Calyrex|Unnerve\n|-ability|p2b: Chien-Pao|Sword of Ruin\n|turn|1\n|j| ThatOtherOneWeirdo\n|inactive|alamossauro has 30 seconds left.\n|\n|t:|1769005238\n|-terastallize|p1a: Calyrex|Dark\n|move|p1b: Grimmsnarl|Fake Out|p2a: Urshifu\n|-crit|p2a: Urshifu\n|-damage|p2a: Urshifu|82/100\n|move|p2b: Chien-Pao|Ice Spinner|p1b: Grimmsnarl\n|-damage|p1b: Grimmsnarl|27/100\n|-damage|p2b: Chien-Pao|91/100|[from] item: Life Orb\n|cant|p2a: Urshifu|flinch\n|move|p1a: Calyrex|Trick Room|p1a: Calyrex\n|-fieldstart|move: Trick Room|[of] p1a: Calyrex\n|\n|upkeep\n|turn|2\n|\n|t:|1769005261\n|switch|p1a: Enamorus|Enamorus-Therian, L50, F|100/100\n|move|p1b: Grimmsnarl|Reflect|p1b: Grimmsnarl\n|-sidestart|p1: alamossauro|Reflect\n|move|p2a: Urshifu|Aqua Jet|p1b: Grimmsnarl\n|-damage|p1b: Grimmsnarl|3/100\n|-enditem|p1b: Grimmsnarl|Aguav Berry|[eat]\n|-heal|p1b: Grimmsnarl|36/100|[from] item: Aguav Berry\n|move|p2b: Chien-Pao|Ice Spinner|p1a: Enamorus\n|-supereffective|p1a: Enamorus\n|-damage|p1a: Enamorus|17/100\n|-damage|p2b: Chien-Pao|81/100|[from] item: Life Orb\n|\n|upkeep\n|turn|3\n|inactive|kojimuranishi has 30 seconds left.\n|inactive|kojimuranishi has 20 seconds left.\n|\n|t:|1769005296\n|switch|p2b: Zamazenta|Zamazenta-Crowned, L50|100/100\n|-ability|p2b: Zamazenta|Dauntless Shield|boost\n|-boost|p2b: Zamazenta|def|1\n|move|p2a: Urshifu|Detect|p2a: Urshifu\n|-singleturn|p2a: Urshifu|Protect\n|move|p1b: Grimmsnarl|Light Screen|p1b: Grimmsnarl\n|-sidestart|p1: alamossauro|move: Light Screen\n|move|p1a: Enamorus|Dazzling Gleam|p2b: Zamazenta|[spread] p2b\n|-activate|p2a: Urshifu|move: Protect\n|-damage|p2b: Zamazenta|71/100\n|\n|upkeep\n|turn|4\n|inactive|kojimuranishi has 30 seconds left.\n|\n|t:|1769005323\n|switch|p1a: Kyogre|Kyogre, L50|100/100\n|-weather|RainDance|[from] ability: Drizzle|[of] p1a: Kyogre\n|switch|p2a: Lunala|Lunala, L50|100/100\n|move|p1b: Grimmsnarl|Sucker Punch||[still]\n|-fail|p1b: Grimmsnarl\n|move|p2b: Zamazenta|Behemoth Bash|p1a: Kyogre\n|-resisted|p1a: Kyogre\n|-damage|p1a: Kyogre|88/100\n|\n|-weather|RainDance|[upkeep]\n|upkeep\n|turn|5\n|inactive|kojimuranishi has 30 seconds left.\n|\n|t:|1769005350\n|-terastallize|p2b: Zamazenta|Water\n|move|p1b: Grimmsnarl|Sucker Punch|p2a: Lunala\n|-supereffective|p2a: Lunala\n|-damage|p2a: Lunala|58/100\n|move|p1a: Kyogre|Thunder|p2b: Zamazenta\n|-supereffective|p2b: Zamazenta\n|-damage|p2b: Zamazenta|17/100\n|-status|p2b: Zamazenta|par\n|cant|p2b: Zamazenta|par\n|move|p2a: Lunala|Meteor Beam||[still]\n|-prepare|p2a: Lunala|Meteor Beam\n|-boost|p2a: Lunala|spa|1\n|-enditem|p2a: Lunala|Power Herb\n|-anim|p2a: Lunala|Meteor Beam|p1a: Kyogre\n|-damage|p1a: Kyogre|68/100\n|\n|-weather|RainDance|[upkeep]\n|-fieldend|move: Trick Room\n|upkeep\n|turn|6\n|\n|t:|1769005373\n|move|p1b: Grimmsnarl|Sucker Punch|p2a: Lunala\n|-supereffective|p2a: Lunala\n|-damage|p2a: Lunala|0 fnt\n|faint|p2a: Lunala\n|move|p1a: Kyogre|Thunder|p2b: Zamazenta\n|-supereffective|p2b: Zamazenta\n|-crit|p2b: Zamazenta\n|-damage|p2b: Zamazenta|0 fnt\n|faint|p2b: Zamazenta\n|\n|-weather|RainDance|[upkeep]\n|-sideend|p1: alamossauro|Reflect\n|upkeep\n|inactive|kojimuranishi has 30 seconds left.\n|\n|t:|1769005400\n|switch|p2b: Urshifu|Urshifu-Rapid-Strike, L50, F|82/100\n|switch|p2a: Chien-Pao|Chien-Pao, L50|81/100\n|-ability|p2a: Chien-Pao|Sword of Ruin\n|turn|7\n|\n|t:|1769005417\n|switch|p1b: Enamorus|Enamorus-Therian, L50, F|17/100\n|move|p2a: Chien-Pao|Crunch|p1a: Kyogre\n|-damage|p1a: Kyogre|4/100\n|-damage|p2a: Chien-Pao|72/100|[from] item: Life Orb\n|move|p2b: Urshifu|Close Combat|p1a: Kyogre\n|-damage|p1a: Kyogre|0 fnt\n|-unboost|p2b: Urshifu|def|1\n|-unboost|p2b: Urshifu|spd|1\n|faint|p1a: Kyogre\n|\n|-weather|RainDance|[upkeep]\n|-sideend|p1: alamossauro|move: Light Screen\n|upkeep\n|\n|t:|1769005435\n|switch|p1a: Calyrex|Calyrex-Ice, L50, tera:Dark|100/100\n|-ability|p1a: Calyrex|As One\n|-ability|p1a: Calyrex|Unnerve\n|turn|8\n|\n|t:|1769005443\n|move|p1a: Calyrex|Protect|p1a: Calyrex\n|-singleturn|p1a: Calyrex|Protect\n|move|p2a: Chien-Pao|Ice Spinner|p1b: Enamorus\n|-supereffective|p1b: Enamorus\n|-damage|p1b: Enamorus|0 fnt\n|faint|p1b: Enamorus\n|-damage|p2a: Chien-Pao|62/100|[from] item: Life Orb\n|move|p2b: Urshifu|Close Combat|p1a: Calyrex\n|-supereffective|p1a: Calyrex\n|-damage|p1a: Calyrex|0 fnt\n|-unboost|p2b: Urshifu|def|1\n|-unboost|p2b: Urshifu|spd|1\n|faint|p1a: Calyrex\n|\n|-weather|none\n|upkeep\n|-message|alamossauro forfeited.\n|\n|win|kojimuranishi\n|raw|alamossauro's rating: 1358 &rarr; <strong>1349</strong><br />(-9 for losing)\n|raw|kojimuranishi's rating: 1571 &rarr; <strong>1580</strong><br />(+9 for winning)\n|l|\u2606alamossauro\n|player|p1|\n|l| ThatOtherOneWeirdo\n|l|\u2606kojimuranishi\n|player|p2|\n","uploadtime":1769005617,"views":16,"formatid":"gen9vgc2026regi","rating":1349,"private":0,"password":null}