{"id":"gen9vgc2026regi-2553311515","format":"[Gen 9] VGC 2026 Reg I","players":["I\u2764\ufe0f\u5a1c\u7984forever","bola696"],"log":"|j|\u2606I\u2764\ufe0f\u5a1c\u7984forever\n|j|\u2606bola696\n|t:|1772819392\n|gametype|doubles\n|player|p1|I\u2764\ufe0f\u5a1c\u7984forever|youngcouple-gen4dp|1351\n|player|p2|bola696|red|1355\n|gen|9\n|tier|[Gen 9] VGC 2026 Reg I\n|rated|\n|rule|Species Clause: Limit one of each Pok\u00e9mon\n|rule|Item Clause: Limit 1 of each item\n|clearpoke\n|poke|p1|Groudon, L50|\n|poke|p1|Kyurem-White, L50|\n|poke|p1|Heatran, L50, M|\n|poke|p1|Whimsicott, L50, F|\n|poke|p1|Roaring Moon, L50|\n|poke|p1|Ditto, L50|\n|poke|p2|Terapagos, L50, M|\n|poke|p2|Incineroar, L50, M|\n|poke|p2|Flutter Mane, L50|\n|poke|p2|Miraidon, L50|\n|poke|p2|Smeargle, L50, M|\n|poke|p2|Urshifu-*, L50, M|\n|teampreview|4\n|\n|t:|1772819412\n|teamsize|p1|4\n|teamsize|p2|4\n|start\n|switch|p1a: Whimsicott|Whimsicott, L50, F|100/100\n|switch|p1b: Kyurem|Kyurem-White, L50|100/100\n|switch|p2a: Terapagos|Terapagos, L50, M|100/100\n|switch|p2b: Smeargle|Smeargle, L50, M, shiny|100/100\n|-activate|p2a: Terapagos|ability: Tera Shift\n|detailschange|p2a: Terapagos|Terapagos-Terastal, L50, M\n|-heal|p2a: Terapagos|100/100|[silent]\n|-ability|p1b: Kyurem|Turboblaze\n|turn|1\n|\n|t:|1772819447\n|move|p2b: Smeargle|Fake Out|p1b: Kyurem\n|-damage|p1b: Kyurem|97/100\n|move|p1a: Whimsicott|Endeavor|p2a: Terapagos\n|-damage|p2a: Terapagos|70/100\n|move|p2a: Terapagos|Calm Mind|p2a: Terapagos\n|-boost|p2a: Terapagos|spa|1\n|-boost|p2a: Terapagos|spd|1\n|cant|p1b: Kyurem|flinch\n|\n|-ability|p2b: Smeargle|Moody|boost\n|-boost|p2b: Smeargle|spa|2\n|-unboost|p2b: Smeargle|spe|1\n|upkeep\n|turn|2\n|\n|t:|1772819462\n|-terastallize|p2a: Terapagos|Stellar\n|detailschange|p2a: Terapagos|Terapagos-Stellar, L50, M, tera:Stellar\n|-heal|p2a: Terapagos|79/100|[silent]\n|move|p2b: Smeargle|Follow Me|p2b: Smeargle\n|-singleturn|p2b: Smeargle|move: Follow Me\n|move|p1a: Whimsicott|Energy Ball|p2b: Smeargle\n|-damage|p2b: Smeargle|30/100\n|move|p2a: Terapagos|Tera Starstorm|p1b: Kyurem|[spread] p1a,p1b\n|-enditem|p1a: Whimsicott|Focus Sash\n|-damage|p1a: Whimsicott|1/100\n|-damage|p1b: Kyurem|49/100\n|move|p1b: Kyurem|Blizzard|p2b: Smeargle|[spread] p2a\n|-miss|p1b: Kyurem|p2b: Smeargle\n|-enditem|p1b: Kyurem|Blunder Policy\n|-boost|p1b: Kyurem|spe|2\n|-damage|p2a: Terapagos|53/100\n|\n|-ability|p2b: Smeargle|Moody|boost\n|-boost|p2b: Smeargle|spe|2\n|-unboost|p2b: Smeargle|def|1\n|upkeep\n|turn|3\n|\n|t:|1772819487\n|move|p2b: Smeargle|Follow Me|p2b: Smeargle\n|-singleturn|p2b: Smeargle|move: Follow Me\n|move|p1a: Whimsicott|Tailwind|p1a: Whimsicott\n|-sidestart|p1: I\u2764\ufe0f\u5a1c\u7984forever|move: Tailwind\n|move|p1b: Kyurem|Blizzard|p2b: Smeargle|[spread] p2a,p2b\n|-damage|p2a: Terapagos|28/100\n|-damage|p2b: Smeargle|0 fnt\n|faint|p2b: Smeargle\n|move|p2a: Terapagos|Tera Starstorm|p1b: Kyurem|[spread] p1a,p1b\n|-damage|p1a: Whimsicott|0 fnt\n|-damage|p1b: Kyurem|4/100\n|faint|p1a: Whimsicott\n|\n|upkeep\n|\n|t:|1772819499\n|switch|p1a: Groudon|Groudon, L50|100/100\n|switch|p2b: Flutter Mane|Flutter Mane, L50, shiny|100/100\n|-weather|SunnyDay|[from] ability: Drought|[of] p1a: Groudon\n|-activate|p2b: Flutter Mane|ability: Protosynthesis\n|-start|p2b: Flutter Mane|protosynthesisspe\n|turn|4\n|\n|t:|1772819505\n|move|p2a: Terapagos|Protect|p2a: Terapagos\n|-singleturn|p2a: Terapagos|Protect\n|move|p1b: Kyurem|Shadow Ball|p2b: Flutter Mane\n|-supereffective|p2b: Flutter Mane\n|-damage|p2b: Flutter Mane|20/100\n|move|p2b: Flutter Mane|Icy Wind|p1b: Kyurem|[spread] p1a,p1b\n|-supereffective|p1a: Groudon\n|-damage|p1a: Groudon|84/100\n|-damage|p1b: Kyurem|0 fnt\n|-unboost|p1a: Groudon|spe|1\n|faint|p1b: Kyurem\n|move|p1a: Groudon|Precipice Blades|p2a: Terapagos|[spread] p2b\n|-activate|p2a: Terapagos|move: Protect\n|-crit|p2b: Flutter Mane\n|-damage|p2b: Flutter Mane|0 fnt\n|faint|p2b: Flutter Mane\n|-end|p2b: Flutter Mane|Protosynthesis|[silent]\n|\n|-weather|SunnyDay|[upkeep]\n|upkeep\n|\n|t:|1772819520\n|switch|p2b: Miraidon|Miraidon, L50, shiny|100/100\n|switch|p1b: Ditto|Ditto, L50|100/100\n|-fieldstart|move: Electric Terrain|[from] ability: Hadron Engine|[of] p2b: Miraidon\n|-enditem|p2a: Terapagos|Electric Seed\n|-boost|p2a: Terapagos|def|1|[from] item: Electric Seed\n|turn|5\n|c|\u2606bola696|wrong ability?\n|c|\u2606bola696|first time I see a no imposter ditto in a while\n|\n|t:|1772819563\n|move|p2b: Miraidon|Dazzling Gleam|p1b: Ditto|[spread] p1a,p1b\n|-damage|p1a: Groudon|67/100\n|-damage|p1b: Ditto|37/100\n|move|p1a: Groudon|Precipice Blades|p2b: Miraidon|[spread] p2a,p2b\n|-supereffective|p2b: Miraidon\n|-damage|p2a: Terapagos|3/100\n|-damage|p2b: Miraidon|7/100\n|move|p2a: Terapagos|Tera Starstorm|p1a: Groudon|[spread] p1a\n|-miss|p2a: Terapagos|p1b: Ditto\n|-damage|p1a: Groudon|32/100\n|move|p1b: Ditto|Transform|p2b: Miraidon\n|-transform|p1b: Ditto|p2b: Miraidon\n|-activate|p1b: Ditto|ability: Hadron Engine\n|\n|-weather|SunnyDay|[upkeep]\n|upkeep\n|turn|6\n|\n|t:|1772819582\n|move|p2a: Terapagos|Protect|p2a: Terapagos\n|-singleturn|p2a: Terapagos|Protect\n|move|p1b: Ditto|Dazzling Gleam|p2b: Miraidon|[spread] p2b\n|-activate|p2a: Terapagos|move: Protect\n|-supereffective|p2b: Miraidon\n|-damage|p2b: Miraidon|0 fnt\n|faint|p2b: Miraidon\n|move|p1a: Groudon|Precipice Blades|p2a: Terapagos\n|-activate|p2a: Terapagos|move: Protect\n|\n|-weather|SunnyDay|[upkeep]\n|-sideend|p1: I\u2764\ufe0f\u5a1c\u7984forever|move: Tailwind\n|upkeep\n|turn|7\n|\n|t:|1772819599\n|move|p1b: Ditto|Electro Drift|p2a: Terapagos\n|-damage|p2a: Terapagos|0 fnt\n|faint|p2a: Terapagos\n|detailschange|p2: Terapagos|Terapagos, L50, M|[silent]\n|\n|win|I\u2764\ufe0f\u5a1c\u7984forever\n|raw|I\u2764\ufe0f\u5a1c\u7984forever's rating: 1351 &rarr; <strong>1371</strong><br />(+20 for winning)\n|raw|bola696's rating: 1355 &rarr; <strong>1335</strong><br />(-20 for losing)\n|c|\u2606bola696|and how did it avoid tera starstorm?\n|l|\u2606I\u2764\ufe0f\u5a1c\u7984forever\n|player|p1|\n|c|\u2606bola696|it's 100% acurate\n|l|\u2606bola696\n|player|p2|\n","uploadtime":1772819849,"views":14,"formatid":"gen9vgc2026regi","rating":1335,"private":0,"password":null}