{"id":"gen9vgc2026regi-2588180876","format":"[Gen 9] VGC 2026 Reg I","players":["pigduckeater","Carajo666"],"log":"|j|\u2606pigduckeater\n|j|\u2606Carajo666\n|t:|1776612088\n|gametype|doubles\n|player|p1|pigduckeater|265|1449\n|player|p2|Carajo666|1|1516\n|gen|9\n|tier|[Gen 9] VGC 2026 Reg I\n|rated|\n|rule|Species Clause: Limit one of each Pok\u00e9mon\n|rule|Item Clause: Limit 1 of each item\n|clearpoke\n|poke|p1|Miraidon, L50|\n|poke|p1|Calyrex-Shadow, L50|\n|poke|p1|Illumise, L50, F|\n|poke|p1|Wo-Chien, L50|\n|poke|p1|Urshifu-*, L50, F|\n|poke|p1|Chi-Yu, L50|\n|poke|p2|Terapagos, L50, M|\n|poke|p2|Urshifu-*, L50, M|\n|poke|p2|Ho-Oh, L50|\n|poke|p2|Toxapex, L50, F|\n|poke|p2|Flutter Mane, L50|\n|poke|p2|Rillaboom, L50, M|\n|teampreview|4\n|inactive|Battle timer is ON: inactive players will automatically lose when time's up. (requested by Carajo666)\n|inactive|pigduckeater has 60 seconds left.\n|\n|t:|1776612128\n|teamsize|p1|4\n|teamsize|p2|4\n|start\n|switch|p1a: Illumise|Illumise, L50, F|100/100\n|switch|p1b: Miraidon|Miraidon, L50|100/100\n|switch|p2a: Ho-Oh|Ho-Oh, L50|100/100\n|switch|p2b: Rillaboom|Rillaboom, L50, M|100/100\n|-fieldstart|move: Electric Terrain|[from] ability: Hadron Engine|[of] p1b: Miraidon\n|-enditem|p1a: Illumise|Electric Seed\n|-boost|p1a: Illumise|def|1|[from] item: Electric Seed\n|-fieldstart|move: Grassy Terrain|[from] ability: Grassy Surge|[of] p2b: Rillaboom\n|turn|1\n|\n|t:|1776612144\n|move|p2b: Rillaboom|Fake Out|p1b: Miraidon\n|-damage|p1b: Miraidon|90/100\n|move|p1a: Illumise|Baton Pass|p1a: Illumise\n|\n|t:|1776612150\n|switch|p1a: Wo-Chien|Wo-Chien, L50|100/100|[from] Baton Pass\n|-ability|p1a: Wo-Chien|Tablets of Ruin\n|move|p1b: Miraidon|Electro Drift|p2a: Ho-Oh\n|-supereffective|p2a: Ho-Oh\n|-damage|p2a: Ho-Oh|24/100\n|-enditem|p2a: Ho-Oh|Sitrus Berry|[eat]\n|-heal|p2a: Ho-Oh|48/100|[from] item: Sitrus Berry\n|move|p2a: Ho-Oh|Tailwind|p2a: Ho-Oh\n|-sidestart|p2: Carajo666|move: Tailwind\n|\n|-heal|p1b: Miraidon|96/100|[from] Grassy Terrain\n|upkeep\n|turn|2\n|\n|t:|1776612170\n|move|p2a: Ho-Oh|Protect|p2a: Ho-Oh\n|-singleturn|p2a: Ho-Oh|Protect\n|move|p2b: Rillaboom|High Horsepower|p1b: Miraidon\n|-supereffective|p1b: Miraidon\n|-damage|p1b: Miraidon|60/100\n|move|p1b: Miraidon|Dragon Pulse|p2b: Rillaboom\n|-damage|p2b: Rillaboom|71/100\n|move|p1a: Wo-Chien|Body Press|p2b: Rillaboom\n|-damage|p2b: Rillaboom|35/100\n|\n|-heal|p2b: Rillaboom|41/100|[from] Grassy Terrain\n|-heal|p1b: Miraidon|66/100|[from] Grassy Terrain\n|upkeep\n|turn|3\n|\n|t:|1776612189\n|switch|p2a: Toxapex|Toxapex, L50, F|100/100\n|move|p2b: Rillaboom|High Horsepower|p1b: Miraidon\n|-supereffective|p1b: Miraidon\n|-damage|p1b: Miraidon|34/100\n|move|p1b: Miraidon|Electro Drift|p2a: Toxapex\n|-supereffective|p2a: Toxapex\n|-damage|p2a: Toxapex|0 fnt\n|faint|p2a: Toxapex\n|move|p1a: Wo-Chien|Foul Play|p2b: Rillaboom\n|-damage|p2b: Rillaboom|0 fnt\n|faint|p2b: Rillaboom\n|\n|-heal|p1b: Miraidon|40/100|[from] Grassy Terrain\n|upkeep\n|\n|t:|1776612199\n|switch|p2b: Terapagos|Terapagos, L50, M|100/100\n|switch|p2a: Ho-Oh|Ho-Oh, L50|82/100\n|-activate|p2b: Terapagos|ability: Tera Shift\n|detailschange|p2b: Terapagos|Terapagos-Terastal, L50, M\n|-heal|p2b: Terapagos|100/100|[silent]\n|turn|4\n|\n|t:|1776612212\n|switch|p1b: Illumise|Illumise, L50, F|100/100\n|move|p2b: Terapagos|Calm Mind|p2b: Terapagos\n|-boost|p2b: Terapagos|spa|1\n|-boost|p2b: Terapagos|spd|1\n|move|p2a: Ho-Oh|Sacred Fire|p1a: Wo-Chien\n|-supereffective|p1a: Wo-Chien\n|-damage|p1a: Wo-Chien|68/100\n|move|p1a: Wo-Chien|Leech Seed|p2b: Terapagos\n|-start|p2b: Terapagos|move: Leech Seed\n|\n|-heal|p1a: Wo-Chien|74/100|[from] Grassy Terrain\n|-heal|p1a: Wo-Chien|81/100|[from] item: Leftovers\n|-damage|p2b: Terapagos|88/100|[from] Leech Seed|[of] p1a: Wo-Chien\n|-heal|p1a: Wo-Chien|92/100|[silent]\n|-sideend|p2: Carajo666|move: Tailwind\n|upkeep\n|turn|5\n|\n|t:|1776612234\n|move|p2b: Terapagos|Protect|p2b: Terapagos\n|-singleturn|p2b: Terapagos|Protect\n|move|p1b: Illumise|Light Screen|p1b: Illumise\n|-sidestart|p1: pigduckeater|move: Light Screen\n|move|p2a: Ho-Oh|Sacred Fire|p1b: Illumise\n|-supereffective|p1b: Illumise\n|-damage|p1b: Illumise|33/100\n|-status|p1b: Illumise|brn\n|move|p1a: Wo-Chien|Body Press|p2b: Terapagos\n|-activate|p2b: Terapagos|move: Protect\n|\n|-heal|p2b: Terapagos|94/100|[from] Grassy Terrain\n|-heal|p2b: Terapagos|100/100|[from] item: Leftovers\n|-heal|p1b: Illumise|39/100 brn|[from] Grassy Terrain\n|-heal|p1a: Wo-Chien|98/100|[from] Grassy Terrain\n|-heal|p1a: Wo-Chien|100/100|[from] item: Leftovers\n|-damage|p2b: Terapagos|88/100|[from] Leech Seed|[of] p1a: Wo-Chien\n|-damage|p1b: Illumise|33/100 brn|[from] brn\n|-fieldend|move: Grassy Terrain\n|upkeep\n|turn|6\n|\n|t:|1776612247\n|-terastallize|p2b: Terapagos|Stellar\n|detailschange|p2b: Terapagos|Terapagos-Stellar, L50, M, tera:Stellar\n|-heal|p2b: Terapagos|92/100|[silent]\n|move|p1b: Illumise|Tailwind|p1b: Illumise\n|-sidestart|p1: pigduckeater|move: Tailwind\n|move|p1a: Wo-Chien|Body Press|p2b: Terapagos\n|-supereffective|p2b: Terapagos\n|-damage|p2b: Terapagos|39/100\n|move|p2b: Terapagos|Tera Starstorm|p1b: Illumise|[spread] p1a,p1b\n|-damage|p1a: Wo-Chien|70/100\n|-damage|p1b: Illumise|0 fnt\n|faint|p1b: Illumise\n|move|p2a: Ho-Oh|Tailwind|p2a: Ho-Oh\n|-sidestart|p2: Carajo666|move: Tailwind\n|\n|-heal|p2b: Terapagos|45/100|[from] item: Leftovers\n|-heal|p1a: Wo-Chien|76/100|[from] item: Leftovers\n|-damage|p2b: Terapagos|33/100|[from] Leech Seed|[of] p1a: Wo-Chien\n|-heal|p1a: Wo-Chien|92/100|[silent]\n|upkeep\n|\n|t:|1776612266\n|switch|p1b: Miraidon|Miraidon, L50|40/100\n|-fieldstart|move: Electric Terrain|[from] ability: Hadron Engine|[of] p1b: Miraidon\n|turn|7\n|-message|Carajo666 forfeited.\n|\n|win|pigduckeater\n|raw|pigduckeater's rating: 1449 &rarr; <strong>1473</strong><br />(+24 for winning)\n|raw|Carajo666's rating: 1516 &rarr; <strong>1492</strong><br />(-24 for losing)\n|l|\u2606pigduckeater\n|player|p1|\n|l|\u2606Carajo666\n|player|p2|\n","uploadtime":1776612504,"views":8,"formatid":"gen9vgc2026regi","rating":1473,"private":0,"password":null}