{"id":"gen9vgc2026regi-2534602096","format":"[Gen 9] VGC 2026 Reg I","players":["fogdocker","sibylla_system"],"log":"|j|\u2606fogdocker\n|j|\u2606sibylla_system\n|t:|1770443972\n|gametype|doubles\n|player|p1|fogdocker|265|1401\n|player|p2|sibylla_system|1|1481\n|gen|9\n|tier|[Gen 9] VGC 2026 Reg I\n|rated|\n|rule|Species Clause: Limit one of each Pok\u00e9mon\n|rule|Item Clause: Limit 1 of each item\n|clearpoke\n|poke|p1|Terapagos, L50, M|\n|poke|p1|Miraidon, L50|\n|poke|p1|Sinistcha, L50|\n|poke|p1|Incineroar, L50, M|\n|poke|p1|Iron Treads, L50|\n|poke|p1|Urshifu-*, L50, F|\n|poke|p2|Calyrex-Shadow, L50|\n|poke|p2|Zamazenta-*, L50|\n|poke|p2|Raging Bolt, L50|\n|poke|p2|Chien-Pao, L50|\n|poke|p2|Dragonite, L50, F|\n|poke|p2|Rillaboom, L50, M|\n|teampreview|4\n|inactive|Battle timer is ON: inactive players will automatically lose when time's up. (requested by sibylla_system)\n|\n|t:|1770444023\n|teamsize|p1|4\n|teamsize|p2|4\n|start\n|switch|p1a: Terapagos|Terapagos, L50, M|100/100\n|switch|p1b: Miraidon|Miraidon, L50|100/100\n|switch|p2a: Calyrex|Calyrex-Shadow, L50|100/100\n|switch|p2b: Zamazenta|Zamazenta-Crowned, L50, shiny|100/100\n|-activate|p1a: Terapagos|ability: Tera Shift\n|detailschange|p1a: Terapagos|Terapagos-Terastal, L50, M\n|-heal|p1a: Terapagos|100/100|[silent]\n|-ability|p2a: Calyrex|As One\n|-ability|p2a: Calyrex|Unnerve\n|-fieldstart|move: Electric Terrain|[from] ability: Hadron Engine|[of] p1b: Miraidon\n|-enditem|p1a: Terapagos|Electric Seed\n|-boost|p1a: Terapagos|def|1|[from] item: Electric Seed\n|-ability|p2b: Zamazenta|Dauntless Shield|boost\n|-boost|p2b: Zamazenta|def|1\n|turn|1\n|inactive|sibylla_system has 30 seconds left.\n|inactive|sibylla_system has 20 seconds left.\n|\n|t:|1770444059\n|move|p2a: Calyrex|Protect|p2a: Calyrex\n|-singleturn|p2a: Calyrex|Protect\n|move|p2b: Zamazenta|Protect|p2b: Zamazenta\n|-singleturn|p2b: Zamazenta|Protect\n|move|p1a: Terapagos|Protect|p1a: Terapagos\n|-singleturn|p1a: Terapagos|Protect\n|move|p1b: Miraidon|Volt Switch|p2b: Zamazenta\n|-activate|p2b: Zamazenta|move: Protect\n|\n|upkeep\n|turn|2\n|\n|t:|1770444076\n|move|p2a: Calyrex|Psychic|p1a: Terapagos\n|-activate|p1a: Terapagos|ability: Tera Shell\n|-resisted|p1a: Terapagos\n|-damage|p1a: Terapagos|79/100\n|move|p1b: Miraidon|Snarl|p2b: Zamazenta|[spread] p2a,p2b\n|-supereffective|p2a: Calyrex\n|-resisted|p2b: Zamazenta\n|-damage|p2a: Calyrex|18/100\n|-damage|p2b: Zamazenta|94/100\n|-unboost|p2a: Calyrex|spa|1\n|-unboost|p2b: Zamazenta|spa|1\n|move|p2b: Zamazenta|Body Press|p1a: Terapagos\n|-supereffective|p1a: Terapagos\n|-damage|p1a: Terapagos|4/100\n|move|p1a: Terapagos|Earth Power|p2b: Zamazenta\n|-supereffective|p2b: Zamazenta\n|-crit|p2b: Zamazenta\n|-damage|p2b: Zamazenta|35/100\n|\n|upkeep\n|turn|3\n|inactive|sibylla_system has 30 seconds left.\n|inactive|sibylla_system has 20 seconds left.\n|inactive|sibylla_system has 15 seconds left.\n|inactive|sibylla_system has 10 seconds left.\n|inactive|sibylla_system has 5 seconds left.\n|\n|t:|1770444128\n|move|p2b: Zamazenta|Protect|p2b: Zamazenta\n|-singleturn|p2b: Zamazenta|Protect\n|move|p1a: Terapagos|Protect|p1a: Terapagos\n|-singleturn|p1a: Terapagos|Protect\n|move|p2a: Calyrex|Astral Barrage|p1a: Terapagos|[spread] p1b\n|-activate|p1a: Terapagos|move: Protect\n|-crit|p1b: Miraidon\n|-damage|p1b: Miraidon|53/100\n|move|p1b: Miraidon|Volt Switch|p2b: Zamazenta\n|-activate|p2b: Zamazenta|move: Protect\n|\n|upkeep\n|turn|4\n|\n|t:|1770444151\n|move|p2a: Calyrex|Psychic|p1a: Terapagos\n|-crit|p1a: Terapagos\n|-damage|p1a: Terapagos|0 fnt\n|faint|p1a: Terapagos\n|-ability|p2a: Calyrex|Grim Neigh|boost\n|-boost|p2a: Calyrex|spa|1\n|move|p1b: Miraidon|Volt Switch|p2b: Zamazenta\n|-damage|p2b: Zamazenta|0 fnt\n|faint|p2b: Zamazenta\n|\n|t:|1770444158\n|switch|p1b: Iron Treads|Iron Treads, L50|100/100|[from] Volt Switch\n|-activate|p1b: Iron Treads|ability: Quark Drive\n|-start|p1b: Iron Treads|quarkdrivespe\n|\n|upkeep\n|\n|t:|1770444167\n|switch|p2b: Dragonite|Dragonite, L50, F|100/100\n|switch|p1a: Incineroar|Incineroar, L50, M|100/100\n|-ability|p1a: Incineroar|Intimidate|boost\n|-unboost|p2a: Calyrex|atk|1\n|-fail|p2b: Dragonite|unboost|Attack|[from] ability: Inner Focus|[of] p2b: Dragonite\n|turn|5\n|inactive|fogdocker has 30 seconds left.\n|inactive|sibylla_system has 30 seconds left.\n|inactive|sibylla_system has 20 seconds left.\n|\n|t:|1770444202\n|move|p2a: Calyrex|Protect|p2a: Calyrex\n|-singleturn|p2a: Calyrex|Protect\n|move|p1b: Iron Treads|Steel Roller|p2b: Dragonite\n|-damage|p2b: Dragonite|31/100\n|-fieldend|move: Electric Terrain\n|-end|p1b: Iron Treads|Quark Drive\n|-damage|p1b: Iron Treads|91/100|[from] item: Life Orb\n|move|p2b: Dragonite|Low Kick|p1b: Iron Treads\n|-supereffective|p1b: Iron Treads\n|-damage|p1b: Iron Treads|0 fnt\n|faint|p1b: Iron Treads\n|-end|p1b: Iron Treads|Quark Drive|[silent]\n|move|p1a: Incineroar|Knock Off|p2b: Dragonite\n|-damage|p2b: Dragonite|0 fnt\n|-enditem|p2b: Dragonite|Choice Band|[from] move: Knock Off|[of] p1a: Incineroar\n|faint|p2b: Dragonite\n|\n|upkeep\n|\n|t:|1770444216\n|switch|p1b: Miraidon|Miraidon, L50|53/100\n|switch|p2b: Raging Bolt|Raging Bolt, L50|100/100\n|-fieldstart|move: Electric Terrain|[from] ability: Hadron Engine|[of] p1b: Miraidon\n|-enditem|p2b: Raging Bolt|Booster Energy\n|-activate|p2b: Raging Bolt|ability: Protosynthesis|[fromitem]\n|-start|p2b: Raging Bolt|protosynthesisspa\n|turn|6\n|inactive|sibylla_system has 30 seconds left.\n|inactive|sibylla_system has 20 seconds left.\n|\n|t:|1770444253\n|-terastallize|p2b: Raging Bolt|Electric\n|move|p2a: Calyrex|Astral Barrage|p1a: Incineroar|[spread] p1a,p1b\n|-resisted|p1a: Incineroar\n|-damage|p1a: Incineroar|75/100\n|-damage|p1b: Miraidon|24/100\n|move|p1b: Miraidon|Draco Meteor|p2b: Raging Bolt\n|-damage|p2b: Raging Bolt|0 fnt\n|-unboost|p1b: Miraidon|spa|2\n|faint|p2b: Raging Bolt\n|-end|p2b: Raging Bolt|Protosynthesis|[silent]\n|move|p1a: Incineroar|Knock Off|p2a: Calyrex\n|-supereffective|p2a: Calyrex\n|-damage|p2a: Calyrex|0 fnt\n|-enditem|p2a: Calyrex|Focus Sash|[from] move: Knock Off|[of] p1a: Incineroar\n|faint|p2a: Calyrex\n|\n|win|fogdocker\n|raw|fogdocker's rating: 1401 &rarr; <strong>1426</strong><br />(+25 for winning)\n|raw|sibylla_system's rating: 1481 &rarr; <strong>1456</strong><br />(-25 for losing)\n|l|\u2606fogdocker\n|player|p1|\n|l|\u2606sibylla_system\n|player|p2|\n","uploadtime":1770444397,"views":24,"formatid":"gen9vgc2026regi","rating":1426,"private":0,"password":null}