{"id":"gen9vgc2026regi-2551711849","format":"[Gen 9] VGC 2026 Reg I","players":["Freecko99","JPabloSenpai"],"log":"|j|\u2606Freecko99\n|j|\u2606JPabloSenpai\n|t:|1772638652\n|gametype|doubles\n|player|p1|Freecko99|ethan|1233\n|player|p2|JPabloSenpai|iris-gen5bw2|1149\n|gen|9\n|tier|[Gen 9] VGC 2026 Reg I\n|rated|\n|rule|Species Clause: Limit one of each Pok\u00e9mon\n|rule|Item Clause: Limit 1 of each item\n|clearpoke\n|poke|p1|Miraidon, L50|\n|poke|p1|Whimsicott, L50, F|\n|poke|p1|Ogerpon-Cornerstone, L50, F|\n|poke|p1|Farigiraf, L50, F|\n|poke|p1|Iron Hands, L50|\n|poke|p1|Ho-Oh, L50|\n|poke|p2|Electivire, L50, F|\n|poke|p2|Groudon, L50|\n|poke|p2|Scovillain, L50, M|\n|poke|p2|Miraidon, L50|\n|poke|p2|Chi-Yu, L50|\n|poke|p2|Rotom-Wash, L50|\n|teampreview|4\n|inactive|Battle timer is ON: inactive players will automatically lose when time's up. (requested by Freecko99)\n|inactive|JPabloSenpai also wants the timer to be on.\n|inactive|Freecko99 has 60 seconds left.\n|\n|t:|1772638687\n|teamsize|p1|4\n|teamsize|p2|4\n|start\n|switch|p1a: Whimsicott|Whimsicott, L50, F|100/100\n|switch|p1b: Miraidon|Miraidon, L50|100/100\n|switch|p2a: Miraidon|Miraidon, L50, shiny|100/100\n|switch|p2b: Electivire|Electivire, L50, F|100/100\n|-fieldstart|move: Electric Terrain|[from] ability: Hadron Engine|[of] p2a: Miraidon\n|-activate|p1b: Miraidon|ability: Hadron Engine\n|turn|1\n|\n|t:|1772638702\n|-terastallize|p2a: Miraidon|Steel\n|-terastallize|p1b: Miraidon|Fairy\n|move|p1a: Whimsicott|Light Screen|p1a: Whimsicott\n|-sidestart|p1: Freecko99|move: Light Screen\n|move|p2a: Miraidon|Flash Cannon|p1a: Whimsicott\n|-supereffective|p1a: Whimsicott\n|-damage|p1a: Whimsicott|15/100\n|move|p1b: Miraidon|Dazzling Gleam|p2a: Miraidon|[spread] p2a,p2b\n|-resisted|p2a: Miraidon\n|-damage|p2a: Miraidon|71/100\n|-damage|p2b: Electivire|8/100\n|move|p2b: Electivire|Rock Slide|p1a: Whimsicott|[spread] p1a,p1b\n|-damage|p1a: Whimsicott|0 fnt\n|-damage|p1b: Miraidon|71/100\n|faint|p1a: Whimsicott\n|\n|upkeep\n|\n|t:|1772638721\n|switch|p1a: Ho-Oh|Ho-Oh, L50|100/100\n|turn|2\n|\n|t:|1772638737\n|move|p1a: Ho-Oh|Protect|p1a: Ho-Oh\n|-singleturn|p1a: Ho-Oh|Protect\n|move|p2a: Miraidon|Flash Cannon|p1b: Miraidon\n|-supereffective|p1b: Miraidon\n|-damage|p1b: Miraidon|0 fnt\n|faint|p1b: Miraidon\n|move|p2b: Electivire|Rock Slide|p1a: Ho-Oh\n|-activate|p1a: Ho-Oh|move: Protect\n|\n|upkeep\n|\n|t:|1772638745\n|switch|p1b: Ogerpon|Ogerpon-Cornerstone, L50, F|100/100\n|turn|3\n|\n|t:|1772638763\n|move|p2a: Miraidon|Flash Cannon|p1b: Ogerpon\n|-supereffective|p1b: Ogerpon\n|-ability|p1b: Ogerpon|Sturdy\n|-damage|p1b: Ogerpon|1/100\n|-unboost|p1b: Ogerpon|spd|1\n|move|p1b: Ogerpon|Ivy Cudgel|p2b: Electivire|[anim] Ivy Cudgel Rock\n|-damage|p2b: Electivire|0 fnt\n|faint|p2b: Electivire\n|move|p1a: Ho-Oh|Sacred Fire|p2a: Miraidon\n|-supereffective|p2a: Miraidon\n|-damage|p2a: Miraidon|0 fnt\n|faint|p2a: Miraidon\n|\n|upkeep\n|\n|t:|1772638772\n|switch|p2a: Groudon|Groudon, L50|100/100\n|switch|p2b: Scovillain|Scovillain, L50, M|100/100\n|-weather|SunnyDay|[from] ability: Drought|[of] p2a: Groudon\n|turn|4\n|inactive|Freecko99 has 30 seconds left.\n|inactive|Freecko99 has 20 seconds left.\n|\n|t:|1772638811\n|move|p1b: Ogerpon|Spiky Shield|p1b: Ogerpon\n|-singleturn|p1b: Ogerpon|move: Protect\n|move|p2b: Scovillain|Giga Drain|p1b: Ogerpon\n|-activate|p1b: Ogerpon|move: Protect\n|move|p1a: Ho-Oh|Brave Bird|p2b: Scovillain\n|-supereffective|p2b: Scovillain\n|-damage|p2b: Scovillain|0 fnt\n|faint|p2b: Scovillain\n|-damage|p1a: Ho-Oh|78/100|[from] Recoil\n|move|p2a: Groudon|Rock Slide|p1a: Ho-Oh|[spread] p1a\n|-activate|p1b: Ogerpon|move: Protect\n|-supereffective|p1a: Ho-Oh\n|-damage|p1a: Ho-Oh|0 fnt\n|faint|p1a: Ho-Oh\n|\n|-weather|SunnyDay|[upkeep]\n|upkeep\n|turn|5\n|\n|t:|1772638829\n|move|p1b: Ogerpon|Wood Hammer|p2a: Groudon\n|-supereffective|p2a: Groudon\n|-damage|p2a: Groudon|1/100\n|-damage|p1b: Ogerpon|0 fnt|[from] Recoil\n|faint|p1b: Ogerpon\n|\n|win|JPabloSenpai\n|raw|Freecko99's rating: 1233 &rarr; <strong>1202</strong><br />(-31 for losing)\n|raw|JPabloSenpai's rating: 1149 &rarr; <strong>1180</strong><br />(+31 for winning)\n|c|\u2606Freecko99|...\n|c|\u2606Freecko99|lol\n|l|\u2606JPabloSenpai\n|player|p2|\n|l|\u2606Freecko99\n|player|p1|\n","uploadtime":1772639084,"views":13,"formatid":"gen9vgc2026regi","rating":1180,"private":0,"password":null}