{"id":"gen9vgc2026regi-2551449580","format":"[Gen 9] VGC 2026 Reg I","players":["I\u2764\ufe0f\u5a1c\u7984forever","teamtestser101"],"log":"|j|\u2606I\u2764\ufe0f\u5a1c\u7984forever\n|j|\u2606teamtestser101\n|t:|1772603497\n|gametype|doubles\n|player|p1|I\u2764\ufe0f\u5a1c\u7984forever|youngcouple-gen4dp|1416\n|player|p2|teamtestser101|hilbert|1316\n|gen|9\n|tier|[Gen 9] VGC 2026 Reg I\n|rated|\n|rule|Species Clause: Limit one of each Pok\u00e9mon\n|rule|Item Clause: Limit 1 of each item\n|clearpoke\n|poke|p1|Groudon, L50|\n|poke|p1|Kyurem-White, L50|\n|poke|p1|Heatran, L50, M|\n|poke|p1|Whimsicott, L50, M|\n|poke|p1|Roaring Moon, L50|\n|poke|p1|Ditto, L50|\n|poke|p2|Brute Bonnet, L50|\n|poke|p2|Lunala, L50|\n|poke|p2|Ursaluna, L50, M|\n|poke|p2|Chi-Yu, L50|\n|poke|p2|Koraidon, L50|\n|poke|p2|Flutter Mane, L50|\n|teampreview|4\n|\n|t:|1772603548\n|teamsize|p1|4\n|teamsize|p2|4\n|start\n|switch|p1a: Kyurem|Kyurem-White, L50|100/100\n|switch|p1b: Heatran|Heatran, L50, M|100/100\n|switch|p2a: BLACK REAPER|Lunala, L50, shiny|100/100\n|switch|p2b: Edgy boi|Brute Bonnet, L50|100/100\n|-ability|p1a: Kyurem|Turboblaze\n|turn|1\n|inactive|Battle timer is ON: inactive players will automatically lose when time's up. (requested by teamtestser101)\n|\n|t:|1772603562\n|-terastallize|p2b: Edgy boi|Water\n|move|p2b: Edgy boi|Rage Powder|p2b: Edgy boi\n|-singleturn|p2b: Edgy boi|move: Rage Powder\n|move|p1a: Kyurem|Blizzard|p2a: BLACK REAPER|[spread] p2a,p2b\n|-resisted|p2b: Edgy boi\n|-damage|p2a: BLACK REAPER|83/100\n|-damage|p2b: Edgy boi|79/100\n|-status|p2a: BLACK REAPER|frz\n|move|p1b: Heatran|Substitute|p1b: Heatran\n|-start|p1b: Heatran|Substitute\n|-damage|p1b: Heatran|76/100\n|cant|p2a: BLACK REAPER|frz\n|\n|-heal|p1b: Heatran|82/100|[from] item: Leftovers\n|upkeep\n|turn|2\n|\n|t:|1772603586\n|cant|p2a: BLACK REAPER|frz\n|move|p1a: Kyurem|Blizzard|p2b: Edgy boi|[spread] p2a,p2b\n|-resisted|p2b: Edgy boi\n|-damage|p2a: BLACK REAPER|48/100 frz\n|-damage|p2b: Edgy boi|58/100\n|move|p1b: Heatran|Heat Wave|p2a: BLACK REAPER|[spread] p2a,p2b\n|-resisted|p2b: Edgy boi\n|-damage|p2a: BLACK REAPER|26/100 frz\n|-damage|p2b: Edgy boi|45/100\n|-status|p2b: Edgy boi|brn\n|-curestatus|p2a: BLACK REAPER|frz|[msg]\n|-enditem|p2b: Edgy boi|Sitrus Berry|[eat]\n|-heal|p2b: Edgy boi|69/100 brn|[from] item: Sitrus Berry\n|move|p2b: Edgy boi|Spore|p1a: Kyurem\n|-status|p1a: Kyurem|slp|[from] move: Spore\n|\n|-heal|p1b: Heatran|88/100|[from] item: Leftovers\n|-damage|p2b: Edgy boi|63/100 brn|[from] brn\n|upkeep\n|turn|3\n|inactive|teamtestser101 has 30 seconds left.\n|\n|t:|1772603620\n|-end|p2b: Edgy boi|Protosynthesis|[silent]\n|switch|p2b: NISHIKI|Ursaluna, L50, M|100/100\n|cant|p1a: Kyurem|slp\n|move|p1b: Heatran|Heat Wave|p2b: NISHIKI|[spread] p2a,p2b\n|-damage|p2a: BLACK REAPER|2/100\n|-damage|p2b: NISHIKI|67/100\n|move|p2a: BLACK REAPER|Trick Room|p2a: BLACK REAPER\n|-fieldstart|move: Trick Room|[of] p2a: BLACK REAPER\n|\n|-heal|p1b: Heatran|94/100|[from] item: Leftovers\n|-status|p2b: NISHIKI|brn|[from] item: Flame Orb\n|upkeep\n|turn|4\n|\n|t:|1772603637\n|move|p1b: Heatran|Protect|p1b: Heatran\n|-singleturn|p1b: Heatran|Protect\n|move|p2a: BLACK REAPER|Wide Guard|p2a: BLACK REAPER\n|-singleturn|p2a: BLACK REAPER|Wide Guard\n|move|p2b: NISHIKI|Earthquake|p1b: Heatran|[spread] p1a\n|-activate|p2a: BLACK REAPER|move: Wide Guard\n|-activate|p1b: Heatran|move: Protect\n|-damage|p1a: Kyurem|43/100 slp\n|cant|p1a: Kyurem|slp\n|\n|-heal|p1b: Heatran|99/100|[from] item: Leftovers\n|-damage|p2b: NISHIKI|61/100 brn|[from] brn\n|upkeep\n|turn|5\n|\n|t:|1772603653\n|move|p2a: BLACK REAPER|Wide Guard|p2a: BLACK REAPER\n|-singleturn|p2a: BLACK REAPER|Wide Guard\n|move|p2b: NISHIKI|Earthquake|p1a: Kyurem|[spread] p1a,p1b\n|-activate|p2a: BLACK REAPER|move: Wide Guard\n|-supereffective|p1b: Heatran\n|-end|p1b: Heatran|Substitute\n|-damage|p1a: Kyurem|0 fnt\n|faint|p1a: Kyurem\n|move|p1b: Heatran|Earth Power|p2a: BLACK REAPER\n|-damage|p2a: BLACK REAPER|0 fnt\n|faint|p2a: BLACK REAPER\n|\n|-heal|p1b: Heatran|100/100|[from] item: Leftovers\n|-damage|p2b: NISHIKI|55/100 brn|[from] brn\n|upkeep\n|\n|t:|1772603665\n|switch|p1a: Ditto|Ditto, L50|100/100\n|switch|p2a: Edgy boi|Brute Bonnet, L50, tera:Water|63/100 brn\n|-transform|p1a: Ditto|p2b: NISHIKI|[from] ability: Imposter\n|turn|6\n|inactive|teamtestser101 has 30 seconds left.\n|\n|t:|1772603695\n|move|p2b: NISHIKI|Protect|p2b: NISHIKI\n|-singleturn|p2b: NISHIKI|Protect\n|move|p1b: Heatran|Protect|p1b: Heatran\n|-singleturn|p1b: Heatran|Protect\n|move|p1a: Ditto|Headlong Rush|p2b: NISHIKI\n|-activate|p2b: NISHIKI|move: Protect\n|move|p2a: Edgy boi|Spore|p1a: Ditto\n|-status|p1a: Ditto|slp|[from] move: Spore\n|\n|-damage|p2b: NISHIKI|49/100 brn|[from] brn\n|-damage|p2a: Edgy boi|57/100 brn|[from] brn\n|upkeep\n|turn|7\n|inactive|I\u2764\ufe0f\u5a1c\u7984forever has 30 seconds left.\n|\n|t:|1772603721\n|switch|p1b: Groudon|Groudon, L50|100/100\n|-weather|SunnyDay|[from] ability: Drought|[of] p1b: Groudon\n|-activate|p2a: Edgy boi|ability: Protosynthesis\n|-start|p2a: Edgy boi|protosynthesisdef\n|cant|p1a: Ditto|slp\n|move|p2b: NISHIKI|Earthquake|p1a: Ditto|[spread] p2a,p1a,p1b\n|-damage|p2a: Edgy boi|23/100 brn\n|-damage|p1a: Ditto|25/100 slp\n|-damage|p1b: Groudon|57/100\n|move|p2a: Edgy boi|Spore|p1b: Groudon\n|-status|p1b: Groudon|slp|[from] move: Spore\n|\n|-weather|SunnyDay|[upkeep]\n|-damage|p2b: NISHIKI|44/100 brn|[from] brn\n|-damage|p2a: Edgy boi|17/100 brn|[from] brn\n|-fieldend|move: Trick Room\n|upkeep\n|turn|8\n|\n|t:|1772603738\n|cant|p1b: Groudon|slp\n|move|p2a: Edgy boi|Seed Bomb|p1b: Groudon\n|-supereffective|p1b: Groudon\n|-damage|p1b: Groudon|36/100 slp\n|move|p2b: NISHIKI|Earthquake|p1b: Groudon|[spread] p2a,p1a,p1b\n|-damage|p2a: Edgy boi|0 fnt\n|-damage|p1a: Ditto|0 fnt\n|-damage|p1b: Groudon|0 fnt\n|faint|p2a: Edgy boi\n|-end|p2a: Edgy boi|Protosynthesis|[silent]\n|faint|p1a: Ditto\n|faint|p1b: Groudon\n|\n|-weather|SunnyDay|[upkeep]\n|-damage|p2b: NISHIKI|38/100 brn|[from] brn\n|upkeep\n|\n|t:|1772603749\n|switch|p1b: Heatran|Heatran, L50, M|100/100\n|switch|p2a: SHU TSUKIYAMA|Koraidon, L50|100/100\n|-activate|p2a: SHU TSUKIYAMA|ability: Orichalcum Pulse\n|turn|9\n|\n|t:|1772603758\n|-terastallize|p1b: Heatran|Fire\n|move|p2a: SHU TSUKIYAMA|Close Combat|p1b: Heatran\n|-damage|p1b: Heatran|6/100\n|-unboost|p2a: SHU TSUKIYAMA|def|1\n|-unboost|p2a: SHU TSUKIYAMA|spd|1\n|-damage|p2a: SHU TSUKIYAMA|91/100|[from] item: Life Orb\n|move|p1b: Heatran|Heat Wave|p2a: SHU TSUKIYAMA|[spread] p2a,p2b\n|-resisted|p2a: SHU TSUKIYAMA\n|-damage|p2a: SHU TSUKIYAMA|31/100\n|-damage|p2b: NISHIKI|0 fnt\n|faint|p2b: NISHIKI\n|\n|-weather|SunnyDay|[upkeep]\n|-heal|p1b: Heatran|12/100|[from] item: Leftovers\n|upkeep\n|turn|10\n|\n|t:|1772603772\n|move|p1b: Heatran|Protect|p1b: Heatran\n|-singleturn|p1b: Heatran|Protect\n|move|p2a: SHU TSUKIYAMA|Close Combat|p1b: Heatran\n|-activate|p1b: Heatran|move: Protect\n|\n|-weather|SunnyDay|[upkeep]\n|-heal|p1b: Heatran|18/100|[from] item: Leftovers\n|upkeep\n|turn|11\n|\n|t:|1772603779\n|move|p2a: SHU TSUKIYAMA|Close Combat|p1b: Heatran\n|-damage|p1b: Heatran|0 fnt\n|-unboost|p2a: SHU TSUKIYAMA|def|1\n|-unboost|p2a: SHU TSUKIYAMA|spd|1\n|faint|p1b: Heatran\n|-damage|p2a: SHU TSUKIYAMA|22/100|[from] item: Life Orb\n|\n|win|teamtestser101\n|raw|I\u2764\ufe0f\u5a1c\u7984forever's rating: 1416 &rarr; <strong>1390</strong><br />(-26 for losing)\n|raw|teamtestser101's rating: 1316 &rarr; <strong>1342</strong><br />(+26 for winning)\n|l|\u2606I\u2764\ufe0f\u5a1c\u7984forever\n|player|p1|\n","uploadtime":1772603789,"views":20,"formatid":"gen9vgc2026regi","rating":1342,"private":0,"password":null}