{"id":"gen9vgc2026regi-2560270496","format":"[Gen 9] VGC 2026 Reg I","players":["sleemo2","mlm2016"],"log":"|j|\u2606sleemo2\n|j|\u2606mlm2016\n|t:|1773672538\n|gametype|doubles\n|player|p1|sleemo2|acetrainerf|1475\n|player|p2|mlm2016|170|1383\n|gen|9\n|tier|[Gen 9] VGC 2026 Reg I\n|rated|\n|rule|Species Clause: Limit one of each Pok\u00e9mon\n|rule|Item Clause: Limit 1 of each item\n|clearpoke\n|poke|p1|Dialga-Origin, L50|\n|poke|p1|Incineroar, L50, M|\n|poke|p1|Miraidon, L50|\n|poke|p1|Urshifu-*, L50, F|\n|poke|p1|Whimsicott, L50, F|\n|poke|p1|Ursaluna, L50, F|\n|poke|p2|Brute Bonnet, L50|\n|poke|p2|Lunala, L50|\n|poke|p2|Ursaluna, L50, M|\n|poke|p2|Chi-Yu, L50|\n|poke|p2|Koraidon, L50|\n|poke|p2|Flutter Mane, L50|\n|teampreview|4\n|inactive|Battle timer is ON: inactive players will automatically lose when time's up. (requested by mlm2016)\n|\n|t:|1773672562\n|teamsize|p1|4\n|teamsize|p2|4\n|start\n|switch|p1a: Miraidon|Miraidon, L50, shiny|100/100\n|switch|p1b: Dialga|Dialga-Origin, L50|100/100\n|switch|p2a: Flutter Mane|Flutter Mane, L50|100/100\n|switch|p2b: Koraidon|Koraidon, L50|100/100\n|-weather|SunnyDay|[from] ability: Orichalcum Pulse|[of] p2b: Koraidon\n|-activate|p2a: Flutter Mane|ability: Protosynthesis\n|-start|p2a: Flutter Mane|protosynthesisspe\n|-activate|p2b: Koraidon|Orichalcum Pulse|[source]\n|-fieldstart|move: Electric Terrain|[from] ability: Hadron Engine|[of] p1a: Miraidon\n|turn|1\n|\n|t:|1773672580\n|switch|p1a: Incineroar|Incineroar, L50, M|100/100\n|-ability|p1a: Incineroar|Intimidate|boost\n|-unboost|p2a: Flutter Mane|atk|1\n|-unboost|p2b: Koraidon|atk|1\n|-terastallize|p2b: Koraidon|Fire\n|-terastallize|p1b: Dialga|Ghost\n|move|p2a: Flutter Mane|Icy Wind|p1a: Incineroar|[spread] p1a,p1b\n|-resisted|p1a: Incineroar\n|-damage|p1a: Incineroar|96/100\n|-damage|p1b: Dialga|88/100\n|-unboost|p1a: Incineroar|spe|1\n|-unboost|p1b: Dialga|spe|1\n|move|p2b: Koraidon|Close Combat|p1b: Dialga\n|-immune|p1b: Dialga\n|move|p1b: Dialga|Trick Room|p1b: Dialga\n|-fieldstart|move: Trick Room|[of] p1b: Dialga\n|\n|-weather|SunnyDay|[upkeep]\n|upkeep\n|turn|2\n|inactive|sleemo2 has 30 seconds left.\n|\n|t:|1773672608\n|move|p2b: Koraidon|Protect|p2b: Koraidon\n|-singleturn|p2b: Koraidon|Protect\n|move|p1a: Incineroar|Knock Off|p2b: Koraidon\n|-activate|p2b: Koraidon|move: Protect\n|move|p1b: Dialga|Flash Cannon|p2a: Flutter Mane\n|-supereffective|p2a: Flutter Mane\n|-enditem|p2a: Flutter Mane|Focus Sash\n|-damage|p2a: Flutter Mane|1/100\n|move|p2a: Flutter Mane|Shadow Ball|p1b: Dialga\n|-supereffective|p1b: Dialga\n|-damage|p1b: Dialga|27/100\n|\n|-weather|SunnyDay|[upkeep]\n|upkeep\n|turn|3\n|inactive|sleemo2 has 30 seconds left.\n|\n|t:|1773672638\n|switch|p2b: Lunala|Lunala, L50|100/100\n|move|p1a: Incineroar|U-turn|p2a: Flutter Mane\n|-resisted|p2a: Flutter Mane\n|-damage|p2a: Flutter Mane|0 fnt\n|faint|p2a: Flutter Mane\n|-end|p2a: Flutter Mane|Protosynthesis|[silent]\n|\n|t:|1773672646\n|switch|p1a: Miraidon|Miraidon, L50, shiny|100/100|[from] U-turn\n|-activate|p1a: Miraidon|ability: Hadron Engine\n|move|p1b: Dialga|Dragon Pulse|p2b: Lunala\n|-damage|p2b: Lunala|81/100\n|\n|-weather|SunnyDay|[upkeep]\n|upkeep\n|\n|t:|1773672655\n|switch|p2a: Ursaluna|Ursaluna, L50, M|100/100\n|turn|4\n|\n|t:|1773672672\n|switch|p1a: Incineroar|Incineroar, L50, M|96/100\n|-ability|p1a: Incineroar|Intimidate|boost\n|-unboost|p2a: Ursaluna|atk|1\n|-unboost|p2b: Lunala|atk|1\n|move|p2a: Ursaluna|Headlong Rush|p1a: Incineroar\n|-supereffective|p1a: Incineroar\n|-damage|p1a: Incineroar|0 fnt\n|-unboost|p2a: Ursaluna|def|1\n|-unboost|p2a: Ursaluna|spd|1\n|faint|p1a: Incineroar\n|move|p1b: Dialga|Dragon Pulse|p2b: Lunala\n|-damage|p2b: Lunala|41/100\n|move|p2b: Lunala|Meteor Beam||[still]\n|-prepare|p2b: Lunala|Meteor Beam\n|-boost|p2b: Lunala|spa|1\n|-enditem|p2b: Lunala|Power Herb\n|-anim|p2b: Lunala|Meteor Beam|p1b: Dialga\n|-crit|p1b: Dialga\n|-damage|p1b: Dialga|0 fnt\n|faint|p1b: Dialga\n|\n|-weather|SunnyDay|[upkeep]\n|-status|p2a: Ursaluna|brn|[from] item: Flame Orb\n|upkeep\n|\n|t:|1773672686\n|switch|p1a: Whimsicott|Whimsicott, L50, F|100/100\n|switch|p1b: Miraidon|Miraidon, L50, shiny|100/100\n|-activate|p1b: Miraidon|ability: Hadron Engine\n|turn|5\n|inactive|mlm2016 has 30 seconds left.\n|\n|t:|1773672719\n|move|p1a: Whimsicott|Encore|p2b: Lunala\n|-start|p2b: Lunala|Encore\n|move|p2a: Ursaluna|Headlong Rush|p1b: Miraidon\n|-supereffective|p1b: Miraidon\n|-damage|p1b: Miraidon|0 fnt\n|-unboost|p2a: Ursaluna|def|1\n|-unboost|p2a: Ursaluna|spd|1\n|faint|p1b: Miraidon\n|move|p2b: Lunala|Meteor Beam||[still]\n|-prepare|p2b: Lunala|Meteor Beam\n|-boost|p2b: Lunala|spa|1\n|\n|-weather|none\n|-damage|p2a: Ursaluna|95/100 brn|[from] brn\n|-fieldend|move: Trick Room\n|-fieldend|move: Electric Terrain\n|upkeep\n|turn|6\n|-message|sleemo2 forfeited.\n|\n|win|mlm2016\n|raw|sleemo2's rating: 1475 &rarr; <strong>1450</strong><br />(-25 for losing)\n|raw|mlm2016's rating: 1383 &rarr; <strong>1408</strong><br />(+25 for winning)\n|l|\u2606sleemo2\n|player|p1|\n|l|\u2606mlm2016\n|player|p2|\n","uploadtime":1773672933,"views":11,"formatid":"gen9vgc2026regi","rating":1408,"private":0,"password":null}