{"id":"gen9vgc2026regi-2573583456","format":"[Gen 9] VGC 2026 Reg I","players":["Hazweioh","LechonkBro"],"log":"|j|\u2606Hazweioh\n|j|\u2606LechonkBro\n|t:|1775148602\n|gametype|doubles\n|player|p1|Hazweioh|169|1428\n|player|p2|LechonkBro|266|1492\n|gen|9\n|tier|[Gen 9] VGC 2026 Reg I\n|rated|\n|rule|Species Clause: Limit one of each Pok\u00e9mon\n|rule|Item Clause: Limit 1 of each item\n|clearpoke\n|poke|p1|Calyrex-Shadow, L50|\n|poke|p1|Koraidon, L50|\n|poke|p1|Rillaboom, L50, M|\n|poke|p1|Incineroar, L50, F|\n|poke|p1|Volcarona, L50, M|\n|poke|p1|Regieleki, L50|\n|poke|p2|Chien-Pao, L50|\n|poke|p2|Calyrex-Shadow, L50|\n|poke|p2|Dondozo, L50, F|\n|poke|p2|Zamazenta-*, L50|\n|poke|p2|Dragonite, L50, M|\n|poke|p2|Tatsugiri, L50, M|\n|teampreview|4\n|inactive|Battle timer is ON: inactive players will automatically lose when time's up. (requested by LechonkBro)\n|inactive|Hazweioh has 60 seconds left.\n|\n|t:|1775148641\n|teamsize|p1|4\n|teamsize|p2|4\n|start\n|switch|p1a: Calyrex|Calyrex-Shadow, L50|100/100\n|switch|p1b: Incineroar|Incineroar, L50, F, shiny|100/100\n|switch|p2a: Calyrex|Calyrex-Shadow, L50|100/100\n|switch|p2b: Dragonite|Dragonite, L50, M|100/100\n|-ability|p2a: Calyrex|As One\n|-ability|p2a: Calyrex|Unnerve\n|-ability|p1a: Calyrex|As One\n|-ability|p1a: Calyrex|Unnerve\n|-ability|p1b: Incineroar|Intimidate|boost\n|-unboost|p2a: Calyrex|atk|1\n|-fail|p2b: Dragonite|unboost|Attack|[from] ability: Inner Focus|[of] p2b: Dragonite\n|turn|1\n|\n|t:|1775148663\n|switch|p2a: Zamazenta|Zamazenta-Crowned, L50|100/100\n|-ability|p2a: Zamazenta|Dauntless Shield|boost\n|-boost|p2a: Zamazenta|def|1\n|-terastallize|p2b: Dragonite|Normal\n|move|p1a: Calyrex|Protect|p1a: Calyrex\n|-singleturn|p1a: Calyrex|Protect\n|move|p2b: Dragonite|Extreme Speed|p1b: Incineroar\n|-damage|p1b: Incineroar|45/100\n|move|p1b: Incineroar|Roar|p2a: Zamazenta\n|drag|p2a: Chien-Pao|Chien-Pao, L50|100/100\n|-ability|p2a: Chien-Pao|Sword of Ruin\n|\n|upkeep\n|turn|2\n|inactive|Hazweioh has 30 seconds left.\n|c|\u2606LechonkBro|lol\n|inactive|Hazweioh has 20 seconds left.\n|\n|t:|1775148702\n|switch|p1b: Rillaboom|Rillaboom, L50, M, shiny|100/100\n|-fieldstart|move: Grassy Terrain|[from] ability: Grassy Surge|[of] p1b: Rillaboom\n|-terastallize|p1a: Calyrex|Dark\n|move|p2b: Dragonite|Extreme Speed|p1b: Rillaboom\n|-damage|p1b: Rillaboom|0 fnt\n|faint|p1b: Rillaboom\n|move|p1a: Calyrex|Astral Barrage|p2b: Dragonite|[spread] p2a\n|-immune|p2b: Dragonite\n|-resisted|p2a: Chien-Pao\n|-damage|p2a: Chien-Pao|44/100\n|-damage|p1a: Calyrex|91/100|[from] item: Life Orb\n|move|p2a: Chien-Pao|Ice Spinner|p1a: Calyrex\n|-damage|p1a: Calyrex|33/100\n|-fieldend|move: Grassy Terrain\n|\n|upkeep\n|\n|t:|1775148720\n|switch|p1b: Incineroar|Incineroar, L50, F, shiny|45/100\n|-ability|p1b: Incineroar|Intimidate|boost\n|-unboost|p2a: Chien-Pao|atk|1\n|-fail|p2b: Dragonite|unboost|Attack|[from] ability: Inner Focus|[of] p2b: Dragonite\n|turn|3\n|\n|t:|1775148731\n|switch|p2a: Zamazenta|Zamazenta-Crowned, L50|100/100\n|move|p2b: Dragonite|Extreme Speed|p1a: Calyrex\n|-damage|p1a: Calyrex|0 fnt\n|faint|p1a: Calyrex\n|move|p1b: Incineroar|Knock Off|p2b: Dragonite\n|-damage|p2b: Dragonite|60/100\n|-enditem|p2b: Dragonite|Choice Band|[from] move: Knock Off|[of] p1b: Incineroar\n|\n|upkeep\n|\n|t:|1775148736\n|switch|p1a: Regieleki|Regieleki, L50, shiny|100/100\n|turn|4\n|\n|t:|1775148744\n|move|p2b: Dragonite|Extreme Speed|p1a: Regieleki\n|-damage|p1a: Regieleki|3/100\n|move|p1a: Regieleki|Thunderbolt|p2b: Dragonite\n|-damage|p2b: Dragonite|13/100\n|move|p2a: Zamazenta|Body Press|p1b: Incineroar\n|-supereffective|p1b: Incineroar\n|-damage|p1b: Incineroar|0 fnt\n|faint|p1b: Incineroar\n|\n|upkeep\n|turn|5\n|-message|Hazweioh forfeited.\n|\n|win|LechonkBro\n|raw|Hazweioh's rating: 1428 &rarr; <strong>1412</strong><br />(-16 for losing)\n|raw|LechonkBro's rating: 1492 &rarr; <strong>1508</strong><br />(+16 for winning)\n|l|\u2606Hazweioh\n|player|p1|\n|l|\u2606LechonkBro\n|player|p2|\n","uploadtime":1775148921,"views":17,"formatid":"gen9vgc2026regi","rating":1412,"private":0,"password":null}