{"id":"gen9vgc2026regi-2516359616","format":"[Gen 9] VGC 2026 Reg I","players":["fogdocker","ricer33"],"log":"|j|\u2606fogdocker\n|j|\u2606ricer33\n|t:|1768128078\n|gametype|doubles\n|player|p1|fogdocker|102|1259\n|player|p2|ricer33|marley|1369\n|gen|9\n|tier|[Gen 9] VGC 2026 Reg I\n|rated|\n|rule|Species Clause: Limit one of each Pok\u00e9mon\n|rule|Item Clause: Limit 1 of each item\n|clearpoke\n|poke|p1|Koraidon, L50|\n|poke|p1|Flutter Mane, L50|\n|poke|p1|Calyrex-Ice, L50|\n|poke|p1|Incineroar, L50, M|\n|poke|p1|Rillaboom, L50, F|\n|poke|p1|Amoonguss, L50, M|\n|poke|p2|Indeedee-F, L50, F|\n|poke|p2|Pelipper, L50, F|\n|poke|p2|Kyogre, L50|\n|poke|p2|Volcarona, L50, F|\n|poke|p2|Calyrex-Ice, L50|\n|poke|p2|Smeargle, L50, F|\n|teampreview|4\n|\n|t:|1768128121\n|teamsize|p1|4\n|teamsize|p2|4\n|start\n|switch|p1a: Incineroar|Incineroar, L50, M|100/100\n|switch|p1b: Calyrex|Calyrex-Ice, L50|100/100\n|switch|p2a: Calyrex|Calyrex-Ice, L50|100/100\n|switch|p2b: Volcarona|Volcarona, L50, F, shiny|100/100\n|-ability|p2a: Calyrex|As One\n|-ability|p2a: Calyrex|Unnerve\n|-ability|p1b: Calyrex|As One\n|-ability|p1b: Calyrex|Unnerve\n|-ability|p1a: Incineroar|Intimidate|boost\n|-unboost|p2a: Calyrex|atk|1\n|-unboost|p2b: Volcarona|atk|1\n|turn|1\n|\n|t:|1768128143\n|-terastallize|p1b: Calyrex|Water\n|move|p2b: Volcarona|Protect|p2b: Volcarona\n|-singleturn|p2b: Volcarona|Protect\n|move|p2a: Calyrex|Crunch|p1b: Calyrex\n|-damage|p1b: Calyrex|88/100\n|-unboost|p1b: Calyrex|def|1\n|move|p1a: Incineroar|Knock Off|p2b: Volcarona\n|-activate|p2b: Volcarona|move: Protect\n|move|p1b: Calyrex|Leech Seed|p2a: Calyrex\n|-start|p2a: Calyrex|move: Leech Seed\n|\n|-heal|p1b: Calyrex|94/100|[from] item: Leftovers\n|-damage|p2a: Calyrex|88/100|[from] Leech Seed|[of] p1b: Calyrex\n|-heal|p1b: Calyrex|100/100|[silent]\n|upkeep\n|turn|2\n|\n|t:|1768128165\n|move|p2b: Volcarona|Heat Wave|p1b: Calyrex|[spread] p1b\n|-miss|p2b: Volcarona|p1a: Incineroar\n|-resisted|p1b: Calyrex\n|-damage|p1b: Calyrex|85/100\n|-damage|p2b: Volcarona|91/100|[from] item: Life Orb\n|move|p2a: Calyrex|Seed Bomb|p1b: Calyrex\n|-supereffective|p1b: Calyrex\n|-damage|p1b: Calyrex|50/100\n|move|p1a: Incineroar|Parting Shot|p2a: Calyrex\n|-unboost|p2a: Calyrex|atk|1\n|-unboost|p2a: Calyrex|spa|1\n|\n|t:|1768128176\n|switch|p1a: Rillaboom|Rillaboom, L50, F|100/100|[from] Parting Shot\n|-fieldstart|move: Grassy Terrain|[from] ability: Grassy Surge|[of] p1a: Rillaboom\n|move|p1b: Calyrex|Leech Seed|p2b: Volcarona\n|-start|p2b: Volcarona|move: Leech Seed\n|\n|-heal|p2b: Volcarona|97/100|[from] Grassy Terrain\n|-heal|p2a: Calyrex|94/100|[from] Grassy Terrain\n|-heal|p1b: Calyrex|56/100|[from] Grassy Terrain\n|-heal|p1b: Calyrex|62/100|[from] item: Leftovers\n|-damage|p2b: Volcarona|85/100|[from] Leech Seed|[of] p1b: Calyrex\n|-heal|p1b: Calyrex|72/100|[silent]\n|-damage|p2a: Calyrex|82/100|[from] Leech Seed|[of] p1b: Calyrex\n|-heal|p1b: Calyrex|84/100|[silent]\n|upkeep\n|turn|3\n|j| Kelsabsol\n|\n|t:|1768128192\n|switch|p2a: Indeedee|Indeedee-F, L50, F|100/100\n|-fieldstart|move: Psychic Terrain|[from] ability: Psychic Surge|[of] p2a: Indeedee\n|-enditem|p2a: Indeedee|Psychic Seed\n|-boost|p2a: Indeedee|spd|1|[from] item: Psychic Seed\n|move|p1a: Rillaboom|Fake Out|p2a: Indeedee\n|-activate|p2a: Indeedee|move: Psychic Terrain\n|move|p2b: Volcarona|Overheat|p1a: Rillaboom\n|-supereffective|p1a: Rillaboom\n|-damage|p1a: Rillaboom|3/100\n|-unboost|p2b: Volcarona|spa|2\n|-damage|p2b: Volcarona|75/100|[from] item: Life Orb\n|move|p1b: Calyrex|Leech Seed||[still]\n|-fail|p1b: Calyrex\n|\n|-heal|p1b: Calyrex|90/100|[from] item: Leftovers\n|-damage|p2b: Volcarona|63/100|[from] Leech Seed|[of] p1b: Calyrex\n|-heal|p1b: Calyrex|99/100|[silent]\n|upkeep\n|turn|4\n|\n|t:|1768128213\n|switch|p2b: Calyrex|Calyrex-Ice, L50|82/100\n|-ability|p2b: Calyrex|As One\n|-ability|p2b: Calyrex|Unnerve\n|switch|p1a: Incineroar|Incineroar, L50, M|100/100\n|-ability|p1a: Incineroar|Intimidate|boost\n|-unboost|p2a: Indeedee|atk|1\n|-unboost|p2b: Calyrex|atk|1\n|move|p2a: Indeedee|Psychic|p1a: Incineroar\n|-immune|p1a: Incineroar\n|move|p1b: Calyrex|Leech Seed|p2a: Indeedee\n|-start|p2a: Indeedee|move: Leech Seed\n|\n|-heal|p1b: Calyrex|100/100|[from] item: Leftovers\n|-damage|p2a: Indeedee|88/100|[from] Leech Seed|[of] p1b: Calyrex\n|upkeep\n|turn|5\n|\n|t:|1768128239\n|switch|p2a: Volcarona|Volcarona, L50, F, shiny|63/100\n|move|p2b: Calyrex|Seed Bomb|p1b: Calyrex\n|-supereffective|p1b: Calyrex\n|-damage|p1b: Calyrex|67/100\n|move|p1a: Incineroar|Knock Off|p2a: Volcarona\n|-damage|p2a: Volcarona|7/100\n|-enditem|p2a: Volcarona|Life Orb|[from] move: Knock Off|[of] p1a: Incineroar\n|move|p1b: Calyrex|Leech Seed|p2b: Calyrex|[miss]\n|-miss|p1b: Calyrex|p2b: Calyrex\n|\n|-heal|p1b: Calyrex|72/100|[from] item: Leftovers\n|upkeep\n|turn|6\n|\n|t:|1768128256\n|move|p2a: Volcarona|Protect|p2a: Volcarona\n|-singleturn|p2a: Volcarona|Protect\n|move|p1b: Calyrex|Protect|p1b: Calyrex\n|-singleturn|p1b: Calyrex|Protect\n|move|p2b: Calyrex|Seed Bomb|p1b: Calyrex\n|-activate|p1b: Calyrex|move: Protect\n|move|p1a: Incineroar|Knock Off|p2a: Volcarona\n|-activate|p2a: Volcarona|move: Protect\n|\n|-heal|p1b: Calyrex|78/100|[from] item: Leftovers\n|upkeep\n|turn|7\n|\n|t:|1768128268\n|switch|p2a: Indeedee|Indeedee-F, L50, F|88/100\n|switch|p1b: Amoonguss|Amoonguss, L50, M|100/100\n|move|p2b: Calyrex|Seed Bomb|p1b: Amoonguss\n|-resisted|p1b: Amoonguss\n|-damage|p1b: Amoonguss|96/100\n|move|p1a: Incineroar|Knock Off|p2a: Indeedee\n|-supereffective|p2a: Indeedee\n|-damage|p2a: Indeedee|39/100\n|\n|-fieldend|move: Psychic Terrain\n|upkeep\n|turn|8\n|\n|t:|1768128281\n|switch|p1b: Calyrex|Calyrex-Ice, L50, tera:Water|78/100\n|-ability|p1b: Calyrex|As One\n|-ability|p1b: Calyrex|Unnerve\n|move|p2a: Indeedee|Psychic|p1b: Calyrex\n|-damage|p1b: Calyrex|60/100\n|move|p2b: Calyrex|Glacial Lance|p1a: Incineroar|[spread] p1a,p1b\n|-resisted|p1a: Incineroar\n|-resisted|p1b: Calyrex\n|-damage|p1a: Incineroar|85/100\n|-damage|p1b: Calyrex|51/100\n|move|p1a: Incineroar|Knock Off|p2a: Indeedee\n|-supereffective|p2a: Indeedee\n|-damage|p2a: Indeedee|0 fnt\n|faint|p2a: Indeedee\n|\n|-heal|p1b: Calyrex|57/100|[from] item: Leftovers\n|upkeep\n|\n|t:|1768128296\n|switch|p2a: Kyogre|Kyogre, L50|100/100\n|-weather|RainDance|[from] ability: Drizzle|[of] p2a: Kyogre\n|turn|9\n|\n|t:|1768128315\n|switch|p1a: Amoonguss|Amoonguss, L50, M|100/100\n|move|p1b: Calyrex|Protect|p1b: Calyrex\n|-singleturn|p1b: Calyrex|Protect\n|move|p2a: Kyogre|Water Spout|p1b: Calyrex|[spread] p1a\n|-activate|p1b: Calyrex|move: Protect\n|-resisted|p1a: Amoonguss\n|-damage|p1a: Amoonguss|57/100\n|move|p2b: Calyrex|Glacial Lance|p1b: Calyrex|[spread] p1a\n|-activate|p1b: Calyrex|move: Protect\n|-supereffective|p1a: Amoonguss\n|-damage|p1a: Amoonguss|5/100\n|\n|-weather|RainDance|[upkeep]\n|-heal|p1b: Calyrex|63/100|[from] item: Leftovers\n|upkeep\n|turn|10\n|\n|t:|1768128336\n|move|p1a: Amoonguss|Rage Powder|p1a: Amoonguss\n|-singleturn|p1a: Amoonguss|move: Rage Powder\n|move|p2a: Kyogre|Water Spout|p1b: Calyrex|[spread] p1a,p1b\n|-resisted|p1a: Amoonguss\n|-resisted|p1b: Calyrex\n|-damage|p1a: Amoonguss|0 fnt\n|-damage|p1b: Calyrex|32/100\n|faint|p1a: Amoonguss\n|move|p2b: Calyrex|Glacial Lance|p1b: Calyrex\n|-resisted|p1b: Calyrex\n|-damage|p1b: Calyrex|19/100\n|move|p1b: Calyrex|Leech Seed|p2a: Kyogre\n|-start|p2a: Kyogre|move: Leech Seed\n|\n|-weather|RainDance|[upkeep]\n|-heal|p1b: Calyrex|25/100|[from] item: Leftovers\n|-damage|p2a: Kyogre|88/100|[from] Leech Seed|[of] p1b: Calyrex\n|-heal|p1b: Calyrex|35/100|[silent]\n|upkeep\n|\n|t:|1768128339\n|switch|p1a: Rillaboom|Rillaboom, L50, F|3/100\n|-fieldstart|move: Grassy Terrain|[from] ability: Grassy Surge|[of] p1a: Rillaboom\n|turn|11\n|\n|t:|1768128359\n|switch|p2a: Volcarona|Volcarona, L50, F, shiny|7/100\n|move|p1a: Rillaboom|Fake Out|p2b: Calyrex\n|-crit|p2b: Calyrex\n|-damage|p2b: Calyrex|70/100\n|cant|p2b: Calyrex|flinch\n|move|p1b: Calyrex|Leech Seed|p2b: Calyrex\n|-start|p2b: Calyrex|move: Leech Seed\n|\n|-weather|RainDance|[upkeep]\n|-heal|p2a: Volcarona|13/100|[from] Grassy Terrain\n|-heal|p1a: Rillaboom|9/100|[from] Grassy Terrain\n|-heal|p2b: Calyrex|75/100|[from] Grassy Terrain\n|-heal|p1b: Calyrex|41/100|[from] Grassy Terrain\n|-heal|p1b: Calyrex|46/100|[from] item: Leftovers\n|-damage|p2b: Calyrex|63/100|[from] Leech Seed|[of] p1b: Calyrex\n|-heal|p1b: Calyrex|58/100|[silent]\n|upkeep\n|turn|12\n|\n|t:|1768128376\n|switch|p1a: Incineroar|Incineroar, L50, M|85/100\n|-ability|p1a: Incineroar|Intimidate|boost\n|-unboost|p2a: Volcarona|atk|1\n|-unboost|p2b: Calyrex|atk|1\n|move|p2a: Volcarona|Heat Wave|p1b: Calyrex|[spread] p1a,p1b\n|-resisted|p1a: Incineroar\n|-resisted|p1b: Calyrex\n|-damage|p1a: Incineroar|78/100\n|-damage|p1b: Calyrex|53/100\n|move|p2b: Calyrex|Glacial Lance|p1a: Incineroar|[spread] p1a,p1b\n|-resisted|p1a: Incineroar\n|-resisted|p1b: Calyrex\n|-damage|p1a: Incineroar|67/100\n|-damage|p1b: Calyrex|46/100\n|move|p1b: Calyrex|Trick Room|p1b: Calyrex\n|-fieldstart|move: Trick Room|[of] p1b: Calyrex\n|\n|-weather|RainDance|[upkeep]\n|-heal|p1b: Calyrex|52/100|[from] Grassy Terrain\n|-heal|p1b: Calyrex|58/100|[from] item: Leftovers\n|-heal|p1a: Incineroar|73/100|[from] Grassy Terrain\n|-heal|p2b: Calyrex|69/100|[from] Grassy Terrain\n|-heal|p2a: Volcarona|19/100|[from] Grassy Terrain\n|-damage|p2b: Calyrex|57/100|[from] Leech Seed|[of] p1b: Calyrex\n|-heal|p1b: Calyrex|70/100|[silent]\n|upkeep\n|turn|13\n|-message|ricer33 forfeited.\n|\n|win|fogdocker\n|raw|fogdocker's rating: 1259 &rarr; <strong>1292</strong><br />(+33 for winning)\n|raw|ricer33's rating: 1369 &rarr; <strong>1343</strong><br />(-26 for losing)\n|l|\u2606ricer33\n|player|p2|\n|l|\u2606fogdocker\n|player|p1|\n|l| Kelsabsol\n","uploadtime":1768128595,"views":16,"formatid":"gen9vgc2026regi","rating":1292,"private":0,"password":null}