{"id":"gen9vgc2026regi-2524616763","format":"[Gen 9] VGC 2026 Reg I","players":["1zha","alamossauro"],"log":"|j|\u26061zha\n|j|\u2606alamossauro\n|t:|1769176469\n|gametype|doubles\n|player|p1|1zha|1|1296\n|player|p2|alamossauro|pokemaniac|1305\n|gen|9\n|tier|[Gen 9] VGC 2026 Reg I\n|rated|\n|rule|Species Clause: Limit one of each Pok\u00e9mon\n|rule|Item Clause: Limit 1 of each item\n|clearpoke\n|poke|p1|Miraidon, L50|\n|poke|p1|Incineroar, L50, M|\n|poke|p1|Thundurus, L50, M|\n|poke|p1|Ogerpon-Cornerstone, L50, F|\n|poke|p1|Oranguru, L50, F|\n|poke|p1|Calyrex-Shadow, L50|\n|poke|p2|Calyrex-Ice, L50|\n|poke|p2|Enamorus-Therian, L50, F|\n|poke|p2|Lunala, L50|\n|poke|p2|Indeedee-F, L50, F|\n|poke|p2|Chi-Yu, L50|\n|poke|p2|Ditto, L50|\n|teampreview|4\n|\n|t:|1769176499\n|teamsize|p1|4\n|teamsize|p2|4\n|start\n|switch|p1a: Miraidon|Miraidon, L50|100/100\n|switch|p1b: Oranguru|Oranguru, L50, F|100/100\n|switch|p2a: Enamorus|Enamorus-Therian, L50, F|100/100\n|switch|p2b: Indeedee|Indeedee-F, L50, F|100/100\n|-fieldstart|move: Electric Terrain|[from] ability: Hadron Engine|[of] p1a: Miraidon\n|-enditem|p1a: Miraidon|Electric Seed\n|-boost|p1a: Miraidon|def|1|[from] item: Electric Seed\n|-activate|p1b: Oranguru|ability: Symbiosis|Covert Cloak|[of] p1a: Miraidon\n|-fieldstart|move: Psychic Terrain|[from] ability: Psychic Surge|[of] p2b: Indeedee\n|-enditem|p2b: Indeedee|Psychic Seed\n|-boost|p2b: Indeedee|spd|1|[from] item: Psychic Seed\n|turn|1\n|inactive|Battle timer is ON: inactive players will automatically lose when time's up. (requested by alamossauro)\n|\n|t:|1769176523\n|-terastallize|p1a: Miraidon|Fairy\n|move|p2b: Indeedee|Follow Me|p2b: Indeedee\n|-singleturn|p2b: Indeedee|move: Follow Me\n|move|p1a: Miraidon|Calm Mind|p1a: Miraidon\n|-boost|p1a: Miraidon|spa|1\n|-boost|p1a: Miraidon|spd|1\n|move|p1b: Oranguru|Instruct|p2b: Indeedee\n|-singleturn|p2b: Indeedee|move: Instruct|[of] p1b: Oranguru\n|move|p2b: Indeedee|Follow Me||[still]\n|-fail|p2b: Indeedee\n|move|p2a: Enamorus|Dazzling Gleam|p1a: Miraidon|[spread] p1a,p1b\n|-damage|p1a: Miraidon|73/100\n|-damage|p1b: Oranguru|60/100\n|\n|upkeep\n|turn|2\n|\n|t:|1769176544\n|-terastallize|p2a: Enamorus|Fairy\n|move|p1a: Miraidon|Calm Mind|p1a: Miraidon\n|-boost|p1a: Miraidon|spa|1\n|-boost|p1a: Miraidon|spd|1\n|move|p1b: Oranguru|Taunt|p2b: Indeedee\n|-start|p2b: Indeedee|move: Taunt\n|move|p2a: Enamorus|Dazzling Gleam|p1b: Oranguru|[spread] p1a,p1b\n|-damage|p1a: Miraidon|43/100\n|-damage|p1b: Oranguru|0 fnt\n|faint|p1b: Oranguru\n|cant|p2b: Indeedee|move: Taunt|Trick Room\n|\n|upkeep\n|\n|t:|1769176554\n|switch|p1b: Thundurus|Thundurus, L50, M|100/100\n|turn|3\n|\n|t:|1769176560\n|move|p1b: Thundurus|Electric Terrain|p1b: Thundurus\n|-fieldstart|move: Electric Terrain\n|move|p1a: Miraidon|Parabolic Charge|p2a: Enamorus|[spread] p1b,p2a,p2b\n|-damage|p1b: Thundurus|18/100\n|-heal|p1a: Miraidon|80/100|[from] drain|[of] p1b: Thundurus\n|-damage|p2a: Enamorus|21/100\n|-heal|p1a: Miraidon|100/100|[from] drain|[of] p2a: Enamorus\n|-damage|p2b: Indeedee|46/100\n|move|p2b: Indeedee|Shadow Ball|p1a: Miraidon\n|-damage|p1a: Miraidon|93/100\n|move|p2a: Enamorus|Dazzling Gleam|p1a: Miraidon|[spread] p1a,p1b\n|-damage|p1a: Miraidon|65/100\n|-damage|p1b: Thundurus|0 fnt\n|faint|p1b: Thundurus\n|\n|upkeep\n|\n|t:|1769176572\n|switch|p1b: Calyrex|Calyrex-Shadow, L50|100/100\n|-ability|p1b: Calyrex|As One\n|-ability|p1b: Calyrex|Unnerve\n|turn|4\n|\n|t:|1769176583\n|move|p1b: Calyrex|Protect|p1b: Calyrex\n|-singleturn|p1b: Calyrex|Protect\n|move|p1a: Miraidon|Parabolic Charge|p2a: Enamorus|[spread] p2a,p2b\n|-activate|p1b: Calyrex|move: Protect\n|-damage|p2a: Enamorus|0 fnt\n|-heal|p1a: Miraidon|74/100|[from] drain|[of] p2a: Enamorus\n|-damage|p2b: Indeedee|0 fnt\n|-heal|p1a: Miraidon|94/100|[from] drain|[of] p2b: Indeedee\n|faint|p2a: Enamorus\n|faint|p2b: Indeedee\n|\n|upkeep\n|\n|t:|1769176596\n|switch|p2b: Calyrex|Calyrex-Ice, L50|100/100\n|switch|p2a: Lunala|Lunala, L50|100/100\n|-ability|p2b: Calyrex|As One\n|-ability|p2b: Calyrex|Unnerve\n|turn|5\n|\n|t:|1769176613\n|move|p2a: Lunala|Wide Guard|p2a: Lunala\n|-singleturn|p2a: Lunala|Wide Guard\n|move|p1b: Calyrex|Encore|p2a: Lunala\n|-start|p2a: Lunala|Encore\n|move|p1a: Miraidon|Dragon Pulse|p2b: Calyrex\n|-damage|p2b: Calyrex|20/100\n|move|p2b: Calyrex|Trick Room|p2b: Calyrex\n|-fieldstart|move: Trick Room|[of] p2b: Calyrex\n|\n|upkeep\n|turn|6\n|\n|t:|1769176629\n|move|p1b: Calyrex|Protect|p1b: Calyrex\n|-singleturn|p1b: Calyrex|Protect\n|move|p2a: Lunala|Wide Guard|p2a: Lunala\n|-singleturn|p2a: Lunala|Wide Guard\n|move|p2b: Calyrex|Glacial Lance|p1a: Miraidon|[spread] p1a\n|-activate|p1b: Calyrex|move: Protect\n|-damage|p1a: Miraidon|65/100\n|move|p1a: Miraidon|Dragon Pulse|p2b: Calyrex\n|-damage|p2b: Calyrex|0 fnt\n|faint|p2b: Calyrex\n|\n|upkeep\n|turn|7\n|-message|alamossauro forfeited.\n|\n|win|1zha\n|raw|1zha's rating: 1296 &rarr; <strong>1322</strong><br />(+26 for winning)\n|raw|alamossauro's rating: 1305 &rarr; <strong>1284</strong><br />(-21 for losing)\n|l|\u2606alamossauro\n|player|p2|\n|l|\u26061zha\n|player|p1|\n","uploadtime":1769176871,"views":15,"formatid":"gen9vgc2026regi","rating":1284,"private":0,"password":null}