{"id":"gen9vgc2026regi-2558813589","format":"[Gen 9] VGC 2026 Reg I","players":["PATRIOTS_VG","Mechromatt"],"log":"|j|\u2606PATRIOTS_VG\n|j|\u2606Mechromatt\n|t:|1773487425\n|gametype|doubles\n|player|p1|PATRIOTS_VG|drayden|1438\n|player|p2|Mechromatt|102|1417\n|gen|9\n|tier|[Gen 9] VGC 2026 Reg I\n|rated|\n|rule|Species Clause: Limit one of each Pok\u00e9mon\n|rule|Item Clause: Limit 1 of each item\n|clearpoke\n|poke|p1|Ogerpon-Hearthflame, L50, F|\n|poke|p1|Raging Bolt, L50|\n|poke|p1|Whimsicott, L50, F|\n|poke|p1|Chien-Pao, L50|\n|poke|p1|Zamazenta-*, L50|\n|poke|p1|Calyrex-Shadow, L50|\n|poke|p2|Groudon, L50|\n|poke|p2|Miraidon, L50|\n|poke|p2|Raging Bolt, L50|\n|poke|p2|Lilligant-Hisui, L50, F|\n|poke|p2|Flutter Mane, L50|\n|poke|p2|Whimsicott, L50, M|\n|teampreview|4\n|inactive|Battle timer is ON: inactive players will automatically lose when time's up. (requested by PATRIOTS_VG)\n|inactive|Mechromatt has 60 seconds left.\n|inactive|Mechromatt has 30 seconds left.\n|inactive|Mechromatt has 20 seconds left.\n|\n|t:|1773487514\n|teamsize|p1|4\n|teamsize|p2|4\n|start\n|switch|p1a: Calyrex|Calyrex-Shadow, L50|100/100\n|switch|p1b: Whimsicott|Whimsicott, L50, F|100/100\n|switch|p2a: Groudon|Groudon, L50, shiny|100/100\n|switch|p2b: Lilligant|Lilligant-Hisui, L50, F, shiny|100/100\n|-ability|p1a: Calyrex|As One\n|-ability|p1a: Calyrex|Unnerve\n|-weather|SunnyDay|[from] ability: Drought|[of] p2a: Groudon\n|turn|1\n|\n|t:|1773487538\n|move|p1b: Whimsicott|Tailwind|p1b: Whimsicott\n|-sidestart|p1: PATRIOTS_VG|move: Tailwind\n|move|p1a: Calyrex|Astral Barrage|p2b: Lilligant|[spread] p2a,p2b\n|-damage|p2a: Groudon|29/100\n|-enditem|p2b: Lilligant|Focus Sash\n|-damage|p2b: Lilligant|1/100\n|-damage|p1a: Calyrex|91/100|[from] item: Life Orb\n|move|p2b: Lilligant|Absorb|p2a: Groudon\n|-supereffective|p2a: Groudon\n|-damage|p2a: Groudon|23/100\n|-heal|p2b: Lilligant|5/100|[from] drain|[of] p2a: Groudon\n|-enditem|p2a: Groudon|Weakness Policy\n|-boost|p2a: Groudon|atk|2|[from] item: Weakness Policy\n|-boost|p2a: Groudon|spa|2|[from] item: Weakness Policy\n|move|p2a: Groudon|Precipice Blades|p1a: Calyrex|[spread] p1a,p1b\n|-resisted|p1b: Whimsicott\n|-damage|p1a: Calyrex|0 fnt\n|-damage|p1b: Whimsicott|36/100\n|faint|p1a: Calyrex\n|\n|-weather|SunnyDay|[upkeep]\n|upkeep\n|\n|t:|1773487561\n|switch|p1a: Chien-Pao|Chien-Pao, L50|100/100\n|-ability|p1a: Chien-Pao|Sword of Ruin\n|turn|2\n|\n|t:|1773487584\n|move|p2a: Groudon|Protect|p2a: Groudon\n|-singleturn|p2a: Groudon|Protect\n|move|p1a: Chien-Pao|Ice Spinner|p2b: Lilligant\n|-supereffective|p2b: Lilligant\n|-damage|p2b: Lilligant|0 fnt\n|faint|p2b: Lilligant\n|move|p1b: Whimsicott|Moonblast|p2a: Groudon\n|-activate|p2a: Groudon|move: Protect\n|\n|-weather|SunnyDay|[upkeep]\n|upkeep\n|inactive|Mechromatt has 30 seconds left.\n|\n|t:|1773487610\n|switch|p2b: Miraidon|Miraidon, L50, shiny|100/100\n|-fieldstart|move: Electric Terrain|[from] ability: Hadron Engine|[of] p2b: Miraidon\n|turn|3\n|\n|t:|1773487621\n|-terastallize|p2b: Miraidon|Electric\n|move|p2a: Groudon|Protect||[still]\n|-fail|p2a: Groudon\n|move|p1a: Chien-Pao|Ice Spinner|p2b: Miraidon\n|-damage|p2b: Miraidon|43/100\n|-fieldend|move: Electric Terrain\n|move|p1b: Whimsicott|Moonblast|p2a: Groudon\n|-damage|p2a: Groudon|0 fnt\n|faint|p2a: Groudon\n|move|p2b: Miraidon|Volt Switch|p1a: Chien-Pao\n|-enditem|p1a: Chien-Pao|Focus Sash\n|-damage|p1a: Chien-Pao|1/100\n|\n|t:|1773487633\n|switch|p2b: Raging Bolt|Raging Bolt, L50|100/100|[from] Volt Switch\n|-activate|p2b: Raging Bolt|ability: Protosynthesis\n|-start|p2b: Raging Bolt|protosynthesisspa\n|\n|-weather|SunnyDay|[upkeep]\n|upkeep\n|\n|t:|1773487638\n|switch|p2a: Miraidon|Miraidon, L50, shiny, tera:Electric|43/100\n|-fieldstart|move: Electric Terrain|[from] ability: Hadron Engine|[of] p2a: Miraidon\n|turn|4\n|\n|t:|1773487647\n|move|p1a: Chien-Pao|Sucker Punch|p2a: Miraidon\n|-damage|p2a: Miraidon|0 fnt\n|faint|p2a: Miraidon\n|move|p2b: Raging Bolt|Thunderclap||[still]\n|-fail|p2b: Raging Bolt\n|move|p1b: Whimsicott|Moonblast|p2b: Raging Bolt\n|-supereffective|p2b: Raging Bolt\n|-damage|p2b: Raging Bolt|57/100\n|\n|-weather|SunnyDay|[upkeep]\n|-sideend|p1: PATRIOTS_VG|move: Tailwind\n|upkeep\n|turn|5\n|\n|t:|1773487656\n|move|p1a: Chien-Pao|Sucker Punch|p2b: Raging Bolt\n|-damage|p2b: Raging Bolt|16/100\n|move|p1b: Whimsicott|Moonblast|p2b: Raging Bolt\n|-supereffective|p2b: Raging Bolt\n|-damage|p2b: Raging Bolt|0 fnt\n|faint|p2b: Raging Bolt\n|-end|p2b: Raging Bolt|Protosynthesis|[silent]\n|\n|win|PATRIOTS_VG\n|raw|PATRIOTS_VG's rating: 1438 &rarr; <strong>1457</strong><br />(+19 for winning)\n|raw|Mechromatt's rating: 1417 &rarr; <strong>1398</strong><br />(-19 for losing)\n|l|\u2606Mechromatt\n|player|p2|\n|l|\u2606PATRIOTS_VG\n|player|p1|\n","uploadtime":1773487811,"views":24,"formatid":"gen9vgc2026regi","rating":1398,"private":0,"password":null}