{"id":"gen9vgc2026regi-2521023308","format":"[Gen 9] VGC 2026 Reg I","players":["123dfght","blackred123"],"log":"|j|\u2606123dfght\n|j|\u2606blackred123\n|t:|1768713413\n|gametype|doubles\n|player|p1|123dfght|selene-masters|1078\n|player|p2|blackred123|iono-masters|1151\n|gen|9\n|tier|[Gen 9] VGC 2026 Reg I\n|rated|\n|rule|Species Clause: Limit one of each Pok\u00e9mon\n|rule|Item Clause: Limit 1 of each item\n|clearpoke\n|poke|p1|Reshiram, L50|\n|poke|p1|Koraidon, L50|\n|poke|p1|Lilligant-Hisui, L50, F|\n|poke|p1|Flutter Mane, L50|\n|poke|p1|Torkoal, L50, F|\n|poke|p1|Glimmora, L50, F|\n|poke|p2|Zacian-*, L50|\n|poke|p2|Kyogre, L50|\n|poke|p2|Amoonguss, L50, F|\n|poke|p2|Incineroar, L50, F|\n|poke|p2|Urshifu-*, L50, M|\n|poke|p2|Iron Jugulis, L50|\n|teampreview|4\n|inactive|Battle timer is ON: inactive players will automatically lose when time's up. (requested by 123dfght)\n|inactive|blackred123 also wants the timer to be on.\n|\n|t:|1768713436\n|teamsize|p1|4\n|teamsize|p2|4\n|start\n|switch|p1a: Reshiram|Reshiram, L50|100/100\n|switch|p1b: Koraidon|Koraidon, L50|100/100\n|switch|p2a: \u55f7\u545c\uff5e|Iron Jugulis, L50|100/100\n|switch|p2b: \u4e3b\u4eba\ud83d\ude2d\ud83e\udd75|Incineroar, L50, F|100/100\n|-weather|SunnyDay|[from] ability: Orichalcum Pulse|[of] p1b: Koraidon\n|-activate|p1b: Koraidon|Orichalcum Pulse|[source]\n|-ability|p1a: Reshiram|Turboblaze\n|-ability|p2b: \u4e3b\u4eba\ud83d\ude2d\ud83e\udd75|Intimidate|boost\n|-unboost|p1a: Reshiram|atk|1\n|-unboost|p1b: Koraidon|atk|1\n|-enditem|p2a: \u55f7\u545c\uff5e|Booster Energy\n|-activate|p2a: \u55f7\u545c\uff5e|ability: Quark Drive|[fromitem]\n|-start|p2a: \u55f7\u545c\uff5e|quarkdrivespe\n|turn|1\n|j| Yancy0902\u56fe\u56fe\u72ac\u4fa0\n|\n|t:|1768713455\n|move|p2b: \u4e3b\u4eba\ud83d\ude2d\ud83e\udd75|Fake Out|p1b: Koraidon\n|-damage|p1b: Koraidon|92/100\n|move|p2a: \u55f7\u545c\uff5e|Tailwind|p2a: \u55f7\u545c\uff5e\n|-sidestart|p2: blackred123|move: Tailwind\n|cant|p1b: Koraidon|flinch\n|move|p1a: Reshiram|Tailwind|p1a: Reshiram\n|-sidestart|p1: 123dfght|move: Tailwind\n|\n|-weather|SunnyDay|[upkeep]\n|upkeep\n|turn|2\n|inactive|123dfght has 30 seconds left.\n|\n|t:|1768713489\n|switch|p2b: \u9a6c\u5243\u5929\u7231\u661f|Kyogre, L50, shiny|100/100\n|-weather|RainDance|[from] ability: Drizzle|[of] p2b: \u9a6c\u5243\u5929\u7231\u661f\n|move|p2a: \u55f7\u545c\uff5e|Hurricane|p1b: Koraidon\n|-supereffective|p1b: Koraidon\n|-damage|p1b: Koraidon|9/100\n|move|p1b: Koraidon|Dragon Cheer|p1a: Reshiram\n|-start|p1a: Reshiram|move: Dragon Cheer\n|move|p1a: Reshiram|Heat Wave|p2b: \u9a6c\u5243\u5929\u7231\u661f|[spread] p2a,p2b\n|-crit|p2a: \u55f7\u545c\uff5e\n|-resisted|p2b: \u9a6c\u5243\u5929\u7231\u661f\n|-crit|p2b: \u9a6c\u5243\u5929\u7231\u661f\n|-damage|p2a: \u55f7\u545c\uff5e|72/100\n|-damage|p2b: \u9a6c\u5243\u5929\u7231\u661f|94/100\n|\n|-weather|RainDance|[upkeep]\n|upkeep\n|turn|3\n|inactive|blackred123 has 30 seconds left.\n|\n|t:|1768713521\n|switch|p1b: Torkoal|Torkoal, L50, F|100/100\n|-weather|SunnyDay|[from] ability: Drought|[of] p1b: Torkoal\n|move|p2a: \u55f7\u545c\uff5e|Hurricane|p1b: Torkoal|[miss]\n|-miss|p2a: \u55f7\u545c\uff5e|p1b: Torkoal\n|move|p1a: Reshiram|Draco Meteor|p2b: \u9a6c\u5243\u5929\u7231\u661f\n|-crit|p2b: \u9a6c\u5243\u5929\u7231\u661f\n|-damage|p2b: \u9a6c\u5243\u5929\u7231\u661f|51/100\n|-unboost|p1a: Reshiram|spa|2\n|move|p2b: \u9a6c\u5243\u5929\u7231\u661f|Thunder|p1a: Reshiram\n|-resisted|p1a: Reshiram\n|-damage|p1a: Reshiram|84/100\n|\n|-weather|SunnyDay|[upkeep]\n|upkeep\n|turn|4\n|inactive|123dfght has 30 seconds left.\n|inactive|123dfght has 20 seconds left.\n|\n|t:|1768713561\n|switch|p2b: \u4e3b\u4eba\ud83d\ude2d\ud83e\udd75|Incineroar, L50, F|100/100\n|-ability|p2b: \u4e3b\u4eba\ud83d\ude2d\ud83e\udd75|Intimidate|boost\n|-unboost|p1a: Reshiram|atk|1\n|-unboost|p1b: Torkoal|atk|1\n|-terastallize|p1a: Reshiram|Fire\n|move|p1b: Torkoal|Helping Hand|p1a: Reshiram\n|-singleturn|p1a: Reshiram|Helping Hand|[of] p1b: Torkoal\n|move|p2a: \u55f7\u545c\uff5e|Protect|p2a: \u55f7\u545c\uff5e\n|-singleturn|p2a: \u55f7\u545c\uff5e|Protect\n|move|p1a: Reshiram|Heat Wave|p2b: \u4e3b\u4eba\ud83d\ude2d\ud83e\udd75|[spread] p2b\n|-activate|p2a: \u55f7\u545c\uff5e|move: Protect\n|-resisted|p2b: \u4e3b\u4eba\ud83d\ude2d\ud83e\udd75\n|-crit|p2b: \u4e3b\u4eba\ud83d\ude2d\ud83e\udd75\n|-damage|p2b: \u4e3b\u4eba\ud83d\ude2d\ud83e\udd75|20/100\n|\n|-weather|SunnyDay|[upkeep]\n|-sideend|p2: blackred123|move: Tailwind\n|-sideend|p1: 123dfght|move: Tailwind\n|upkeep\n|turn|5\n|\n|t:|1768713583\n|switch|p2b: \u9a6c\u5243\u5929\u7231\u661f|Kyogre, L50, shiny|51/100\n|-weather|RainDance|[from] ability: Drizzle|[of] p2b: \u9a6c\u5243\u5929\u7231\u661f\n|move|p2a: \u55f7\u545c\uff5e|Hurricane|p1a: Reshiram\n|-damage|p1a: Reshiram|45/100\n|-start|p1a: Reshiram|confusion\n|-activate|p1a: Reshiram|confusion\n|-damage|p1a: Reshiram|40/100|[from] confusion\n|move|p1b: Torkoal|Heat Wave|p2b: \u9a6c\u5243\u5929\u7231\u661f|[spread] p2a,p2b\n|-resisted|p2b: \u9a6c\u5243\u5929\u7231\u661f\n|-damage|p2a: \u55f7\u545c\uff5e|53/100\n|-damage|p2b: \u9a6c\u5243\u5929\u7231\u661f|47/100\n|\n|-weather|RainDance|[upkeep]\n|upkeep\n|turn|6\n|\n|t:|1768713601\n|switch|p1b: Koraidon|Koraidon, L50|9/100\n|-weather|SunnyDay|[from] ability: Orichalcum Pulse|[of] p1b: Koraidon\n|-activate|p1b: Koraidon|Orichalcum Pulse|[source]\n|move|p2a: \u55f7\u545c\uff5e|Hurricane|p1b: Koraidon|[miss]\n|-miss|p2a: \u55f7\u545c\uff5e|p1b: Koraidon\n|-activate|p1a: Reshiram|confusion\n|-damage|p1a: Reshiram|35/100|[from] confusion\n|move|p2b: \u9a6c\u5243\u5929\u7231\u661f|Water Spout|p1b: Koraidon|[spread] p1a,p1b\n|-supereffective|p1a: Reshiram\n|-resisted|p1b: Koraidon\n|-damage|p1a: Reshiram|7/100\n|-damage|p1b: Koraidon|3/100\n|\n|-weather|SunnyDay|[upkeep]\n|upkeep\n|turn|7\n|inactive|123dfght has 30 seconds left.\n|\n|t:|1768713627\n|move|p2a: \u55f7\u545c\uff5e|Tailwind|p2a: \u55f7\u545c\uff5e\n|-sidestart|p2: blackred123|move: Tailwind\n|move|p2b: \u9a6c\u5243\u5929\u7231\u661f|Water Spout|p1a: Reshiram|[spread] p1a,p1b\n|-supereffective|p1a: Reshiram\n|-resisted|p1b: Koraidon\n|-damage|p1a: Reshiram|0 fnt\n|-damage|p1b: Koraidon|0 fnt\n|faint|p1a: Reshiram\n|faint|p1b: Koraidon\n|\n|-weather|SunnyDay|[upkeep]\n|upkeep\n|\n|t:|1768713633\n|switch|p1b: Torkoal|Torkoal, L50, F|100/100\n|switch|p1a: Flutter Mane|Flutter Mane, L50|100/100\n|-activate|p1a: Flutter Mane|ability: Protosynthesis\n|-start|p1a: Flutter Mane|protosynthesisspe\n|turn|8\n|inactive|123dfght has 30 seconds left.\n|\n|t:|1768713666\n|switch|p2b: \u4e3b\u4eba\ud83d\ude2d\ud83e\udd75|Incineroar, L50, F|20/100\n|-ability|p2b: \u4e3b\u4eba\ud83d\ude2d\ud83e\udd75|Intimidate|boost\n|-unboost|p1a: Flutter Mane|atk|1\n|-unboost|p1b: Torkoal|atk|1\n|move|p2a: \u55f7\u545c\uff5e|Snarl|p1b: Torkoal|[spread] p1a,p1b\n|-damage|p1a: Flutter Mane|84/100\n|-damage|p1b: Torkoal|78/100\n|-unboost|p1a: Flutter Mane|spa|1\n|-unboost|p1b: Torkoal|spa|1\n|move|p1a: Flutter Mane|Moonblast|p2a: \u55f7\u545c\uff5e\n|-supereffective|p2a: \u55f7\u545c\uff5e\n|-damage|p2a: \u55f7\u545c\uff5e|0 fnt\n|faint|p2a: \u55f7\u545c\uff5e\n|-end|p2a: \u55f7\u545c\uff5e|Quark Drive|[silent]\n|move|p1b: Torkoal|Body Press|p2b: \u4e3b\u4eba\ud83d\ude2d\ud83e\udd75\n|-supereffective|p2b: \u4e3b\u4eba\ud83d\ude2d\ud83e\udd75\n|-damage|p2b: \u4e3b\u4eba\ud83d\ude2d\ud83e\udd75|0 fnt\n|faint|p2b: \u4e3b\u4eba\ud83d\ude2d\ud83e\udd75\n|\n|-weather|SunnyDay|[upkeep]\n|upkeep\n|c|\u2606123dfght|\u597d\u540d\u5b57\n|\n|t:|1768713682\n|switch|p2a: \u9a6c\u5243\u5929\u7231\u661f|Kyogre, L50, shiny|47/100\n|switch|p2b: \u963f\u5c14\u6258\u8389\u96c5|Zacian-Crowned, L50, shiny|100/100\n|-ability|p2b: \u963f\u5c14\u6258\u8389\u96c5|Intrepid Sword|boost\n|-boost|p2b: \u963f\u5c14\u6258\u8389\u96c5|atk|1\n|-weather|RainDance|[from] ability: Drizzle|[of] p2a: \u9a6c\u5243\u5929\u7231\u661f\n|-end|p1a: Flutter Mane|Protosynthesis\n|-enditem|p1a: Flutter Mane|Booster Energy\n|-activate|p1a: Flutter Mane|ability: Protosynthesis|[fromitem]\n|-start|p1a: Flutter Mane|protosynthesisspe\n|turn|9\n|inactive|123dfght has 30 seconds left.\n|\n|t:|1768713710\n|move|p2b: \u963f\u5c14\u6258\u8389\u96c5|Behemoth Blade|p1a: Flutter Mane\n|-supereffective|p1a: Flutter Mane\n|-damage|p1a: Flutter Mane|0 fnt\n|faint|p1a: Flutter Mane\n|-end|p1a: Flutter Mane|Protosynthesis|[silent]\n|move|p2a: \u9a6c\u5243\u5929\u7231\u661f|Origin Pulse|p1b: Torkoal\n|-supereffective|p1b: Torkoal\n|-damage|p1b: Torkoal|0 fnt\n|faint|p1b: Torkoal\n|\n|win|blackred123\n|raw|123dfght's rating: 1078 &rarr; <strong>1061</strong><br />(-17 for losing)\n|raw|blackred123's rating: 1151 &rarr; <strong>1171</strong><br />(+20 for winning)\n|l|\u2606blackred123\n|player|p2|\n|j|\u2606blackred123\n|player|p2|blackred123|iono-masters|\n|l|\u2606blackred123\n|player|p2|\n|l|\u2606123dfght\n|player|p1|\n|l| Yancy0902\u56fe\u56fe\u72ac\u4fa0\n","uploadtime":1768714062,"views":11,"formatid":"gen9vgc2026regi","rating":1061,"private":0,"password":null}