{"id":"gen9vgc2026regi-2517713614","format":"[Gen 9] VGC 2026 Reg I","players":["Unskilled99","dasabe\u76d6\u6b27\u5361\u4fa0"],"log":"|j|\u2606Unskilled99\n|j|\u2606dasabe\u76d6\u6b27\u5361\u4fa0\n|t:|1768302621\n|gametype|doubles\n|player|p1|Unskilled99|unknown|1425\n|player|p2|dasabe\u76d6\u6b27\u5361\u4fa0|may-masters4|1478\n|gen|9\n|tier|[Gen 9] VGC 2026 Reg I\n|rated|\n|rule|Species Clause: Limit one of each Pok\u00e9mon\n|rule|Item Clause: Limit 1 of each item\n|clearpoke\n|poke|p1|Calyrex-Shadow, L50|\n|poke|p1|Zamazenta-*, L50|\n|poke|p1|Chien-Pao, L50|\n|poke|p1|Dragonite, L50, M|\n|poke|p1|Raging Bolt, L50|\n|poke|p1|Amoonguss, L50, F|\n|poke|p2|Kyogre, L50|\n|poke|p2|Miraidon, L50|\n|poke|p2|Whimsicott, L50, F|\n|poke|p2|Iron Hands, L50|\n|poke|p2|Farigiraf, L50, F|\n|poke|p2|Urshifu-*, L50, M|\n|teampreview|4\n|\n|t:|1768302667\n|teamsize|p1|4\n|teamsize|p2|4\n|start\n|switch|p1a: Zamazenta|Zamazenta-Crowned, L50|100/100\n|switch|p1b: Calyrex|Calyrex-Shadow, L50|100/100\n|switch|p2a: \u5996\u820d\u7cbe\u62c9|Whimsicott, L50, F, shiny|100/100\n|switch|p2b: \u94f6\u91d1\u5996\u86c7|Miraidon, L50, shiny|100/100\n|-ability|p1b: Calyrex|As One\n|-ability|p1b: Calyrex|Unnerve\n|-fieldstart|move: Electric Terrain|[from] ability: Hadron Engine|[of] p2b: \u94f6\u91d1\u5996\u86c7\n|-ability|p1a: Zamazenta|Dauntless Shield|boost\n|-boost|p1a: Zamazenta|def|1\n|turn|1\n|\n|t:|1768302717\n|switch|p1b: Amoonguss|Amoonguss, L50, F|100/100\n|-terastallize|p2b: \u94f6\u91d1\u5996\u86c7|Fairy\n|move|p2a: \u5996\u820d\u7cbe\u62c9|Tailwind|p2a: \u5996\u820d\u7cbe\u62c9\n|-sidestart|p2: dasabe\u76d6\u6b27\u5361\u4fa0|move: Tailwind\n|move|p2b: \u94f6\u91d1\u5996\u86c7|Dazzling Gleam|p1b: Amoonguss|[spread] p1a,p1b\n|-resisted|p1b: Amoonguss\n|-damage|p1a: Zamazenta|63/100\n|-damage|p1b: Amoonguss|77/100\n|-damage|p2b: \u94f6\u91d1\u5996\u86c7|91/100|[from] item: Life Orb\n|move|p1a: Zamazenta|Body Press|p2b: \u94f6\u91d1\u5996\u86c7\n|-resisted|p2b: \u94f6\u91d1\u5996\u86c7\n|-damage|p2b: \u94f6\u91d1\u5996\u86c7|62/100\n|\n|upkeep\n|turn|2\n|\n|t:|1768302754\n|switch|p2a: \u6210\u90fd\u8001\u76d6|Kyogre, L50, shiny|100/100\n|-weather|RainDance|[from] ability: Drizzle|[of] p2a: \u6210\u90fd\u8001\u76d6\n|move|p2b: \u94f6\u91d1\u5996\u86c7|Draco Meteor|p1b: Amoonguss\n|-damage|p1b: Amoonguss|0 fnt\n|-unboost|p2b: \u94f6\u91d1\u5996\u86c7|spa|2\n|faint|p1b: Amoonguss\n|-damage|p2b: \u94f6\u91d1\u5996\u86c7|52/100|[from] item: Life Orb\n|move|p1a: Zamazenta|Heavy Slam|p2b: \u94f6\u91d1\u5996\u86c7\n|-supereffective|p2b: \u94f6\u91d1\u5996\u86c7\n|-damage|p2b: \u94f6\u91d1\u5996\u86c7|0 fnt\n|faint|p2b: \u94f6\u91d1\u5996\u86c7\n|\n|-weather|RainDance|[upkeep]\n|upkeep\n|\n|t:|1768302769\n|switch|p2b: \u5996\u820d\u7cbe\u62c9|Whimsicott, L50, F, shiny|100/100\n|switch|p1b: Raging Bolt|Raging Bolt, L50|100/100\n|-enditem|p1b: Raging Bolt|Booster Energy\n|-activate|p1b: Raging Bolt|ability: Protosynthesis|[fromitem]\n|-start|p1b: Raging Bolt|protosynthesisspa\n|turn|3\n|\n|t:|1768302799\n|switch|p2b: \u5c0f\u5934\u63a7\u5927\u5934|Farigiraf, L50, F, shiny|100/100\n|-enditem|p2b: \u5c0f\u5934\u63a7\u5927\u5934|Electric Seed\n|-boost|p2b: \u5c0f\u5934\u63a7\u5927\u5934|def|1|[from] item: Electric Seed\n|-terastallize|p1a: Zamazenta|Dragon\n|move|p1b: Raging Bolt|Thunderclap||[still]\n|cant|p2b: \u5c0f\u5934\u63a7\u5927\u5934|ability: Armor Tail|Thunderclap|[of] p1b: Raging Bolt\n|move|p2a: \u6210\u90fd\u8001\u76d6|Water Spout|p1a: Zamazenta|[spread] p1a,p1b\n|-resisted|p1a: Zamazenta\n|-resisted|p1b: Raging Bolt\n|-damage|p1a: Zamazenta|9/100\n|-damage|p1b: Raging Bolt|34/100\n|move|p1a: Zamazenta|Heavy Slam|p2b: \u5c0f\u5934\u63a7\u5927\u5934\n|-damage|p2b: \u5c0f\u5934\u63a7\u5927\u5934|77/100\n|\n|-weather|RainDance|[upkeep]\n|upkeep\n|turn|4\n|\n|t:|1768302811\n|switch|p2a: \u5996\u820d\u7cbe\u62c9|Whimsicott, L50, F, shiny|100/100\n|move|p1a: Zamazenta|Wide Guard|p1a: Zamazenta\n|-singleturn|p1a: Zamazenta|Wide Guard\n|move|p2b: \u5c0f\u5934\u63a7\u5927\u5934|Psychic|p1a: Zamazenta\n|-damage|p1a: Zamazenta|0 fnt\n|faint|p1a: Zamazenta\n|move|p1b: Raging Bolt|Thunderbolt|p2a: \u5996\u820d\u7cbe\u62c9\n|-resisted|p2a: \u5996\u820d\u7cbe\u62c9\n|-damage|p2a: \u5996\u820d\u7cbe\u62c9|13/100\n|-status|p2a: \u5996\u820d\u7cbe\u62c9|par\n|\n|-weather|RainDance|[upkeep]\n|-sideend|p2: dasabe\u76d6\u6b27\u5361\u4fa0|move: Tailwind\n|upkeep\n|\n|t:|1768302815\n|switch|p1a: Calyrex|Calyrex-Shadow, L50|100/100\n|-ability|p1a: Calyrex|As One\n|-ability|p1a: Calyrex|Unnerve\n|turn|5\n|\n|t:|1768302829\n|move|p2a: \u5996\u820d\u7cbe\u62c9|Tailwind|p2a: \u5996\u820d\u7cbe\u62c9\n|-sidestart|p2: dasabe\u76d6\u6b27\u5361\u4fa0|move: Tailwind\n|move|p1a: Calyrex|Astral Barrage|p2a: \u5996\u820d\u7cbe\u62c9|[spread] p2a\n|-immune|p2b: \u5c0f\u5934\u63a7\u5927\u5934\n|-damage|p2a: \u5996\u820d\u7cbe\u62c9|0 fnt\n|faint|p2a: \u5996\u820d\u7cbe\u62c9\n|-ability|p1a: Calyrex|Grim Neigh|boost\n|-boost|p1a: Calyrex|spa|1\n|move|p2b: \u5c0f\u5934\u63a7\u5927\u5934|Psychic|p1b: Raging Bolt\n|-damage|p1b: Raging Bolt|2/100\n|move|p1b: Raging Bolt|Thunderbolt|p2b: \u5c0f\u5934\u63a7\u5927\u5934\n|-damage|p2b: \u5c0f\u5934\u63a7\u5927\u5934|0 fnt\n|faint|p2b: \u5c0f\u5934\u63a7\u5927\u5934\n|\n|-weather|RainDance|[upkeep]\n|-fieldend|move: Electric Terrain\n|upkeep\n|\n|t:|1768302834\n|switch|p2b: \u6210\u90fd\u8001\u76d6|Kyogre, L50, shiny|100/100\n|turn|6\n|\n|t:|1768302844\n|move|p1a: Calyrex|Protect|p1a: Calyrex\n|-singleturn|p1a: Calyrex|Protect\n|move|p1b: Raging Bolt|Thunderclap|p2b: \u6210\u90fd\u8001\u76d6\n|-supereffective|p2b: \u6210\u90fd\u8001\u76d6\n|-damage|p2b: \u6210\u90fd\u8001\u76d6|18/100\n|move|p2b: \u6210\u90fd\u8001\u76d6|Origin Pulse|p1b: Raging Bolt|[spread] p1b\n|-activate|p1a: Calyrex|move: Protect\n|-resisted|p1b: Raging Bolt\n|-damage|p1b: Raging Bolt|0 fnt\n|faint|p1b: Raging Bolt\n|-end|p1b: Raging Bolt|Protosynthesis|[silent]\n|\n|-weather|none\n|upkeep\n|turn|7\n|\n|t:|1768302851\n|move|p2b: \u6210\u90fd\u8001\u76d6|Origin Pulse|p1a: Calyrex\n|-enditem|p1a: Calyrex|Focus Sash\n|-damage|p1a: Calyrex|1/100\n|move|p1a: Calyrex|Astral Barrage|p2b: \u6210\u90fd\u8001\u76d6\n|-damage|p2b: \u6210\u90fd\u8001\u76d6|0 fnt\n|faint|p2b: \u6210\u90fd\u8001\u76d6\n|\n|win|Unskilled99\n|raw|Unskilled99's rating: 1425 &rarr; <strong>1448</strong><br />(+23 for winning)\n|raw|dasabe\u76d6\u6b27\u5361\u4fa0's rating: 1478 &rarr; <strong>1455</strong><br />(-23 for losing)\n|l|\u2606dasabe\u76d6\u6b27\u5361\u4fa0\n|player|p2|\n|l|\u2606Unskilled99\n|player|p1|\n","uploadtime":1768303053,"views":31,"formatid":"gen9vgc2026regi","rating":1448,"private":0,"password":null}