{"id":"gen9vgc2026regi-2558517827","format":"[Gen 9] VGC 2026 Reg I","players":["lattewave","Sheevp"],"log":"|j|\u2606lattewave\n|j|\u2606Sheevp\n|t:|1773442753\n|gametype|doubles\n|player|p1|lattewave|sisandbro|1340\n|player|p2|Sheevp|170|1247\n|gen|9\n|tier|[Gen 9] VGC 2026 Reg I\n|rated|\n|rule|Species Clause: Limit one of each Pok\u00e9mon\n|rule|Item Clause: Limit 1 of each item\n|clearpoke\n|poke|p1|Terapagos, L50, M|\n|poke|p1|Ogerpon-Wellspring, L50, F|\n|poke|p1|Toxapex, L50, M|\n|poke|p1|Kleavor, L50, F|\n|poke|p1|Gouging Fire, L50|\n|poke|p1|Zacian-*, L50|\n|poke|p2|Lunala, L50|\n|poke|p2|Koraidon, L50|\n|poke|p2|Flutter Mane, L50|\n|poke|p2|Brute Bonnet, L50|\n|poke|p2|Raichu, L50, F|\n|poke|p2|Heatran, L50, F|\n|teampreview|4\n|inactive|Battle timer is ON: inactive players will automatically lose when time's up. (requested by lattewave)\n|inactive|lattewave has 60 seconds left.\n|\n|t:|1773442794\n|teamsize|p1|4\n|teamsize|p2|4\n|start\n|switch|p1a: Zacian|Zacian, L50|100/100\n|switch|p1b: Terapagos|Terapagos, L50, M|100/100\n|switch|p2a: Brute Bonnet|Brute Bonnet, L50|100/100\n|switch|p2b: R\u00e1pido|Koraidon, L50|100/100\n|-activate|p1b: Terapagos|ability: Tera Shift\n|detailschange|p1b: Terapagos|Terapagos-Terastal, L50, M\n|-heal|p1b: Terapagos|100/100|[silent]\n|-ability|p1a: Zacian|Intrepid Sword|boost\n|-boost|p1a: Zacian|atk|1\n|-weather|SunnyDay|[from] ability: Orichalcum Pulse|[of] p2b: R\u00e1pido\n|-activate|p2a: Brute Bonnet|ability: Protosynthesis\n|-start|p2a: Brute Bonnet|protosynthesisdef\n|-activate|p2b: R\u00e1pido|Orichalcum Pulse|[source]\n|turn|1\n|inactive|Sheevp has 30 seconds left.\n|\n|t:|1773442827\n|switch|p2b: ET|Lunala, L50|100/100\n|move|p1a: Zacian|Sacred Sword|p2a: Brute Bonnet\n|-supereffective|p2a: Brute Bonnet\n|-damage|p2a: Brute Bonnet|54/100\n|move|p1b: Terapagos|Tera Starstorm|p2a: Brute Bonnet\n|-damage|p2a: Brute Bonnet|0 fnt\n|faint|p2a: Brute Bonnet\n|-end|p2a: Brute Bonnet|Protosynthesis|[silent]\n|\n|-weather|SunnyDay|[upkeep]\n|upkeep\n|\n|t:|1773442841\n|switch|p2a: Agatha|Flutter Mane, L50, shiny|100/100\n|-activate|p2a: Agatha|ability: Protosynthesis\n|-start|p2a: Agatha|protosynthesisspe\n|turn|2\n|\n|t:|1773442853\n|-terastallize|p2b: ET|Fairy\n|-terastallize|p1b: Terapagos|Stellar\n|detailschange|p1b: Terapagos|Terapagos-Stellar, L50, M, tera:Stellar\n|-heal|p1b: Terapagos|100/100|[silent]\n|-ability|p1b: Terapagos|Teraform Zero\n|-weather|none\n|-end|p2a: Agatha|Protosynthesis\n|move|p1a: Zacian|Crunch|p2b: ET\n|-resisted|p2b: ET\n|-damage|p2b: ET|92/100\n|move|p2a: Agatha|Icy Wind|p1b: Terapagos|[spread] p1a,p1b\n|-damage|p1a: Zacian|91/100\n|-damage|p1b: Terapagos|92/100\n|-unboost|p1a: Zacian|spe|1\n|-unboost|p1b: Terapagos|spe|1\n|move|p2b: ET|Moonblast|p1a: Zacian\n|-damage|p1a: Zacian|56/100\n|move|p1b: Terapagos|Tera Starstorm|p2a: Agatha|[spread] p2a,p2b\n|-supereffective|p2b: ET\n|-damage|p2a: Agatha|37/100\n|-damage|p2b: ET|14/100\n|\n|-heal|p2b: ET|20/100|[from] item: Leftovers\n|upkeep\n|turn|3\n|inactive|lattewave has 30 seconds left.\n|inactive|Sheevp has 30 seconds left.\n|\n|t:|1773442882\n|move|p2a: Agatha|Protect|p2a: Agatha\n|-singleturn|p2a: Agatha|Protect\n|move|p1a: Zacian|Sacred Sword|p2b: ET\n|-resisted|p2b: ET\n|-damage|p2b: ET|1/100\n|move|p2b: ET|Moonblast|p1a: Zacian\n|-damage|p1a: Zacian|24/100\n|-unboost|p1a: Zacian|spa|1\n|move|p1b: Terapagos|Tera Starstorm|p2a: Agatha|[spread] p2b\n|-activate|p2a: Agatha|move: Protect\n|-supereffective|p2b: ET\n|-damage|p2b: ET|0 fnt\n|faint|p2b: ET\n|\n|upkeep\n|\n|t:|1773442894\n|switch|p2b: R\u00e1pido|Koraidon, L50|100/100\n|-weather|SunnyDay|[from] ability: Orichalcum Pulse|[of] p2b: R\u00e1pido\n|-activate|p2a: Agatha|ability: Protosynthesis\n|-start|p2a: Agatha|protosynthesisspe\n|-activate|p2b: R\u00e1pido|Orichalcum Pulse|[source]\n|turn|4\n|\n|t:|1773442902\n|move|p2a: Agatha|Moonblast|p1a: Zacian\n|-crit|p1a: Zacian\n|-damage|p1a: Zacian|0 fnt\n|faint|p1a: Zacian\n|move|p2b: R\u00e1pido|Close Combat|p1b: Terapagos\n|-supereffective|p1b: Terapagos\n|-damage|p1b: Terapagos|0 fnt\n|-unboost|p2b: R\u00e1pido|def|1\n|-unboost|p2b: R\u00e1pido|spd|1\n|faint|p1b: Terapagos\n|detailschange|p1: Terapagos|Terapagos, L50, M|[silent]\n|-damage|p2b: R\u00e1pido|91/100|[from] item: Life Orb\n|\n|-weather|SunnyDay|[upkeep]\n|upkeep\n|\n|t:|1773442908\n|switch|p1a: Toxapex|Toxapex, L50, M|100/100\n|switch|p1b: Gouging Fire|Gouging Fire, L50|100/100\n|-activate|p1b: Gouging Fire|ability: Protosynthesis\n|-start|p1b: Gouging Fire|protosynthesisspe\n|turn|5\n|\n|t:|1773442914\n|move|p2a: Agatha|Protect|p2a: Agatha\n|-singleturn|p2a: Agatha|Protect\n|move|p1b: Gouging Fire|Burning Bulwark|p1b: Gouging Fire\n|-singleturn|p1b: Gouging Fire|move: Protect\n|move|p2b: R\u00e1pido|Protect|p2b: R\u00e1pido\n|-singleturn|p2b: R\u00e1pido|Protect\n|move|p1a: Toxapex|Baneful Bunker||[still]\n|-fail|p1a: Toxapex\n|\n|-weather|SunnyDay|[upkeep]\n|upkeep\n|turn|6\n|\n|t:|1773442927\n|move|p2a: Agatha|Icy Wind|p1a: Toxapex|[spread] p1a,p1b\n|-resisted|p1a: Toxapex\n|-damage|p1a: Toxapex|95/100\n|-damage|p1b: Gouging Fire|86/100\n|-unboost|p1a: Toxapex|spe|1\n|-unboost|p1b: Gouging Fire|spe|1\n|move|p2b: R\u00e1pido|Close Combat|p1b: Gouging Fire\n|-damage|p1b: Gouging Fire|0 fnt\n|-unboost|p2b: R\u00e1pido|def|1\n|-unboost|p2b: R\u00e1pido|spd|1\n|faint|p1b: Gouging Fire\n|-end|p1b: Gouging Fire|Protosynthesis|[silent]\n|-damage|p2b: R\u00e1pido|81/100|[from] item: Life Orb\n|move|p1a: Toxapex|Infestation|p2b: R\u00e1pido\n|-resisted|p2b: R\u00e1pido\n|-damage|p2b: R\u00e1pido|78/100\n|-activate|p2b: R\u00e1pido|move: Infestation|[of] p1a: Toxapex\n|\n|-weather|SunnyDay|[upkeep]\n|-damage|p2b: R\u00e1pido|62/100|[from] move: Infestation|[partiallytrapped]\n|upkeep\n|turn|7\n|\n|t:|1773442946\n|move|p2b: R\u00e1pido|Protect|p2b: R\u00e1pido\n|-singleturn|p2b: R\u00e1pido|Protect\n|move|p1a: Toxapex|Baneful Bunker|p1a: Toxapex\n|-singleturn|p1a: Toxapex|move: Protect\n|move|p2a: Agatha|Shadow Ball|p1a: Toxapex\n|-activate|p1a: Toxapex|move: Protect\n|\n|-weather|SunnyDay|[upkeep]\n|-damage|p2b: R\u00e1pido|45/100|[from] move: Infestation|[partiallytrapped]\n|upkeep\n|turn|8\n|\n|t:|1773442956\n|move|p2a: Agatha|Shadow Ball|p1a: Toxapex\n|-damage|p1a: Toxapex|61/100\n|move|p2b: R\u00e1pido|Close Combat|p1a: Toxapex\n|-resisted|p1a: Toxapex\n|-damage|p1a: Toxapex|23/100\n|-unboost|p2b: R\u00e1pido|def|1\n|-unboost|p2b: R\u00e1pido|spd|1\n|-damage|p2b: R\u00e1pido|36/100|[from] item: Life Orb\n|move|p1a: Toxapex|Recover|p1a: Toxapex\n|-heal|p1a: Toxapex|73/100\n|\n|-weather|none\n|-end|p2a: Agatha|Protosynthesis\n|-damage|p2b: R\u00e1pido|19/100|[from] move: Infestation|[partiallytrapped]\n|upkeep\n|turn|9\n|\n|t:|1773442968\n|move|p2b: R\u00e1pido|Protect|p2b: R\u00e1pido\n|-singleturn|p2b: R\u00e1pido|Protect\n|move|p2a: Agatha|Shadow Ball|p1a: Toxapex\n|-damage|p1a: Toxapex|38/100\n|move|p1a: Toxapex|Recover|p1a: Toxapex\n|-heal|p1a: Toxapex|88/100\n|\n|-damage|p2b: R\u00e1pido|3/100|[from] move: Infestation|[partiallytrapped]\n|upkeep\n|turn|10\n|-message|Sheevp forfeited.\n|\n|win|lattewave\n|raw|lattewave's rating: 1340 &rarr; <strong>1355</strong><br />(+15 for winning)\n|raw|Sheevp's rating: 1247 &rarr; <strong>1229</strong><br />(-18 for losing)\n|l|\u2606Sheevp\n|player|p2|\n|l|\u2606lattewave\n|player|p1|\n","uploadtime":1773443179,"views":16,"formatid":"gen9vgc2026regi","rating":1229,"private":0,"password":null}