{"id":"gen9vgc2026regi-2562877546","format":"[Gen 9] VGC 2026 Reg I","players":["It'sJustKen VGC","ChrixsVGC"],"log":"|j|\u2606It'sJustKen VGC\n|j|\u2606ChrixsVGC\n|t:|1773958289\n|gametype|doubles\n|player|p1|It'sJustKen VGC|102|1477\n|player|p2|ChrixsVGC|veteran|1356\n|gen|9\n|tier|[Gen 9] VGC 2026 Reg I\n|rated|\n|rule|Species Clause: Limit one of each Pok\u00e9mon\n|rule|Item Clause: Limit 1 of each item\n|clearpoke\n|poke|p1|Iron Hands, L50|\n|poke|p1|Incineroar, L50, F|\n|poke|p1|Calyrex-Shadow, L50|\n|poke|p1|Whimsicott, L50, M|\n|poke|p1|Farigiraf, L50, F|\n|poke|p1|Miraidon, L50|\n|poke|p2|Miraidon, L50|\n|poke|p2|Chi-Yu, L50|\n|poke|p2|Calyrex-Shadow, L50|\n|poke|p2|Whimsicott, L50, F|\n|poke|p2|Dondozo, L50, M|\n|poke|p2|Tatsugiri-Stretchy, L50, M|\n|teampreview|4\n|inactive|Battle timer is ON: inactive players will automatically lose when time's up. (requested by It'sJustKen VGC)\n|inactive|ChrixsVGC has 60 seconds left.\n|\n|t:|1773958322\n|teamsize|p1|4\n|teamsize|p2|4\n|start\n|switch|p1a: Miraidon|Miraidon, L50, shiny|100/100\n|switch|p1b: Whimsicott|Whimsicott, L50, M|100/100\n|switch|p2a: Whimsicott|Whimsicott, L50, F|100/100\n|switch|p2b: Calyrex|Calyrex-Shadow, L50|100/100\n|-ability|p2b: Calyrex|As One\n|-ability|p2b: Calyrex|Unnerve\n|-fieldstart|move: Electric Terrain|[from] ability: Hadron Engine|[of] p1a: Miraidon\n|turn|1\n|\n|t:|1773958336\n|move|p1b: Whimsicott|Tailwind|p1b: Whimsicott\n|-sidestart|p1: It'sJustKen VGC|move: Tailwind\n|move|p2a: Whimsicott|Fake Tears|p1a: Miraidon\n|-unboost|p1a: Miraidon|spd|2\n|move|p1a: Miraidon|Volt Switch|p2b: Calyrex\n|-enditem|p2b: Calyrex|Focus Sash\n|-damage|p2b: Calyrex|1/100\n|\n|t:|1773958346\n|switch|p1a: Calyrex|Calyrex-Shadow, L50|100/100|[from] Volt Switch\n|-ability|p1a: Calyrex|As One\n|-ability|p1a: Calyrex|Unnerve\n|move|p2b: Calyrex|Astral Barrage|p1b: Whimsicott|[spread] p1a,p1b\n|-supereffective|p1a: Calyrex\n|-enditem|p1a: Calyrex|Focus Sash\n|-damage|p1a: Calyrex|1/100\n|-damage|p1b: Whimsicott|25/100\n|\n|upkeep\n|turn|2\n|\n|t:|1773958365\n|switch|p2b: Dondozo|Dondozo, L50, M|100/100\n|switch|p2a: Tatsugiri|Tatsugiri-Stretchy, L50, M|100/100\n|-activate|p2a: Tatsugiri|ability: Commander|[of] p2b: Dondozo\n|-boost|p2b: Dondozo|atk|2\n|-boost|p2b: Dondozo|spa|2\n|-boost|p2b: Dondozo|spe|2\n|-boost|p2b: Dondozo|def|2\n|-boost|p2b: Dondozo|spd|2\n|move|p1b: Whimsicott|Encore|p2a: Tatsugiri|[miss]\n|-miss|p1b: Whimsicott|p2a: Tatsugiri\n|move|p1a: Calyrex|Imprison|p1a: Calyrex\n|-start|p1a: Calyrex|move: Imprison\n|\n|upkeep\n|turn|3\n|inactive|It'sJustKen VGC has 30 seconds left.\n|\n|t:|1773958392\n|switch|p1b: Incineroar|Incineroar, L50, F|100/100\n|-ability|p1b: Incineroar|Intimidate|boost\n|-unboost|p2a: Tatsugiri|atk|1\n|-unboost|p2b: Dondozo|atk|1\n|move|p1a: Calyrex|Protect|p1a: Calyrex\n|-singleturn|p1a: Calyrex|Protect\n|move|p2b: Dondozo|Earthquake|p1a: Calyrex|[spread] p1b\n|-miss|p2b: Dondozo|p2a: Tatsugiri\n|-activate|p1a: Calyrex|move: Protect\n|-supereffective|p1b: Incineroar\n|-damage|p1b: Incineroar|48/100\n|\n|upkeep\n|turn|4\n|\n|t:|1773958404\n|-terastallize|p1a: Calyrex|Ghost\n|move|p1b: Incineroar|Fake Out|p2b: Dondozo\n|-crit|p2b: Dondozo\n|-damage|p2b: Dondozo|90/100\n|move|p1a: Calyrex|Astral Barrage|p2b: Dondozo|[spread] p2b\n|-miss|p1a: Calyrex|p2a: Tatsugiri\n|-damage|p2b: Dondozo|50/100\n|cant|p2b: Dondozo|flinch\n|\n|-heal|p2b: Dondozo|56/100|[from] item: Leftovers\n|-sideend|p1: It'sJustKen VGC|move: Tailwind\n|upkeep\n|turn|5\n|\n|t:|1773958429\n|move|p1a: Calyrex|Protect|p1a: Calyrex\n|-singleturn|p1a: Calyrex|Protect\n|move|p2b: Dondozo|Order Up|p1a: Calyrex\n|-activate|p1a: Calyrex|move: Protect\n|move|p1b: Incineroar|U-turn|p2b: Dondozo\n|-damage|p2b: Dondozo|50/100\n|inactive|It'sJustKen VGC has 30 seconds left.\n|\n|t:|1773958455\n|switch|p1b: Whimsicott|Whimsicott, L50, M|25/100|[from] U-turn\n|\n|-heal|p2b: Dondozo|56/100|[from] item: Leftovers\n|-fieldend|move: Electric Terrain\n|upkeep\n|turn|6\n|\n|t:|1773958463\n|switch|p1a: Incineroar|Incineroar, L50, F|48/100\n|-ability|p1a: Incineroar|Intimidate|boost\n|-unboost|p2a: Tatsugiri|atk|1\n|-unboost|p2b: Dondozo|atk|1\n|move|p1b: Whimsicott|Tailwind|p1b: Whimsicott\n|-sidestart|p1: It'sJustKen VGC|move: Tailwind\n|move|p2b: Dondozo|Earthquake|p1a: Incineroar|[spread] p1a,p1b\n|-miss|p2b: Dondozo|p2a: Tatsugiri\n|-supereffective|p1a: Incineroar\n|-resisted|p1b: Whimsicott\n|-damage|p1a: Incineroar|11/100\n|-damage|p1b: Whimsicott|11/100\n|\n|-heal|p2b: Dondozo|62/100|[from] item: Leftovers\n|upkeep\n|turn|7\n|\n|t:|1773958475\n|move|p1b: Whimsicott|Light Screen|p1b: Whimsicott\n|-sidestart|p1: It'sJustKen VGC|move: Light Screen\n|move|p2b: Dondozo|Earthquake|p1a: Incineroar|[spread] p1a,p1b\n|-miss|p2b: Dondozo|p2a: Tatsugiri\n|-supereffective|p1a: Incineroar\n|-resisted|p1b: Whimsicott\n|-damage|p1a: Incineroar|0 fnt\n|-damage|p1b: Whimsicott|0 fnt\n|faint|p1a: Incineroar\n|faint|p1b: Whimsicott\n|\n|-heal|p2b: Dondozo|68/100|[from] item: Leftovers\n|upkeep\n|\n|t:|1773958478\n|switch|p1b: Calyrex|Calyrex-Shadow, L50, tera:Ghost|1/100\n|switch|p1a: Miraidon|Miraidon, L50, shiny|100/100\n|-ability|p1b: Calyrex|As One\n|-ability|p1b: Calyrex|Unnerve\n|-fieldstart|move: Electric Terrain|[from] ability: Hadron Engine|[of] p1a: Miraidon\n|turn|8\n|\n|t:|1773958492\n|move|p2b: Dondozo|Protect|p2b: Dondozo\n|-singleturn|p2b: Dondozo|Protect\n|move|p1b: Calyrex|Astral Barrage|p2a: Tatsugiri|[spread] \n|-miss|p1b: Calyrex|p2a: Tatsugiri\n|-activate|p2b: Dondozo|move: Protect\n|move|p1a: Miraidon|Electro Drift|p2b: Dondozo\n|-activate|p2b: Dondozo|move: Protect\n|\n|-heal|p2b: Dondozo|74/100|[from] item: Leftovers\n|upkeep\n|turn|9\n|\n|t:|1773958510\n|move|p1b: Calyrex|Imprison|p1b: Calyrex\n|-start|p1b: Calyrex|move: Imprison\n|move|p1a: Miraidon|Electro Drift|p2b: Dondozo\n|-supereffective|p2b: Dondozo\n|-damage|p2b: Dondozo|0 fnt\n|faint|p2b: Dondozo\n|\n|-sideend|p1: It'sJustKen VGC|move: Tailwind\n|upkeep\n|\n|t:|1773958518\n|switch|p2b: Whimsicott|Whimsicott, L50, F|100/100\n|turn|10\n|\n|t:|1773958532\n|move|p1b: Calyrex|Protect|p1b: Calyrex\n|-singleturn|p1b: Calyrex|Protect\n|move|p2b: Whimsicott|Encore|p1b: Calyrex\n|-activate|p1b: Calyrex|move: Protect\n|move|p1a: Miraidon|Electro Drift|p2a: Tatsugiri\n|-damage|p2a: Tatsugiri|0 fnt\n|faint|p2a: Tatsugiri\n|\n|upkeep\n|\n|t:|1773958539\n|switch|p2a: Calyrex|Calyrex-Shadow, L50|1/100\n|-ability|p2a: Calyrex|As One\n|-ability|p2a: Calyrex|Unnerve\n|turn|11\n|inactive|ChrixsVGC has 30 seconds left.\n|\n|t:|1773958566\n|-terastallize|p2a: Calyrex|Ghost\n|move|p2b: Whimsicott|Encore|p1b: Calyrex\n|-start|p1b: Calyrex|Encore\n|move|p2a: Calyrex|Shadow Ball|p1a: Miraidon\n|-damage|p1a: Miraidon|65/100\n|move|p1b: Calyrex|Protect||[still]\n|-fail|p1b: Calyrex\n|move|p1a: Miraidon|Electro Drift|p2a: Calyrex\n|-damage|p2a: Calyrex|0 fnt\n|faint|p2a: Calyrex\n|\n|-sideend|p1: It'sJustKen VGC|move: Light Screen\n|upkeep\n|turn|12\n|\n|t:|1773958578\n|move|p1b: Calyrex|Protect|p1b: Calyrex\n|-singleturn|p1b: Calyrex|Protect\n|move|p1a: Miraidon|Electro Drift|p2b: Whimsicott\n|-resisted|p2b: Whimsicott\n|-damage|p2b: Whimsicott|25/100\n|move|p2b: Whimsicott|Moonblast|p1a: Miraidon\n|-supereffective|p1a: Miraidon\n|-damage|p1a: Miraidon|21/100\n|\n|-fieldend|move: Electric Terrain\n|upkeep\n|turn|13\n|\n|t:|1773958588\n|move|p1b: Calyrex|Protect||[still]\n|-fail|p1b: Calyrex\n|move|p1a: Miraidon|Electro Drift|p2b: Whimsicott\n|-resisted|p2b: Whimsicott\n|-damage|p2b: Whimsicott|0 fnt\n|faint|p2b: Whimsicott\n|\n|win|It'sJustKen VGC\n|raw|It&apos;sJustKen VGC's rating: 1477 &rarr; <strong>1490</strong><br />(+13 for winning)\n|raw|ChrixsVGC's rating: 1356 &rarr; <strong>1343</strong><br />(-13 for losing)\n|l|\u2606ChrixsVGC\n|player|p2|\n|l|\u2606It'sJustKen VGC\n|player|p1|\n","uploadtime":1773958595,"views":10,"formatid":"gen9vgc2026regi","rating":1343,"private":0,"password":null}