{"id":"gen9vgc2026regi-2579868988","format":"[Gen 9] VGC 2026 Reg I","players":["robstopheruzi","bullgod4ever"],"log":"|j|\u2606robstopheruzi\n|j|\u2606bullgod4ever\n|t:|1775834804\n|gametype|doubles\n|player|p1|robstopheruzi|burglar|1490\n|player|p2|bullgod4ever|170|1559\n|gen|9\n|tier|[Gen 9] VGC 2026 Reg I\n|rated|\n|rule|Species Clause: Limit one of each Pok\u00e9mon\n|rule|Item Clause: Limit 1 of each item\n|clearpoke\n|poke|p1|Calyrex-Shadow, L50|\n|poke|p1|Kyogre, L50|\n|poke|p1|Volbeat, L50, M|\n|poke|p1|Urshifu-*, L50, F|\n|poke|p1|Murkrow, L50, F|\n|poke|p1|Ogerpon-Wellspring, L50, F|\n|poke|p2|Calyrex-Shadow, L50|\n|poke|p2|Zamazenta-*, L50|\n|poke|p2|Chien-Pao, L50|\n|poke|p2|Dragonite, L50, M|\n|poke|p2|Amoonguss, L50, F|\n|poke|p2|Ogerpon-Cornerstone, L50, F|\n|teampreview|4\nrobstopheruzi has agreed to open team sheets.\n|\n|t:|1775834836\n|teamsize|p1|4\n|teamsize|p2|4\n|start\n|switch|p1a: Big Bird|Murkrow, L50, F|100/100\n|switch|p1b: Big Horse|Calyrex-Shadow, L50|100/100\n|switch|p2a: Dragonite|Dragonite, L50, M|100/100\n|switch|p2b: Chien-Pao|Chien-Pao, L50|100/100\n|-ability|p1b: Big Horse|As One\n|-ability|p1b: Big Horse|Unnerve\n|-ability|p2b: Chien-Pao|Sword of Ruin\n|turn|1\n|\n|t:|1775834857\n|-terastallize|p1a: Big Bird|Ghost\n|-terastallize|p2a: Dragonite|Normal\n|move|p2a: Dragonite|Extreme Speed|p1a: Big Bird\n|-immune|p1a: Big Bird\n|move|p2b: Chien-Pao|Ice Shard|p1a: Big Bird\n|-damage|p1a: Big Bird|77/100\n|move|p1b: Big Horse|Dark Pulse|p2a: Dragonite\n|-damage|p2a: Dragonite|69/100\n|move|p1a: Big Bird|Foul Play|p2a: Dragonite\n|-damage|p2a: Dragonite|0 fnt\n|faint|p2a: Dragonite\n|\n|upkeep\n|inactive|Battle timer is ON: inactive players will automatically lose when time's up. (requested by robstopheruzi)\n|\n|t:|1775834875\n|switch|p2a: Calyrex|Calyrex-Shadow, L50|100/100\n|-ability|p2a: Calyrex|As One\n|-ability|p2a: Calyrex|Unnerve\n|turn|2\n|\n|t:|1775834882\n|move|p2b: Chien-Pao|Sucker Punch|p1b: Big Horse\n|-supereffective|p1b: Big Horse\n|-enditem|p1b: Big Horse|Focus Sash\n|-damage|p1b: Big Horse|1/100\n|move|p1a: Big Bird|Tailwind|p1a: Big Bird\n|-sidestart|p1: robstopheruzi|move: Tailwind\n|move|p1b: Big Horse|Astral Barrage|p2b: Chien-Pao|[spread] p2a,p2b\n|-supereffective|p2a: Calyrex\n|-resisted|p2b: Chien-Pao\n|-enditem|p2a: Calyrex|Focus Sash\n|-damage|p2a: Calyrex|1/100\n|-damage|p2b: Chien-Pao|76/100\n|move|p2a: Calyrex|Astral Barrage|p1a: Big Bird|[spread] p1a,p1b\n|-supereffective|p1a: Big Bird\n|-supereffective|p1b: Big Horse\n|-damage|p1a: Big Bird|0 fnt\n|-damage|p1b: Big Horse|0 fnt\n|faint|p1a: Big Bird\n|faint|p1b: Big Horse\n|-ability|p2a: Calyrex|Grim Neigh|boost\n|-boost|p2a: Calyrex|spa|2\n|\n|upkeep\n|\n|t:|1775834896\n|switch|p1b: Big Bug|Volbeat, L50, M|100/100\n|switch|p1a: Big Fish|Kyogre, L50|100/100\n|-weather|RainDance|[from] ability: Drizzle|[of] p1a: Big Fish\n|turn|3\n|\n|t:|1775834921\n|move|p2a: Calyrex|Protect|p2a: Calyrex\n|-singleturn|p2a: Calyrex|Protect\n|move|p2b: Chien-Pao|Sucker Punch||[still]\n|-fail|p2b: Chien-Pao\n|move|p1b: Big Bug|Taunt|p2a: Calyrex\n|-activate|p2a: Calyrex|move: Protect\n|move|p1a: Big Fish|Water Spout|p2b: Chien-Pao|[spread] p2b\n|-activate|p2a: Calyrex|move: Protect\n|-damage|p2b: Chien-Pao|0 fnt\n|faint|p2b: Chien-Pao\n|\n|-weather|RainDance|[upkeep]\n|upkeep\n|\n|t:|1775834936\n|switch|p2b: Ogerpon|Ogerpon-Cornerstone, L50, F|100/100\n|turn|4\n|\n|t:|1775834956\n|move|p2a: Calyrex|Protect||[still]\n|-fail|p2a: Calyrex\n|move|p1b: Big Bug|Encore|p2a: Calyrex\n|-start|p2a: Calyrex|Encore\n|move|p1a: Big Fish|Water Spout|p2a: Calyrex|[spread] p2a,p2b\n|-damage|p2a: Calyrex|0 fnt\n|-ability|p2b: Ogerpon|Sturdy\n|-damage|p2b: Ogerpon|1/100\n|faint|p2a: Calyrex\n|move|p2b: Ogerpon|Power Whip|p1a: Big Fish\n|-supereffective|p1a: Big Fish\n|-damage|p1a: Big Fish|0 fnt\n|faint|p1a: Big Fish\n|\n|-weather|RainDance|[upkeep]\n|upkeep\n|turn|5\n|inactive|robstopheruzi has 30 seconds left.\n|c|\u2606robstopheruzi|gg my volbeat has no damage moves lmao\n|inactive|robstopheruzi has 20 seconds left.\n|c|\u2606bullgod4ever|Haha gg\n|inactive|robstopheruzi has 15 seconds left.\n|-message|robstopheruzi forfeited.\n|\n|win|bullgod4ever\n|raw|robstopheruzi's rating: 1490 &rarr; <strong>1474</strong><br />(-16 for losing)\n|raw|bullgod4ever's rating: 1559 &rarr; <strong>1575</strong><br />(+16 for winning)\n|l|\u2606robstopheruzi\n|player|p1|\n|c|\u2606bullgod4ever|Cool team though\n|l|\u2606bullgod4ever\n|player|p2|\n","uploadtime":1775835171,"views":12,"formatid":"gen9vgc2026regi","rating":1474,"private":0,"password":null}