{"id":"gen9vgc2026regi-2589918175","format":"[Gen 9] VGC 2026 Reg I","players":["bwhitevgc","perruquer"],"log":"|j|\u2606bwhitevgc\n|j|\u2606perruquer\n|t:|1776773924\n|gametype|doubles\n|player|p1|bwhitevgc|1|1530\n|player|p2|perruquer|265|1488\n|gen|9\n|tier|[Gen 9] VGC 2026 Reg I\n|rated|\n|rule|Species Clause: Limit one of each Pok\u00e9mon\n|rule|Item Clause: Limit 1 of each item\n|clearpoke\n|poke|p1|Tornadus, L50, M|\n|poke|p1|Kyogre, L50|\n|poke|p1|Zacian-*, L50|\n|poke|p1|Urshifu-*, L50, M|\n|poke|p1|Ursaluna, L50, F|\n|poke|p1|Farigiraf, L50, F|\n|poke|p2|Calyrex-Ice, L50|\n|poke|p2|Kyogre, L50|\n|poke|p2|Incineroar, L50, M|\n|poke|p2|Flutter Mane, L50|\n|poke|p2|Amoonguss, L50, M|\n|poke|p2|Smeargle, L50, F|\n|teampreview|4\n|inactive|Battle timer is ON: inactive players will automatically lose when time's up. (requested by bwhitevgc)\n|inactive|perruquer has 60 seconds left.\n|\n|t:|1776773960\n|teamsize|p1|4\n|teamsize|p2|4\n|start\n|switch|p1a: Kyogre|Kyogre, L50|100/100\n|switch|p1b: Tornadus|Tornadus, L50, M|100/100\n|switch|p2a: Incineroar|Incineroar, L50, M|100/100\n|switch|p2b: Kyogre|Kyogre, L50|100/100\n|-weather|RainDance|[from] ability: Drizzle|[of] p2b: Kyogre\n|-ability|p2a: Incineroar|Intimidate|boost\n|-unboost|p1a: Kyogre|atk|1\n|-unboost|p1b: Tornadus|atk|1\n|turn|1\n|\n|t:|1776773968\n|switch|p1b: Farigiraf|Farigiraf, L50, F|100/100\n|move|p2a: Incineroar|Fake Out||[still]\n|cant|p1b: Farigiraf|ability: Armor Tail|Fake Out|[of] p2a: Incineroar\n|move|p2b: Kyogre|Water Spout|p1a: Kyogre|[spread] p1a,p1b\n|-resisted|p1a: Kyogre\n|-damage|p1a: Kyogre|61/100\n|-damage|p1b: Farigiraf|0 fnt\n|faint|p1b: Farigiraf\n|move|p1a: Kyogre|Thunder|p2b: Kyogre\n|-supereffective|p2b: Kyogre\n|-damage|p2b: Kyogre|35/100\n|-status|p2b: Kyogre|par\n|\n|-weather|RainDance|[upkeep]\n|upkeep\n|\n|t:|1776773972\n|switch|p1b: Tornadus|Tornadus, L50, M|100/100\n|turn|2\n|\n|t:|1776773991\n|switch|p2a: Flutter Mane|Flutter Mane, L50|100/100\n|move|p1b: Tornadus|Bleakwind Storm|p2b: Kyogre|[spread] p2a,p2b\n|-damage|p2a: Flutter Mane|73/100\n|-damage|p2b: Kyogre|14/100 par\n|move|p1a: Kyogre|Water Spout|p2b: Kyogre|[spread] p2a,p2b\n|-resisted|p2b: Kyogre\n|-damage|p2a: Flutter Mane|9/100\n|-damage|p2b: Kyogre|0 fnt\n|faint|p2b: Kyogre\n|\n|-weather|RainDance|[upkeep]\n|upkeep\n|\n|t:|1776774001\n|switch|p2b: Incineroar|Incineroar, L50, M|100/100\n|-ability|p2b: Incineroar|Intimidate|boost\n|-unboost|p1a: Kyogre|atk|1\n|-unboost|p1b: Tornadus|atk|1\n|turn|3\n|\n|t:|1776774006\n|move|p1a: Kyogre|Protect|p1a: Kyogre\n|-singleturn|p1a: Kyogre|Protect\n|move|p2b: Incineroar|Fake Out|p1b: Tornadus\n|-damage|p1b: Tornadus|90/100\n|move|p1b: Tornadus|Tailwind|p1b: Tornadus\n|-sidestart|p1: bwhitevgc|move: Tailwind\n|move|p2a: Flutter Mane|Thunder|p1a: Kyogre\n|-activate|p1a: Kyogre|move: Protect\n|\n|-weather|RainDance|[upkeep]\n|upkeep\n|turn|4\n|\n|t:|1776774024\n|-end|p2a: Flutter Mane|Protosynthesis|[silent]\n|switch|p2a: Amoonguss|Amoonguss, L50, M|100/100\n|-terastallize|p2b: Incineroar|Grass\n|move|p1b: Tornadus|Bleakwind Storm|p2b: Incineroar|[spread] p2a,p2b\n|-supereffective|p2a: Amoonguss\n|-supereffective|p2b: Incineroar\n|-damage|p2a: Amoonguss|53/100\n|-damage|p2b: Incineroar|63/100\n|move|p1a: Kyogre|Water Spout|p2b: Incineroar|[spread] p2a,p2b\n|-resisted|p2a: Amoonguss\n|-resisted|p2b: Incineroar\n|-damage|p2a: Amoonguss|25/100\n|-damage|p2b: Incineroar|41/100\n|move|p2b: Incineroar|Knock Off|p1a: Kyogre\n|-damage|p1a: Kyogre|29/100\n|-enditem|p1a: Kyogre|Mystic Water|[from] move: Knock Off|[of] p2b: Incineroar\n|\n|-weather|RainDance|[upkeep]\n|upkeep\n|turn|5\n|c|\u2606bwhitevgc|Thunder flutter is crazy tech, love it\n|\n|t:|1776774049\n|move|p1b: Tornadus|Bleakwind Storm|p2a: Amoonguss|[spread] p2a,p2b\n|-supereffective|p2a: Amoonguss\n|-supereffective|p2b: Incineroar\n|-crit|p2b: Incineroar\n|-damage|p2a: Amoonguss|0 fnt\n|-damage|p2b: Incineroar|0 fnt\n|faint|p2a: Amoonguss\n|faint|p2b: Incineroar\n|move|p1a: Kyogre|Water Spout|p2: Amoonguss|[notarget]\n|-fail|p1a: Kyogre\n|\n|-weather|none\n|upkeep\n|\n|t:|1776774058\n|switch|p2a: Flutter Mane|Flutter Mane, L50|9/100\n|turn|6\n|\n|t:|1776774061\n|move|p1b: Tornadus|Bleakwind Storm|p2a: Flutter Mane\n|-crit|p2a: Flutter Mane\n|-damage|p2a: Flutter Mane|0 fnt\n|faint|p2a: Flutter Mane\n|-end|p2a: Flutter Mane|Protosynthesis|[silent]\n|\n|win|bwhitevgc\n|raw|bwhitevgc's rating: 1530 &rarr; <strong>1548</strong><br />(+18 for winning)\n|raw|perruquer's rating: 1488 &rarr; <strong>1470</strong><br />(-18 for losing)\n|l|\u2606perruquer\n|player|p2|\n|c|\u2606bwhitevgc|Ggwp\n|l|\u2606bwhitevgc\n|player|p1|\n","uploadtime":1776774329,"views":10,"formatid":"gen9vgc2026regi","rating":1470,"private":0,"password":null}