{"id":"gen9vgc2026regi-2537540362","format":"[Gen 9] VGC 2026 Reg I","players":["renan.tony","lalo's pollos"],"log":"|j|\u2606renan.tony\n|j|\u2606lalo's pollos\n|t:|1770825575\n|gametype|doubles\n|player|p1|renan.tony|lance|1371\n|player|p2|lalo's pollos|101|1527\n|gen|9\n|tier|[Gen 9] VGC 2026 Reg I\n|rated|\n|rule|Species Clause: Limit one of each Pok\u00e9mon\n|rule|Item Clause: Limit 1 of each item\n|clearpoke\n|poke|p1|Whimsicott, L50, M|\n|poke|p1|Miraidon, L50|\n|poke|p1|Ho-Oh, L50|\n|poke|p1|Incineroar, L50, M|\n|poke|p1|Farigiraf, L50, M|\n|poke|p1|Dragonite, L50, M|\n|poke|p2|Zamazenta-*, L50|\n|poke|p2|Lunala, L50|\n|poke|p2|Rillaboom, L50, M|\n|poke|p2|Incineroar, L50, F|\n|poke|p2|Urshifu-*, L50, F|\n|poke|p2|Tornadus, L50, M|\n|teampreview|4\n|\n|t:|1770825598\n|teamsize|p1|4\n|teamsize|p2|4\n|start\n|switch|p1a: Dragonite|Dragonite, L50, M|100/100\n|switch|p1b: Miraidon|Miraidon, L50|100/100\n|switch|p2a: Zamazenta|Zamazenta-Crowned, L50|100/100\n|switch|p2b: Rillaboom|Rillaboom, L50, M|100/100\n|-fieldstart|move: Electric Terrain|[from] ability: Hadron Engine|[of] p1b: Miraidon\n|-ability|p2a: Zamazenta|Dauntless Shield|boost\n|-boost|p2a: Zamazenta|def|1\n|-fieldstart|move: Grassy Terrain|[from] ability: Grassy Surge|[of] p2b: Rillaboom\n|turn|1\n|inactive|Battle timer is ON: inactive players will automatically lose when time's up. (requested by renan.tony)\n|j| lunala fairy ghost\n|\n|t:|1770825617\n|switch|p1b: Whimsicott|Whimsicott, L50, M|100/100\n|move|p2a: Zamazenta|Body Press|p1b: Whimsicott\n|-resisted|p1b: Whimsicott\n|-damage|p1b: Whimsicott|62/100\n|move|p1a: Dragonite|Ice Spinner|p2b: Rillaboom\n|-supereffective|p2b: Rillaboom\n|-damage|p2b: Rillaboom|62/100\n|-fieldend|move: Grassy Terrain\n|move|p2b: Rillaboom|U-turn|p1b: Whimsicott\n|-damage|p1b: Whimsicott|39/100\n|\n|t:|1770825629\n|switch|p2b: Lunala|Lunala, L50|100/100|[from] U-turn\n|\n|upkeep\n|turn|2\n|\n|t:|1770825640\n|switch|p1b: Ho-Oh|Ho-Oh, L50|100/100\n|move|p2a: Zamazenta|Heavy Slam|p1b: Ho-Oh\n|-resisted|p1b: Ho-Oh\n|-damage|p1b: Ho-Oh|86/100\n|move|p2b: Lunala|Calm Mind|p2b: Lunala\n|-boost|p2b: Lunala|spa|1\n|-boost|p2b: Lunala|spd|1\n|move|p1a: Dragonite|Haze|p1a: Dragonite\n|-clearallboost\n|\n|upkeep\n|turn|3\n|\n|t:|1770825662\n|move|p2a: Zamazenta|Protect|p2a: Zamazenta\n|-singleturn|p2a: Zamazenta|Protect\n|move|p2b: Lunala|Moonblast|p1a: Dragonite\n|-supereffective|p1a: Dragonite\n|-damage|p1a: Dragonite|71/100\n|-unboost|p1a: Dragonite|spa|1\n|move|p1a: Dragonite|Scale Shot|p2a: Zamazenta\n|-activate|p2a: Zamazenta|move: Protect\n|move|p1b: Ho-Oh|Sacred Fire|p2a: Zamazenta\n|-activate|p2a: Zamazenta|move: Protect\n|\n|upkeep\n|turn|4\n|\n|t:|1770825684\n|move|p1a: Dragonite|Protect|p1a: Dragonite\n|-singleturn|p1a: Dragonite|Protect\n|move|p2a: Zamazenta|Heavy Slam|p1a: Dragonite\n|-activate|p1a: Dragonite|move: Protect\n|move|p2b: Lunala|Moonblast|p1a: Dragonite\n|-activate|p1a: Dragonite|move: Protect\n|move|p1b: Ho-Oh|Sacred Fire|p2a: Zamazenta\n|-supereffective|p2a: Zamazenta\n|-damage|p2a: Zamazenta|24/100\n|-damage|p1b: Ho-Oh|77/100|[from] item: Life Orb\n|\n|upkeep\n|turn|5\n|\n|t:|1770825706\n|switch|p1a: Whimsicott|Whimsicott, L50, M|39/100\n|move|p2a: Zamazenta|Heavy Slam|p1a: Whimsicott\n|-supereffective|p1a: Whimsicott\n|-crit|p1a: Whimsicott\n|-damage|p1a: Whimsicott|0 fnt\n|faint|p1a: Whimsicott\n|move|p2b: Lunala|Moonblast|p1b: Ho-Oh\n|-resisted|p1b: Ho-Oh\n|-damage|p1b: Ho-Oh|68/100\n|-unboost|p1b: Ho-Oh|spa|1\n|move|p1b: Ho-Oh|Earthquake|p2a: Zamazenta|[spread] p2a,p2b\n|-supereffective|p2a: Zamazenta\n|-damage|p2a: Zamazenta|0 fnt\n|-damage|p2b: Lunala|87/100\n|faint|p2a: Zamazenta\n|-damage|p1b: Ho-Oh|58/100|[from] item: Life Orb\n|\n|-heal|p2b: Lunala|93/100|[from] item: Leftovers\n|upkeep\n|\n|t:|1770825723\n|switch|p2a: Tornadus|Tornadus, L50, M|100/100\n|switch|p1a: Dragonite|Dragonite, L50, M|71/100\n|turn|6\n|\n|t:|1770825742\n|switch|p1a: Miraidon|Miraidon, L50|100/100\n|-fieldstart|move: Electric Terrain|[from] ability: Hadron Engine|[of] p1a: Miraidon\n|move|p2a: Tornadus|Rain Dance|p2a: Tornadus\n|-weather|RainDance\n|move|p2b: Lunala|Moonblast|p1a: Miraidon\n|-supereffective|p1a: Miraidon\n|-damage|p1a: Miraidon|35/100\n|move|p1b: Ho-Oh|Brave Bird|p2b: Lunala\n|-damage|p2b: Lunala|36/100\n|-damage|p1b: Ho-Oh|35/100|[from] Recoil\n|-damage|p1b: Ho-Oh|25/100|[from] item: Life Orb\n|\n|-weather|RainDance|[upkeep]\n|-heal|p2b: Lunala|42/100|[from] item: Leftovers\n|upkeep\n|turn|7\n|\n|t:|1770825759\n|switch|p1a: Dragonite|Dragonite, L50, M|71/100\n|move|p2b: Lunala|Protect|p2b: Lunala\n|-singleturn|p2b: Lunala|Protect\n|move|p2a: Tornadus|Tailwind|p2a: Tornadus\n|-sidestart|p2: lalo's pollos|move: Tailwind\n|move|p1b: Ho-Oh|Brave Bird|p2b: Lunala\n|-activate|p2b: Lunala|move: Protect\n|\n|-weather|RainDance|[upkeep]\n|-heal|p2b: Lunala|48/100|[from] item: Leftovers\n|upkeep\n|turn|8\n|\n|t:|1770825780\n|-terastallize|p2b: Lunala|Fairy\n|move|p2a: Tornadus|Bleakwind Storm|p1a: Dragonite|[spread] p1a,p1b\n|-damage|p1a: Dragonite|39/100\n|-damage|p1b: Ho-Oh|4/100\n|move|p2b: Lunala|Moonblast|p1b: Ho-Oh\n|-resisted|p1b: Ho-Oh\n|-damage|p1b: Ho-Oh|0 fnt\n|faint|p1b: Ho-Oh\n|move|p1a: Dragonite|Scale Shot|p2b: Lunala\n|-immune|p2b: Lunala\n|\n|-weather|RainDance|[upkeep]\n|-heal|p2b: Lunala|54/100|[from] item: Leftovers\n|upkeep\n|\n|t:|1770825787\n|switch|p1b: Miraidon|Miraidon, L50|35/100\n|-activate|p1b: Miraidon|ability: Hadron Engine\n|turn|9\n|\n|t:|1770825793\n|-terastallize|p1b: Miraidon|Electric\n|move|p1a: Dragonite|Protect|p1a: Dragonite\n|-singleturn|p1a: Dragonite|Protect\n|move|p2a: Tornadus|Bleakwind Storm|p1b: Miraidon|[spread] p1b\n|-activate|p1a: Dragonite|move: Protect\n|-resisted|p1b: Miraidon\n|-damage|p1b: Miraidon|16/100\n|move|p2b: Lunala|Moonblast|p1b: Miraidon\n|-damage|p1b: Miraidon|0 fnt\n|faint|p1b: Miraidon\n|\n|-weather|RainDance|[upkeep]\n|-heal|p2b: Lunala|60/100|[from] item: Leftovers\n|upkeep\n|turn|10\n|c|\u2606renan.tony|gg\n|-message|renan.tony forfeited.\n|\n|win|lalo's pollos\n|raw|renan.tony's rating: 1371 &rarr; <strong>1359</strong><br />(-12 for losing)\n|raw|lalo&apos;s pollos's rating: 1527 &rarr; <strong>1539</strong><br />(+12 for winning)\n|l|\u2606renan.tony\n|player|p1|\n|c|\u2606lalo's pollos|gg\n","uploadtime":1770826062,"views":11,"formatid":"gen9vgc2026regi","rating":1359,"private":0,"password":null}