{"id":"gen9vgc2026regi-2553044261","format":"[Gen 9] VGC 2026 Reg I","players":["jj11j1","Kingtundra32"],"log":"|j|\u2606jj11j1\n|j|\u2606Kingtundra32\n|t:|1772790156\n|gametype|doubles\n|player|p1|jj11j1|102|1138\n|player|p2|Kingtundra32|170|1106\n|gen|9\n|tier|[Gen 9] VGC 2026 Reg I\n|rated|\n|rule|Species Clause: Limit one of each Pok\u00e9mon\n|rule|Item Clause: Limit 1 of each item\n|clearpoke\n|poke|p1|Kyogre, L50|\n|poke|p1|Regieleki, L50|\n|poke|p1|Landorus-Therian, L50, M|\n|poke|p1|Urshifu-*, L50, F|\n|poke|p1|Farigiraf, L50, F|\n|poke|p1|Tornadus, L50, M|\n|poke|p2|Kyurem-White, L50|\n|poke|p2|Tornadus, L50, M|\n|poke|p2|Ninetales-Alola, L50, F|\n|poke|p2|Calyrex-Ice, L50|\n|poke|p2|Gastrodon, L50, F|\n|poke|p2|Ogerpon-Hearthflame, L50, F|\n|teampreview|4\n|\n|t:|1772790180\n|teamsize|p1|4\n|teamsize|p2|4\n|start\n|switch|p1a: Urshifu|Urshifu, L50, F|100/100\n|switch|p1b: Tornadus|Tornadus, L50, M|100/100\n|switch|p2a: Tornadus|Tornadus, L50, M|100/100\n|switch|p2b: Ninetales|Ninetales-Alola, L50, F|100/100\n|-weather|Snowscape|[from] ability: Snow Warning|[of] p2b: Ninetales\n|turn|1\n|\n|t:|1772790196\n|move|p1b: Tornadus|Tailwind|p1b: Tornadus\n|-sidestart|p1: jj11j1|move: Tailwind\n|move|p2a: Tornadus|Taunt|p1b: Tornadus\n|-start|p1b: Tornadus|move: Taunt\n|move|p1a: Urshifu|Poison Jab|p2b: Ninetales\n|-supereffective|p2b: Ninetales\n|-damage|p2b: Ninetales|8/100\n|move|p2b: Ninetales|Aurora Veil|p2b: Ninetales\n|-sidestart|p2: Kingtundra32|move: Aurora Veil\n|\n|-weather|Snowscape|[upkeep]\n|upkeep\n|turn|2\n|\n|t:|1772790210\n|move|p2a: Tornadus|Tailwind|p2a: Tornadus\n|-sidestart|p2: Kingtundra32|move: Tailwind\n|move|p1b: Tornadus|Bleakwind Storm|p2b: Ninetales|[spread] p2a\n|-miss|p1b: Tornadus|p2b: Ninetales\n|-damage|p2a: Tornadus|82/100\n|move|p2b: Ninetales|Dazzling Gleam|p1a: Urshifu|[spread] p1a,p1b\n|-supereffective|p1a: Urshifu\n|-damage|p1a: Urshifu|0 fnt\n|-damage|p1b: Tornadus|70/100\n|faint|p1a: Urshifu\n|\n|-weather|Snowscape|[upkeep]\n|upkeep\n|\n|t:|1772790225\n|switch|p1a: Regieleki|Regieleki, L50|100/100\n|turn|3\n|\n|t:|1772790241\n|switch|p1b: Kyogre|Kyogre, L50|100/100\n|-weather|RainDance|[from] ability: Drizzle|[of] p1b: Kyogre\n|switch|p2a: Kyurem|Kyurem-White, L50|100/100\n|-ability|p2a: Kyurem|Turboblaze\n|move|p1a: Regieleki|Electroweb|p2b: Ninetales|[spread] p2a\n|-miss|p1a: Regieleki|p2b: Ninetales\n|-resisted|p2a: Kyurem\n|-damage|p2a: Kyurem|92/100\n|-unboost|p2a: Kyurem|spe|1\n|-damage|p1a: Regieleki|91/100|[from] item: Life Orb\n|move|p2b: Ninetales|Freeze-Dry|p1b: Kyogre\n|-supereffective|p1b: Kyogre\n|-damage|p1b: Kyogre|58/100\n|\n|-weather|RainDance|[upkeep]\n|upkeep\n|turn|4\n|\n|t:|1772790272\n|switch|p2b: Gastrodon|Gastrodon, L50, F|100/100\n|switch|p2a: Tornadus|Tornadus, L50, M|82/100\n|-terastallize|p1a: Regieleki|Fairy\n|move|p1a: Regieleki|Tera Blast|p2a: Tornadus|[anim] Tera Blast Fairy\n|-damage|p2a: Tornadus|60/100\n|-damage|p1a: Regieleki|81/100|[from] item: Life Orb\n|move|p1b: Kyogre|Origin Pulse|p2b: Gastrodon|[spread] p2a\n|-ability|p2b: Gastrodon|Storm Drain|boost\n|-boost|p2b: Gastrodon|spa|1\n|-damage|p2a: Tornadus|0 fnt\n|faint|p2a: Tornadus\n|\n|-weather|RainDance|[upkeep]\n|-sideend|p1: jj11j1|move: Tailwind\n|upkeep\n|\n|t:|1772790291\n|switch|p2a: Ninetales|Ninetales-Alola, L50, F|8/100\n|-weather|Snowscape|[from] ability: Snow Warning|[of] p2a: Ninetales\n|turn|5\n|\n|t:|1772790329\n|move|p1a: Regieleki|Protect|p1a: Regieleki\n|-singleturn|p1a: Regieleki|Protect\n|move|p2a: Ninetales|Freeze-Dry|p1b: Kyogre\n|-supereffective|p1b: Kyogre\n|-damage|p1b: Kyogre|20/100\n|move|p1b: Kyogre|Origin Pulse|p2a: Ninetales|[spread] p2a\n|-ability|p2b: Gastrodon|Storm Drain|boost\n|-boost|p2b: Gastrodon|spa|1\n|-damage|p2a: Ninetales|0 fnt\n|faint|p2a: Ninetales\n|move|p2b: Gastrodon|Yawn|p1a: Regieleki\n|-activate|p1a: Regieleki|move: Protect\n|\n|-weather|Snowscape|[upkeep]\n|-sideend|p2: Kingtundra32|move: Tailwind\n|-sideend|p2: Kingtundra32|move: Aurora Veil\n|upkeep\n|\n|t:|1772790334\n|switch|p2a: Kyurem|Kyurem-White, L50|92/100\n|-ability|p2a: Kyurem|Turboblaze\n|turn|6\n|\n|t:|1772790363\n|switch|p1a: Tornadus|Tornadus, L50, M|70/100\n|-terastallize|p2a: Kyurem|Water\n|move|p2b: Gastrodon|Helping Hand|p2a: Kyurem\n|-singleturn|p2a: Kyurem|Helping Hand|[of] p2b: Gastrodon\n|move|p2a: Kyurem|Blizzard|p1b: Kyogre|[spread] p1a,p1b\n|-supereffective|p1a: Tornadus\n|-resisted|p1b: Kyogre\n|-damage|p1a: Tornadus|0 fnt\n|-damage|p1b: Kyogre|0 fnt\n|faint|p1a: Tornadus\n|faint|p1b: Kyogre\n|\n|-weather|Snowscape|[upkeep]\n|upkeep\n|\n|t:|1772790379\n|switch|p1b: Regieleki|Regieleki, L50, tera:Fairy|81/100\n|turn|7\n|\n|t:|1772790387\n|move|p2b: Gastrodon|Helping Hand|p2a: Kyurem\n|-singleturn|p2a: Kyurem|Helping Hand|[of] p2b: Gastrodon\n|move|p1b: Regieleki|Thunder|p2a: Kyurem|[miss]\n|-miss|p1b: Regieleki|p2a: Kyurem\n|move|p2a: Kyurem|Blizzard|p1b: Regieleki\n|-damage|p1b: Regieleki|0 fnt\n|faint|p1b: Regieleki\n|\n|win|Kingtundra32\n|raw|jj11j1's rating: 1138 &rarr; <strong>1111</strong><br />(-27 for losing)\n|raw|Kingtundra32's rating: 1106 &rarr; <strong>1133</strong><br />(+27 for winning)\n|l|\u2606jj11j1\n|player|p1|\n|l|\u2606Kingtundra32\n|player|p2|\n","uploadtime":1772790753,"views":14,"formatid":"gen9vgc2026regi","rating":1111,"private":0,"password":null}