{"id":"gen9vgc2026regi-2528208723","format":"[Gen 9] VGC 2026 Reg I","players":["Schimmli","Tepig_nNz_498"],"log":"|j|\u2606Schimmli\n|j|\u2606Tepig_nNz_498\n|t:|1769630167\n|gametype|doubles\n|player|p1|Schimmli|266|1498\n|player|p2|Tepig_nNz_498|169|1394\n|gen|9\n|tier|[Gen 9] VGC 2026 Reg I\n|rated|\n|rule|Species Clause: Limit one of each Pok\u00e9mon\n|rule|Item Clause: Limit 1 of each item\n|clearpoke\n|poke|p1|Kyogre, L50|\n|poke|p1|Tornadus, L50, M|\n|poke|p1|Urshifu-*, L50, F|\n|poke|p1|Landorus, L50, M|\n|poke|p1|Flutter Mane, L50|\n|poke|p1|Zamazenta-*, L50|\n|poke|p2|Calyrex-Ice, L50|\n|poke|p2|Incineroar, L50, M|\n|poke|p2|Slowking, L50, M|\n|poke|p2|Kyurem-White, L50|\n|poke|p2|Ninetales-Alola, L50, M|\n|poke|p2|Cetitan, L50, M|\n|teampreview|4\n|\n|t:|1769630185\n|teamsize|p1|4\n|teamsize|p2|4\n|start\n|switch|p1a: Zamazenta|Zamazenta-Crowned, L50|100/100\n|switch|p1b: Flutter Mane|Flutter Mane, L50|100/100\n|switch|p2a: Incineroar|Incineroar, L50, M|100/100\n|switch|p2b: Slowking|Slowking, L50, M|100/100\n|-ability|p1a: Zamazenta|Dauntless Shield|boost\n|-boost|p1a: Zamazenta|def|1\n|-ability|p2a: Incineroar|Intimidate|boost\n|-unboost|p1a: Zamazenta|atk|1\n|-unboost|p1b: Flutter Mane|atk|1\n|-enditem|p1b: Flutter Mane|Booster Energy\n|-activate|p1b: Flutter Mane|ability: Protosynthesis|[fromitem]\n|-start|p1b: Flutter Mane|protosynthesisspe\n|turn|1\n|inactive|Battle timer is ON: inactive players will automatically lose when time's up. (requested by Tepig_nNz_498)\n|\n|t:|1769630199\n|move|p2a: Incineroar|Fake Out|p1a: Zamazenta\n|-resisted|p1a: Zamazenta\n|-damage|p1a: Zamazenta|98/100\n|move|p1b: Flutter Mane|Taunt|p2b: Slowking\n|-immune|p2b: Slowking|[from] ability: Oblivious\n|cant|p1a: Zamazenta|flinch\n|move|p2b: Slowking|Trick Room|p2b: Slowking\n|-fieldstart|move: Trick Room|[of] p2b: Slowking\n|\n|upkeep\n|turn|2\n|\n|t:|1769630220\n|-terastallize|p2a: Incineroar|Ghost\n|move|p2b: Slowking|Scald|p1a: Zamazenta\n|-damage|p1a: Zamazenta|81/100\n|move|p2a: Incineroar|Knock Off|p1b: Flutter Mane\n|-damage|p1b: Flutter Mane|59/100\n|move|p1a: Zamazenta|Body Press|p2a: Incineroar\n|-immune|p2a: Incineroar\n|move|p1b: Flutter Mane|Moonblast|p2b: Slowking\n|-damage|p2b: Slowking|66/100\n|\n|upkeep\n|turn|3\n|\n|t:|1769630245\n|move|p1a: Zamazenta|Protect|p1a: Zamazenta\n|-singleturn|p1a: Zamazenta|Protect\n|move|p1b: Flutter Mane|Protect|p1b: Flutter Mane\n|-singleturn|p1b: Flutter Mane|Protect\n|-prepare|p2b: Slowking|Chilly Reception|[premajor]\n|move|p2b: Slowking|Chilly Reception|p2b: Slowking\n|-weather|Snowscape\n|\n|t:|1769630253\n|switch|p2b: Calyrex|Calyrex-Ice, L50|100/100|[from] Chilly Reception\n|-ability|p2b: Calyrex|As One\n|-ability|p2b: Calyrex|Unnerve\n|move|p2a: Incineroar|Will-O-Wisp|p1a: Zamazenta\n|-activate|p1a: Zamazenta|move: Protect\n|\n|-weather|Snowscape|[upkeep]\n|upkeep\n|turn|4\n|\n|t:|1769630273\n|move|p1a: Zamazenta|Wide Guard|p1a: Zamazenta\n|-singleturn|p1a: Zamazenta|Wide Guard\n|move|p2b: Calyrex|High Horsepower|p1b: Flutter Mane\n|-damage|p1b: Flutter Mane|0 fnt\n|faint|p1b: Flutter Mane\n|-end|p1b: Flutter Mane|Protosynthesis|[silent]\n|-ability|p2b: Calyrex|Chilling Neigh|boost\n|-boost|p2b: Calyrex|atk|1\n|move|p2a: Incineroar|Will-O-Wisp|p1a: Zamazenta\n|-status|p1a: Zamazenta|brn\n|\n|-weather|Snowscape|[upkeep]\n|-damage|p1a: Zamazenta|75/100 brn|[from] brn\n|upkeep\n|\n|t:|1769630280\n|switch|p1b: Tornadus|Tornadus, L50, M|100/100\n|turn|5\n|\n|t:|1769630308\n|switch|p1a: Kyogre|Kyogre, L50|100/100\n|-weather|RainDance|[from] ability: Drizzle|[of] p1a: Kyogre\n|move|p1b: Tornadus|Protect|p1b: Tornadus\n|-singleturn|p1b: Tornadus|Protect\n|move|p2b: Calyrex|Glacial Lance|p1a: Kyogre|[spread] p1a\n|-activate|p1b: Tornadus|move: Protect\n|-resisted|p1a: Kyogre\n|-damage|p1a: Kyogre|57/100\n|move|p2a: Incineroar|Parting Shot|p1b: Tornadus\n|-activate|p1b: Tornadus|move: Protect\n|\n|-weather|RainDance|[upkeep]\n|-fieldend|move: Trick Room\n|upkeep\n|turn|6\n|\n|t:|1769630326\n|move|p1b: Tornadus|Bleakwind Storm|p2a: Incineroar|[spread] p2a,p2b\n|-crit|p2a: Incineroar\n|-damage|p2a: Incineroar|65/100\n|-damage|p2b: Calyrex|79/100\n|move|p1a: Kyogre|Origin Pulse|p2b: Calyrex|[spread] p2a,p2b\n|-damage|p2a: Incineroar|0 fnt\n|-damage|p2b: Calyrex|0 fnt\n|faint|p2a: Incineroar\n|faint|p2b: Calyrex\n|\n|-weather|RainDance|[upkeep]\n|upkeep\n|\n|t:|1769630330\n|switch|p2a: Kyurem|Kyurem-White, L50|100/100\n|switch|p2b: Slowking|Slowking, L50, M|66/100\n|-ability|p2a: Kyurem|Turboblaze\n|turn|7\n|\n|t:|1769630350\n|move|p2a: Kyurem|Freeze-Dry|p1a: Kyogre\n|-supereffective|p1a: Kyogre\n|-damage|p1a: Kyogre|0 fnt\n|faint|p1a: Kyogre\n|move|p1b: Tornadus|Bleakwind Storm|p2a: Kyurem|[spread] p2a,p2b\n|-damage|p2a: Kyurem|82/100\n|-damage|p2b: Slowking|42/100\n|-unboost|p2a: Kyurem|spe|1\n|move|p2b: Slowking|Trick Room|p2b: Slowking\n|-fieldstart|move: Trick Room|[of] p2b: Slowking\n|\n|-weather|RainDance|[upkeep]\n|upkeep\n|\n|t:|1769630360\n|switch|p1a: Zamazenta|Zamazenta-Crowned, L50|75/100 brn\n|turn|8\n|\n|t:|1769630371\n|-prepare|p2b: Slowking|Chilly Reception|[premajor]\n|move|p2b: Slowking|Chilly Reception|p2b: Slowking\n|-weather|Snowscape\n|move|p2a: Kyurem|Earth Power|p1a: Zamazenta\n|-supereffective|p1a: Zamazenta\n|-damage|p1a: Zamazenta|26/100 brn\n|move|p1b: Tornadus|Bleakwind Storm|p2a: Kyurem|[spread] p2a\n|-miss|p1b: Tornadus|p2b: Slowking\n|-damage|p2a: Kyurem|62/100\n|-unboost|p2a: Kyurem|spe|1\n|move|p1a: Zamazenta|Body Press|p2a: Kyurem\n|-supereffective|p2a: Kyurem\n|-damage|p2a: Kyurem|32/100\n|\n|-weather|Snowscape|[upkeep]\n|-damage|p1a: Zamazenta|20/100 brn|[from] brn\n|upkeep\n|turn|9\n|inactive|Schimmli has 30 seconds left.\n|\n|t:|1769630403\n|-terastallize|p1b: Tornadus|Dark\n|move|p1a: Zamazenta|Protect|p1a: Zamazenta\n|-singleturn|p1a: Zamazenta|Protect\n|move|p2b: Slowking|Scald|p1a: Zamazenta\n|-activate|p1a: Zamazenta|move: Protect\n|move|p2a: Kyurem|Freeze-Dry|p1b: Tornadus\n|-damage|p1b: Tornadus|50/100\n|move|p1b: Tornadus|Bleakwind Storm|p2b: Slowking|[spread] p2a,p2b\n|-damage|p2a: Kyurem|12/100\n|-damage|p2b: Slowking|16/100\n|\n|-weather|Snowscape|[upkeep]\n|-damage|p1a: Zamazenta|15/100 brn|[from] brn\n|upkeep\n|turn|10\n|\n|t:|1769630421\n|move|p2b: Slowking|Scald|p1a: Zamazenta\n|-damage|p1a: Zamazenta|0 fnt\n|faint|p1a: Zamazenta\n|move|p2a: Kyurem|Dragon Pulse|p1b: Tornadus\n|-damage|p1b: Tornadus|0 fnt\n|faint|p1b: Tornadus\n|\n|win|Tepig_nNz_498\n|raw|Schimmli's rating: 1498 &rarr; <strong>1472</strong><br />(-26 for losing)\n|raw|Tepig_nNz_498's rating: 1394 &rarr; <strong>1420</strong><br />(+26 for winning)\n|l|\u2606Tepig_nNz_498\n|player|p2|\n|l|\u2606Schimmli\n|player|p1|\n","uploadtime":1769630675,"views":40,"formatid":"gen9vgc2026regi","rating":1420,"private":0,"password":null}