{"id":"gen9vgc2026regi-2579009686","format":"[Gen 9] VGC 2026 Reg I","players":["yubanmeiqin","jj11j1"],"log":"|j|\u2606yubanmeiqin\n|j|\u2606jj11j1\n|t:|1775744901\n|gametype|doubles\n|player|p1|yubanmeiqin|lillie-masters2|1617\n|player|p2|jj11j1|101|1534\n|gen|9\n|tier|[Gen 9] VGC 2026 Reg I\n|rated|\n|rule|Species Clause: Limit one of each Pok\u00e9mon\n|rule|Item Clause: Limit 1 of each item\n|clearpoke\n|poke|p1|Koraidon, L50|\n|poke|p1|Lunala, L50|\n|poke|p1|Tornadus, L50, M|\n|poke|p1|Raging Bolt, L50|\n|poke|p1|Rillaboom, L50, F|\n|poke|p1|Incineroar, L50, F|\n|poke|p2|Ho-Oh, L50|\n|poke|p2|Calyrex-Ice, L50|\n|poke|p2|Overqwil, L50, F|\n|poke|p2|Ting-Lu, L50|\n|poke|p2|Rillaboom, L50, F|\n|poke|p2|Ogerpon-Wellspring, L50, F|\n|teampreview|4\n|\n|t:|1775744929\n|teamsize|p1|4\n|teamsize|p2|4\n|start\n|switch|p1a: \u82cd\u5d0e\u9752\u5b50|Lunala, L50|100/100\n|switch|p1b: \u4f24\u75db\u4e4b\u8d64|Koraidon, L50, shiny|100/100\n|switch|p2a: Overqwil|Overqwil, L50, F|100/100\n|switch|p2b: Ho-Oh|Ho-Oh, L50|100/100\n|-weather|SunnyDay|[from] ability: Orichalcum Pulse|[of] p1b: \u4f24\u75db\u4e4b\u8d64\n|-activate|p1b: \u4f24\u75db\u4e4b\u8d64|Orichalcum Pulse|[source]\n|-ability|p2a: Overqwil|Intimidate|boost\n|-unboost|p1a: \u82cd\u5d0e\u9752\u5b50|atk|1\n|-fail|p1b: \u4f24\u75db\u4e4b\u8d64|unboost|[from] item: Clear Amulet|[of] p1b: \u4f24\u75db\u4e4b\u8d64\n|turn|1\n|\n|t:|1775744953\n|switch|p1a: \u85e4\u59d0|Incineroar, L50, F|100/100\n|-ability|p1a: \u85e4\u59d0|Intimidate|boost\n|-unboost|p2a: Overqwil|atk|1\n|-unboost|p2b: Ho-Oh|atk|1\n|-terastallize|p1b: \u4f24\u75db\u4e4b\u8d64|Fire\n|move|p2b: Ho-Oh|Protect|p2b: Ho-Oh\n|-singleturn|p2b: Ho-Oh|Protect\n|move|p1b: \u4f24\u75db\u4e4b\u8d64|Flame Charge|p2a: Overqwil\n|-damage|p2a: Overqwil|33/100\n|-boost|p1b: \u4f24\u75db\u4e4b\u8d64|spe|1\n|move|p2a: Overqwil|Throat Chop|p1a: \u85e4\u59d0\n|-resisted|p1a: \u85e4\u59d0\n|-damage|p1a: \u85e4\u59d0|93/100\n|-start|p1a: \u85e4\u59d0|Throat Chop|[silent]\n|\n|-weather|SunnyDay|[upkeep]\n|-heal|p2a: Overqwil|40/100|[from] item: Black Sludge\n|upkeep\n|turn|2\n|\n|t:|1775744984\n|move|p1b: \u4f24\u75db\u4e4b\u8d64|Protect|p1b: \u4f24\u75db\u4e4b\u8d64\n|-singleturn|p1b: \u4f24\u75db\u4e4b\u8d64|Protect\n|move|p2a: Overqwil|Protect|p2a: Overqwil\n|-singleturn|p2a: Overqwil|Protect\n|move|p2b: Ho-Oh|Life Dew||[still]|[spread] p2a,p2b\n|-heal|p2a: Overqwil|65/100\n|-fail|p2b: Ho-Oh|heal\n|move|p1a: \u85e4\u59d0|Knock Off|p2b: Ho-Oh\n|-damage|p2b: Ho-Oh|72/100\n|-damage|p1a: \u85e4\u59d0|77/100|[from] item: Rocky Helmet|[of] p2b: Ho-Oh\n|-enditem|p2b: Ho-Oh|Rocky Helmet|[from] move: Knock Off|[of] p1a: \u85e4\u59d0\n|\n|-weather|SunnyDay|[upkeep]\n|-heal|p2a: Overqwil|71/100|[from] item: Black Sludge\n|-end|p1a: \u85e4\u59d0|Throat Chop|[silent]\n|upkeep\n|turn|3\n|\n|t:|1775745000\n|move|p1b: \u4f24\u75db\u4e4b\u8d64|Flare Blitz|p2a: Overqwil\n|-damage|p2a: Overqwil|0 fnt\n|faint|p2a: Overqwil\n|-damage|p1b: \u4f24\u75db\u4e4b\u8d64|78/100|[from] Recoil\n|move|p2b: Ho-Oh|Life Dew|p2b: Ho-Oh\n|-heal|p2b: Ho-Oh|97/100\n|move|p1a: \u85e4\u59d0|U-turn|p2b: Ho-Oh\n|-resisted|p2b: Ho-Oh\n|-damage|p2b: Ho-Oh|94/100\n|\n|t:|1775745007\n|switch|p1a: \u82cd\u5d0e\u9752\u5b50|Lunala, L50|100/100|[from] U-turn\n|\n|-weather|SunnyDay|[upkeep]\n|upkeep\n|\n|t:|1775745013\n|switch|p2a: Ting-Lu|Ting-Lu, L50|100/100\n|-ability|p2a: Ting-Lu|Vessel of Ruin\n|turn|4\n|\n|t:|1775745027\n|switch|p1b: \u4e24\u4eea\u5f0f|Rillaboom, L50, F|100/100\n|-fieldstart|move: Grassy Terrain|[from] ability: Grassy Surge|[of] p1b: \u4e24\u4eea\u5f0f\n|move|p1a: \u82cd\u5d0e\u9752\u5b50|Moonblast|p2a: Ting-Lu\n|-supereffective|p2a: Ting-Lu\n|-damage|p2a: Ting-Lu|58/100\n|move|p2b: Ho-Oh|Sacred Fire|p1a: \u82cd\u5d0e\u9752\u5b50\n|-crit|p1a: \u82cd\u5d0e\u9752\u5b50\n|-damage|p1a: \u82cd\u5d0e\u9752\u5b50|53/100\n|-status|p1a: \u82cd\u5d0e\u9752\u5b50|brn\n|move|p2a: Ting-Lu|Stomping Tantrum|p1b: \u4e24\u4eea\u5f0f\n|-resisted|p1b: \u4e24\u4eea\u5f0f\n|-damage|p1b: \u4e24\u4eea\u5f0f|74/100\n|\n|-weather|SunnyDay|[upkeep]\n|-heal|p1a: \u82cd\u5d0e\u9752\u5b50|59/100 brn|[from] Grassy Terrain\n|-heal|p1b: \u4e24\u4eea\u5f0f|80/100|[from] Grassy Terrain\n|-heal|p2a: Ting-Lu|64/100|[from] Grassy Terrain\n|-damage|p1a: \u82cd\u5d0e\u9752\u5b50|53/100 brn|[from] brn\n|upkeep\n|turn|5\n|\n|t:|1775745051\n|-terastallize|p2a: Ting-Lu|Fire\n|move|p1b: \u4e24\u4eea\u5f0f|Fake Out|p2a: Ting-Lu\n|-damage|p2a: Ting-Lu|57/100\n|move|p1a: \u82cd\u5d0e\u9752\u5b50|Meteor Beam||[still]\n|-prepare|p1a: \u82cd\u5d0e\u9752\u5b50|Meteor Beam\n|-boost|p1a: \u82cd\u5d0e\u9752\u5b50|spa|1\n|-enditem|p1a: \u82cd\u5d0e\u9752\u5b50|Power Herb\n|-anim|p1a: \u82cd\u5d0e\u9752\u5b50|Meteor Beam|p2b: Ho-Oh\n|-supereffective|p2b: Ho-Oh\n|-damage|p2b: Ho-Oh|0 fnt\n|faint|p2b: Ho-Oh\n|cant|p2a: Ting-Lu|flinch\n|\n|-weather|none\n|-heal|p1a: \u82cd\u5d0e\u9752\u5b50|59/100 brn|[from] Grassy Terrain\n|-heal|p1b: \u4e24\u4eea\u5f0f|86/100|[from] Grassy Terrain\n|-heal|p2a: Ting-Lu|63/100|[from] Grassy Terrain\n|-damage|p1a: \u82cd\u5d0e\u9752\u5b50|53/100 brn|[from] brn\n|upkeep\n|\n|t:|1775745065\n|switch|p2b: Calyrex|Calyrex-Ice, L50|100/100\n|-ability|p2b: Calyrex|As One\n|-ability|p2b: Calyrex|Unnerve\n|turn|6\n|\n|t:|1775745076\n|move|p1a: \u82cd\u5d0e\u9752\u5b50|Moongeist Beam|p2a: Ting-Lu\n|-damage|p2a: Ting-Lu|12/100\n|move|p1b: \u4e24\u4eea\u5f0f|Wood Hammer|p2a: Ting-Lu\n|-resisted|p2a: Ting-Lu\n|-damage|p2a: Ting-Lu|0 fnt\n|faint|p2a: Ting-Lu\n|-damage|p1b: \u4e24\u4eea\u5f0f|81/100|[from] Recoil\n|move|p2b: Calyrex|Trick Room|p2b: Calyrex\n|-fieldstart|move: Trick Room|[of] p2b: Calyrex\n|\n|-heal|p1b: \u4e24\u4eea\u5f0f|87/100|[from] Grassy Terrain\n|-heal|p1a: \u82cd\u5d0e\u9752\u5b50|59/100 brn|[from] Grassy Terrain\n|-damage|p1a: \u82cd\u5d0e\u9752\u5b50|53/100 brn|[from] brn\n|upkeep\n|turn|7\n|\n|t:|1775745089\n|move|p1a: \u82cd\u5d0e\u9752\u5b50|Wide Guard|p1a: \u82cd\u5d0e\u9752\u5b50\n|-singleturn|p1a: \u82cd\u5d0e\u9752\u5b50|Wide Guard\n|move|p2b: Calyrex|Leech Seed|p1a: \u82cd\u5d0e\u9752\u5b50\n|-start|p1a: \u82cd\u5d0e\u9752\u5b50|move: Leech Seed\n|move|p1b: \u4e24\u4eea\u5f0f|U-turn|p2b: Calyrex\n|-supereffective|p2b: Calyrex\n|-damage|p2b: Calyrex|77/100\n|\n|t:|1775745095\n|switch|p1b: \u85e4\u59d0|Incineroar, L50, F|77/100|[from] U-turn\n|-ability|p1b: \u85e4\u59d0|Intimidate|boost\n|-unboost|p2b: Calyrex|atk|1\n|\n|-heal|p2b: Calyrex|83/100|[from] Grassy Terrain\n|-heal|p2b: Calyrex|89/100|[from] item: Leftovers\n|-heal|p1b: \u85e4\u59d0|83/100|[from] Grassy Terrain\n|-heal|p1a: \u82cd\u5d0e\u9752\u5b50|59/100 brn|[from] Grassy Terrain\n|-damage|p1a: \u82cd\u5d0e\u9752\u5b50|47/100 brn|[from] Leech Seed|[of] p2b: Calyrex\n|-heal|p2b: Calyrex|100/100|[silent]\n|-damage|p1a: \u82cd\u5d0e\u9752\u5b50|40/100 brn|[from] brn\n|upkeep\n|turn|8\n|\n|t:|1775745107\n|switch|p1a: \u4e24\u4eea\u5f0f|Rillaboom, L50, F|87/100\n|move|p2b: Calyrex|Protect|p2b: Calyrex\n|-singleturn|p2b: Calyrex|Protect\n|move|p1b: \u85e4\u59d0|Fake Out|p2b: Calyrex\n|-activate|p2b: Calyrex|move: Protect\n|\n|-heal|p1b: \u85e4\u59d0|89/100|[from] Grassy Terrain\n|-heal|p1a: \u4e24\u4eea\u5f0f|93/100|[from] Grassy Terrain\n|-fieldend|move: Grassy Terrain\n|upkeep\n|turn|9\n|\n|t:|1775745120\n|move|p1a: \u4e24\u4eea\u5f0f|Fake Out|p2b: Calyrex\n|-damage|p2b: Calyrex|94/100\n|cant|p2b: Calyrex|flinch\n|move|p1b: \u85e4\u59d0|U-turn|p2b: Calyrex\n|-supereffective|p2b: Calyrex\n|-damage|p2b: Calyrex|76/100\n|\n|t:|1775745127\n|switch|p1b: \u4f24\u75db\u4e4b\u8d64|Koraidon, L50, shiny, tera:Fire|78/100|[from] U-turn\n|-weather|SunnyDay|[from] ability: Orichalcum Pulse|[of] p1b: \u4f24\u75db\u4e4b\u8d64\n|-activate|p1b: \u4f24\u75db\u4e4b\u8d64|Orichalcum Pulse|[source]\n|\n|-weather|SunnyDay|[upkeep]\n|-heal|p2b: Calyrex|82/100|[from] item: Leftovers\n|upkeep\n|turn|10\n|\n|t:|1775745136\n|switch|p1a: \u85e4\u59d0|Incineroar, L50, F|89/100\n|-ability|p1a: \u85e4\u59d0|Intimidate|boost\n|-unboost|p2b: Calyrex|atk|1\n|move|p2b: Calyrex|Leech Seed|p1b: \u4f24\u75db\u4e4b\u8d64\n|-start|p1b: \u4f24\u75db\u4e4b\u8d64|move: Leech Seed\n|move|p1b: \u4f24\u75db\u4e4b\u8d64|Flare Blitz|p2b: Calyrex\n|-supereffective|p2b: Calyrex\n|-damage|p2b: Calyrex|0 fnt\n|faint|p2b: Calyrex\n|-damage|p1b: \u4f24\u75db\u4e4b\u8d64|50/100|[from] Recoil\n|\n|win|yubanmeiqin\n|raw|yubanmeiqin's rating: 1617 &rarr; <strong>1632</strong><br />(+15 for winning)\n|raw|jj11j1's rating: 1534 &rarr; <strong>1519</strong><br />(-15 for losing)\n|l|\u2606jj11j1\n|player|p2|\n|l|\u2606yubanmeiqin\n|player|p1|\n|j| VegitoSKBEST\n","uploadtime":1775745388,"views":23,"formatid":"gen9vgc2026regi","rating":1519,"private":0,"password":null}