{"id":"gen9vgc2026regi-2549989381","format":"[Gen 9] VGC 2026 Reg I","players":["RandomcatFFR","I\u2764\ufe0f\u5a1c\u7984forever"],"log":"|j|\u2606RandomcatFFR\n|j|\u2606I\u2764\ufe0f\u5a1c\u7984forever\n|t:|1772437467\n|gametype|doubles\n|player|p1|RandomcatFFR|artist-gen4|1424\n|player|p2|I\u2764\ufe0f\u5a1c\u7984forever|youngcouple-gen4dp|1473\n|gen|9\n|tier|[Gen 9] VGC 2026 Reg I\n|rated|\n|rule|Species Clause: Limit one of each Pok\u00e9mon\n|rule|Item Clause: Limit 1 of each item\n|clearpoke\n|poke|p1|Lunala, L50|\n|poke|p1|Incineroar, L50, F|\n|poke|p1|Brute Bonnet, L50|\n|poke|p1|Ursaluna, L50, F|\n|poke|p1|Flutter Mane, L50|\n|poke|p1|Koraidon, L50|\n|poke|p2|Groudon, L50|\n|poke|p2|Kyurem-White, L50|\n|poke|p2|Heatran, L50, M|\n|poke|p2|Whimsicott, L50, M|\n|poke|p2|Roaring Moon, L50|\n|poke|p2|Ditto, L50|\n|teampreview|4\n|\n|t:|1772437510\n|teamsize|p1|4\n|teamsize|p2|4\n|start\n|switch|p1a: Incineroar|Incineroar, L50, F|100/100\n|switch|p1b: Lunala|Lunala, L50|100/100\n|switch|p2a: Roaring Moon|Roaring Moon, L50|100/100\n|switch|p2b: Kyurem|Kyurem-White, L50|100/100\n|-ability|p2b: Kyurem|Turboblaze\n|-ability|p1a: Incineroar|Intimidate|boost\n|-unboost|p2a: Roaring Moon|atk|1\n|-unboost|p2b: Kyurem|atk|1\n|turn|1\n|\n|t:|1772437530\n|move|p1a: Incineroar|Fake Out|p2a: Roaring Moon\n|-damage|p2a: Roaring Moon|90/100\n|cant|p2a: Roaring Moon|flinch\n|move|p2b: Kyurem|Blizzard|p1b: Lunala|[spread] p1a\n|-miss|p2b: Kyurem|p1b: Lunala\n|-enditem|p2b: Kyurem|Blunder Policy\n|-boost|p2b: Kyurem|spe|2\n|-resisted|p1a: Incineroar\n|-damage|p1a: Incineroar|74/100\n|move|p1b: Lunala|Trick Room|p1b: Lunala\n|-fieldstart|move: Trick Room|[of] p1b: Lunala\n|\n|upkeep\n|turn|2\n|\n|t:|1772437581\n|move|p1b: Lunala|Wide Guard|p1b: Lunala\n|-singleturn|p1b: Lunala|Wide Guard\n|move|p1a: Incineroar|Parting Shot|p2a: Roaring Moon\n|-unboost|p2a: Roaring Moon|atk|1\n|-unboost|p2a: Roaring Moon|spa|1\n|\n|t:|1772437586\n|switch|p1a: Ursaluna|Ursaluna, L50, F|100/100|[from] Parting Shot\n|move|p2a: Roaring Moon|Knock Off|p1b: Lunala\n|-supereffective|p1b: Lunala\n|-damage|p1b: Lunala|58/100\n|-enditem|p1b: Lunala|Power Herb|[from] move: Knock Off|[of] p2a: Roaring Moon\n|move|p2b: Kyurem|Shadow Ball|p1b: Lunala\n|-supereffective|p1b: Lunala\n|-damage|p1b: Lunala|0 fnt\n|faint|p1b: Lunala\n|\n|-status|p1a: Ursaluna|brn|[from] item: Flame Orb\n|upkeep\n|\n|t:|1772437601\n|switch|p1b: Koraidon|Koraidon, L50|100/100\n|-weather|SunnyDay|[from] ability: Orichalcum Pulse|[of] p1b: Koraidon\n|-activate|p2a: Roaring Moon|ability: Protosynthesis\n|-start|p2a: Roaring Moon|protosynthesisspe\n|-activate|p1b: Koraidon|Orichalcum Pulse|[source]\n|turn|3\n|\n|t:|1772437638\n|-end|p2a: Roaring Moon|Protosynthesis|[silent]\n|switch|p2a: Heatran|Heatran, L50, M|100/100\n|-terastallize|p2b: Kyurem|Ghost\n|move|p1a: Ursaluna|Facade|p2a: Heatran\n|-resisted|p2a: Heatran\n|-damage|p2a: Heatran|52/100\n|move|p1b: Koraidon|Close Combat|p2b: Kyurem\n|-immune|p2b: Kyurem\n|move|p2b: Kyurem|Blizzard|p1b: Koraidon|[spread] \n|-miss|p2b: Kyurem|p1a: Ursaluna\n|-miss|p2b: Kyurem|p1b: Koraidon\n|\n|-weather|SunnyDay|[upkeep]\n|-heal|p2a: Heatran|58/100|[from] item: Leftovers\n|-damage|p1a: Ursaluna|95/100 brn|[from] brn\n|upkeep\n|turn|4\n|\n|t:|1772437664\n|-terastallize|p1b: Koraidon|Fire\n|move|p2a: Heatran|Protect|p2a: Heatran\n|-singleturn|p2a: Heatran|Protect\n|move|p1a: Ursaluna|Headlong Rush|p2a: Heatran\n|-activate|p2a: Heatran|move: Protect\n|move|p1b: Koraidon|Flare Blitz|p2b: Kyurem\n|-damage|p2b: Kyurem|0 fnt\n|faint|p2b: Kyurem\n|-damage|p1b: Koraidon|57/100|[from] Recoil\n|-damage|p1b: Koraidon|47/100|[from] item: Life Orb\n|\n|-weather|SunnyDay|[upkeep]\n|-heal|p2a: Heatran|64/100|[from] item: Leftovers\n|-damage|p1a: Ursaluna|89/100 brn|[from] brn\n|upkeep\n|\n|t:|1772437678\n|switch|p2b: Groudon|Groudon, L50|100/100\n|turn|5\n|\n|t:|1772437688\n|move|p1b: Koraidon|Protect|p1b: Koraidon\n|-singleturn|p1b: Koraidon|Protect\n|move|p1a: Ursaluna|Earthquake|p2a: Heatran|[spread] p2a,p2b\n|-activate|p1b: Koraidon|move: Protect\n|-supereffective|p2a: Heatran\n|-damage|p2a: Heatran|0 fnt\n|-damage|p2b: Groudon|58/100\n|faint|p2a: Heatran\n|move|p2b: Groudon|Precipice Blades|p1b: Koraidon|[spread] p1a\n|-activate|p1b: Koraidon|move: Protect\n|-damage|p1a: Ursaluna|50/100 brn\n|\n|-weather|SunnyDay|[upkeep]\n|-damage|p1a: Ursaluna|44/100 brn|[from] brn\n|-fieldend|move: Trick Room\n|upkeep\n|\n|t:|1772437697\n|switch|p2a: Roaring Moon|Roaring Moon, L50|90/100\n|-activate|p2a: Roaring Moon|ability: Protosynthesis\n|-start|p2a: Roaring Moon|protosynthesisatk\n|turn|6\n|\n|t:|1772437736\n|move|p2a: Roaring Moon|Rock Slide|p1a: Ursaluna|[spread] \n|-miss|p2a: Roaring Moon|p1a: Ursaluna\n|-miss|p2a: Roaring Moon|p1b: Koraidon\n|move|p1b: Koraidon|Close Combat|p2a: Roaring Moon\n|-supereffective|p2a: Roaring Moon\n|-damage|p2a: Roaring Moon|0 fnt\n|-unboost|p1b: Koraidon|def|1\n|-unboost|p1b: Koraidon|spd|1\n|faint|p2a: Roaring Moon\n|-end|p2a: Roaring Moon|Protosynthesis|[silent]\n|-damage|p1b: Koraidon|37/100|[from] item: Life Orb\n|move|p2b: Groudon|Precipice Blades|p1a: Ursaluna|[spread] p1a,p1b\n|-supereffective|p1b: Koraidon\n|-damage|p1a: Ursaluna|5/100 brn\n|-damage|p1b: Koraidon|0 fnt\n|faint|p1b: Koraidon\n|move|p1a: Ursaluna|Facade|p2b: Groudon\n|-damage|p2b: Groudon|0 fnt\n|faint|p2b: Groudon\n|\n|win|RandomcatFFR\n|raw|RandomcatFFR's rating: 1424 &rarr; <strong>1447</strong><br />(+23 for winning)\n|raw|I\u2764\ufe0f\u5a1c\u7984forever's rating: 1473 &rarr; <strong>1450</strong><br />(-23 for losing)\n|c|\u2606RandomcatFFR|im so sorry\n|c|\u2606I\u2764\ufe0f\u5a1c\u7984forever|np\n|c|\u2606I\u2764\ufe0f\u5a1c\u7984forever|lol gg\n|l|\u2606I\u2764\ufe0f\u5a1c\u7984forever\n|player|p2|\n|l|\u2606RandomcatFFR\n|player|p1|\n","uploadtime":1772437904,"views":14,"formatid":"gen9vgc2026regi","rating":1447,"private":0,"password":null}