{"id":"gen9vgc2026regi-2547111578","format":"[Gen 9] VGC 2026 Reg I","players":["Tepig_nNz_498","jepeg"],"log":"|j|\u2606Tepig_nNz_498\n|j|\u2606jepeg\n|t:|1772047614\n|gametype|doubles\n|player|p1|Tepig_nNz_498|101|1359\n|player|p2|jepeg|beauty-gen4dp|1322\n|gen|9\n|tier|[Gen 9] VGC 2026 Reg I\n|rated|\n|rule|Species Clause: Limit one of each Pok\u00e9mon\n|rule|Item Clause: Limit 1 of each item\n|clearpoke\n|poke|p1|Calyrex-Ice, L50|\n|poke|p1|Incineroar, L50, M|\n|poke|p1|Slowking, L50, M|\n|poke|p1|Kyurem-White, L50|\n|poke|p1|Ninetales-Alola, L50, F|\n|poke|p1|Cetitan, L50, M|\n|poke|p2|Calyrex-Shadow, L50|\n|poke|p2|Oranguru, L50, F|\n|poke|p2|Miraidon, L50|\n|poke|p2|Ogerpon-Hearthflame, L50, F|\n|poke|p2|Bruxish, L50, F|\n|poke|p2|Torkoal, L50, F|\n|teampreview|4\n|\n|t:|1772047643\n|teamsize|p1|4\n|teamsize|p2|4\n|start\n|switch|p1a: Kyurem|Kyurem-White, L50|100/100\n|switch|p1b: Ninetales|Ninetales-Alola, L50, F|100/100\n|switch|p2a: Calyrex|Calyrex-Shadow, L50|100/100\n|switch|p2b: Oranguru|Oranguru, L50, F, shiny|100/100\n|-ability|p2a: Calyrex|As One\n|-ability|p2a: Calyrex|Unnerve\n|-weather|Snowscape|[from] ability: Snow Warning|[of] p1b: Ninetales\n|-ability|p1a: Kyurem|Turboblaze\n|turn|1\n|\n|t:|1772047680\n|-terastallize|p2a: Calyrex|Fire\n|move|p2a: Calyrex|Astral Barrage|p1a: Kyurem|[spread] p1a,p1b\n|-damage|p1a: Kyurem|69/100\n|-damage|p1b: Ninetales|42/100\n|move|p1b: Ninetales|Aurora Veil|p1b: Ninetales\n|-sidestart|p1: Tepig_nNz_498|move: Aurora Veil\n|move|p1a: Kyurem|Blizzard|p2a: Calyrex|[spread] p2a,p2b\n|-resisted|p2a: Calyrex\n|-damage|p2a: Calyrex|72/100\n|-damage|p2b: Oranguru|57/100\n|move|p2b: Oranguru|Instruct|p2a: Calyrex\n|-singleturn|p2a: Calyrex|move: Instruct|[of] p2b: Oranguru\n|move|p2a: Calyrex|Astral Barrage|p1a: Kyurem|[spread] p1a,p1b\n|-damage|p1a: Kyurem|49/100\n|-damage|p1b: Ninetales|3/100\n|\n|-weather|Snowscape|[upkeep]\n|upkeep\n|turn|2\n|\n|t:|1772047718\n|move|p2a: Calyrex|Astral Barrage|p1a: Kyurem|[spread] p1a,p1b\n|-damage|p1a: Kyurem|29/100\n|-damage|p1b: Ninetales|0 fnt\n|faint|p1b: Ninetales\n|-ability|p2a: Calyrex|Grim Neigh|boost\n|-boost|p2a: Calyrex|spa|1\n|move|p1a: Kyurem|Earth Power|p2a: Calyrex\n|-supereffective|p2a: Calyrex\n|-damage|p2a: Calyrex|0 fnt\n|faint|p2a: Calyrex\n|move|p2b: Oranguru|Instruct|p2: Calyrex|[notarget]\n|-fail|p2b: Oranguru\n|\n|-weather|Snowscape|[upkeep]\n|upkeep\n|\n|t:|1772047737\n|switch|p2a: Bruxish|Bruxish, L50, F, shiny|100/100\n|switch|p1b: Slowking|Slowking, L50, M|100/100\n|turn|3\n|\n|t:|1772047766\n|move|p2a: Bruxish|Super Fang|p1b: Slowking\n|-damage|p1b: Slowking|50/100\n|move|p1a: Kyurem|Freeze-Dry|p2a: Bruxish\n|-supereffective|p2a: Bruxish\n|-damage|p2a: Bruxish|0 fnt\n|faint|p2a: Bruxish\n|move|p2b: Oranguru|Trick Room|p2b: Oranguru\n|-fieldstart|move: Trick Room|[of] p2b: Oranguru\n|move|p1b: Slowking|Trick Room|p1b: Slowking\n|-fieldend|move: Trick Room\n|\n|-weather|Snowscape|[upkeep]\n|upkeep\n|\n|t:|1772047775\n|switch|p2a: Torkoal|Torkoal, L50, F|100/100\n|-weather|SunnyDay|[from] ability: Drought|[of] p2a: Torkoal\n|turn|4\n|\n|t:|1772047781\n|move|p1a: Kyurem|Earth Power|p2a: Torkoal\n|-supereffective|p2a: Torkoal\n|-damage|p2a: Torkoal|0 fnt\n|faint|p2a: Torkoal\n|-prepare|p1b: Slowking|Chilly Reception|[premajor]\n|move|p1b: Slowking|Chilly Reception|p1b: Slowking\n|-weather|Snowscape\n|\n|t:|1772047784\n|switch|p1b: Calyrex|Calyrex-Ice, L50|100/100|[from] Chilly Reception\n|-ability|p1b: Calyrex|As One\n|-ability|p1b: Calyrex|Unnerve\n|move|p2b: Oranguru|Trick Room|p2b: Oranguru\n|-fieldstart|move: Trick Room|[of] p2b: Oranguru\n|\n|-weather|Snowscape|[upkeep]\n|upkeep\n|turn|5\n|-message|jepeg forfeited.\n|\n|win|Tepig_nNz_498\n|raw|Tepig_nNz_498's rating: 1359 &rarr; <strong>1377</strong><br />(+18 for winning)\n|raw|jepeg's rating: 1322 &rarr; <strong>1304</strong><br />(-18 for losing)\n|l|\u2606jepeg\n|player|p2|\n|l|\u2606Tepig_nNz_498\n|player|p1|\n","uploadtime":1772048059,"views":13,"formatid":"gen9vgc2026regi","rating":1304,"private":0,"password":null}