{"id":"gen9vgc2026regi-2564975501","format":"[Gen 9] VGC 2026 Reg I","players":["sheeshshane925","pigs2fly"],"log":"|j|\u2606sheeshshane925\n|j|\u2606pigs2fly\n|t:|1774215991\n|gametype|doubles\n|player|p1|sheeshshane925|chuck|1494\n|player|p2|pigs2fly|dexio|1471\n|gen|9\n|tier|[Gen 9] VGC 2026 Reg I\n|rated|\n|rule|Species Clause: Limit one of each Pok\u00e9mon\n|rule|Item Clause: Limit 1 of each item\n|clearpoke\n|poke|p1|Calyrex-Ice, L50|\n|poke|p1|Miraidon, L50|\n|poke|p1|Farigiraf, L50, F|\n|poke|p1|Iron Hands, L50|\n|poke|p1|Scraggy, L50, M|\n|poke|p1|Iron Bundle, L50|\n|poke|p2|Annihilape, L50, M|\n|poke|p2|Tornadus, L50, M|\n|poke|p2|Dondozo, L50, M|\n|poke|p2|Tatsugiri, L50, M|\n|poke|p2|Zacian-*, L50|\n|poke|p2|Kyogre, L50|\n|teampreview|4\n|\n|t:|1774216002\n|teamsize|p1|4\n|teamsize|p2|4\n|start\n|switch|p1a: Iron Bundle|Iron Bundle, L50|100/100\n|switch|p1b: Miraidon|Miraidon, L50, shiny|100/100\n|switch|p2a: Dondozo|Dondozo, L50, M|100/100\n|switch|p2b: Annihilape|Annihilape, L50, M|100/100\n|-fieldstart|move: Electric Terrain|[from] ability: Hadron Engine|[of] p1b: Miraidon\n|-activate|p1a: Iron Bundle|ability: Quark Drive\n|-start|p1a: Iron Bundle|quarkdrivespe\n|turn|1\n|\n|t:|1774216022\n|switch|p2b: Tatsugiri|Tatsugiri, L50, M|100/100\n|-activate|p2b: Tatsugiri|ability: Commander|[of] p2a: Dondozo\n|-boost|p2a: Dondozo|atk|2\n|-boost|p2a: Dondozo|spa|2\n|-boost|p2a: Dondozo|spe|2\n|-boost|p2a: Dondozo|def|2\n|-boost|p2a: Dondozo|spd|2\n|-terastallize|p2a: Dondozo|Grass\n|move|p1a: Iron Bundle|Icy Wind|p2a: Dondozo|[spread] p2a\n|-miss|p1a: Iron Bundle|p2b: Tatsugiri\n|-supereffective|p2a: Dondozo\n|-damage|p2a: Dondozo|85/100\n|-unboost|p2a: Dondozo|spe|1\n|move|p1b: Miraidon|Dazzling Gleam|p2a: Dondozo|[spread] p2a\n|-miss|p1b: Miraidon|p2b: Tatsugiri\n|-damage|p2a: Dondozo|70/100\n|-damage|p1b: Miraidon|91/100|[from] item: Life Orb\n|move|p2a: Dondozo|Earthquake|p1b: Miraidon|[spread] p1a,p1b\n|-miss|p2a: Dondozo|p2b: Tatsugiri\n|-supereffective|p1b: Miraidon\n|-damage|p1a: Iron Bundle|51/100\n|-damage|p1b: Miraidon|19/100\n|\n|-heal|p2a: Dondozo|76/100|[from] item: Leftovers\n|upkeep\n|turn|2\n|\n|t:|1774216053\n|move|p1a: Iron Bundle|Freeze-Dry|p2a: Dondozo\n|-supereffective|p2a: Dondozo\n|-damage|p2a: Dondozo|48/100\n|move|p1b: Miraidon|Dazzling Gleam|p2b: Tatsugiri|[spread] p2a\n|-miss|p1b: Miraidon|p2b: Tatsugiri\n|-damage|p2a: Dondozo|33/100\n|-damage|p1b: Miraidon|10/100|[from] item: Life Orb\n|move|p2a: Dondozo|Heavy Slam|p1a: Iron Bundle\n|-damage|p1a: Iron Bundle|0 fnt\n|faint|p1a: Iron Bundle\n|-end|p1a: Iron Bundle|Quark Drive|[silent]\n|\n|-heal|p2a: Dondozo|39/100|[from] item: Leftovers\n|upkeep\n|\n|t:|1774216058\n|switch|p1a: Calyrex|Calyrex-Ice, L50|100/100\n|-ability|p1a: Calyrex|As One\n|-ability|p1a: Calyrex|Unnerve\n|turn|3\n|\n|t:|1774216072\n|move|p1b: Miraidon|Volt Switch|p2a: Dondozo\n|-resisted|p2a: Dondozo\n|-damage|p2a: Dondozo|22/100\n|-damage|p1b: Miraidon|0 fnt|[from] item: Life Orb\n|faint|p1b: Miraidon\n|move|p2a: Dondozo|Earthquake|p1a: Calyrex|[spread] p1a\n|-miss|p2a: Dondozo|p2b: Tatsugiri\n|-damage|p1a: Calyrex|73/100\n|move|p1a: Calyrex|Trick Room|p1a: Calyrex\n|-fieldstart|move: Trick Room|[of] p1a: Calyrex\n|\n|-heal|p2a: Dondozo|28/100|[from] item: Leftovers\n|upkeep\n|\n|t:|1774216079\n|switch|p1b: Scraggy|Scraggy, L50, M|100/100\n|-ability|p1b: Scraggy|Intimidate|boost\n|-unboost|p2a: Dondozo|atk|1\n|-unboost|p2b: Tatsugiri|atk|1\n|turn|4\n|\n|t:|1774216106\n|move|p2a: Dondozo|Protect|p2a: Dondozo\n|-singleturn|p2a: Dondozo|Protect\n|move|p1b: Scraggy|Coaching|p1a: Calyrex\n|-boost|p1a: Calyrex|atk|1\n|-boost|p1a: Calyrex|def|1\n|move|p1a: Calyrex|Glacial Lance|p2b: Tatsugiri|[spread] \n|-miss|p1a: Calyrex|p2b: Tatsugiri\n|-activate|p2a: Dondozo|move: Protect\n|\n|-heal|p2a: Dondozo|35/100|[from] item: Leftovers\n|upkeep\n|turn|5\n|\n|t:|1774216119\n|move|p1b: Scraggy|Foul Play|p2a: Dondozo\n|-damage|p2a: Dondozo|20/100\n|move|p1a: Calyrex|Glacial Lance|p2b: Tatsugiri|[spread] p2a\n|-miss|p1a: Calyrex|p2b: Tatsugiri\n|-supereffective|p2a: Dondozo\n|-damage|p2a: Dondozo|0 fnt\n|faint|p2a: Dondozo\n|-ability|p1a: Calyrex|Chilling Neigh|boost\n|-boost|p1a: Calyrex|atk|1\n|\n|-fieldend|move: Electric Terrain\n|upkeep\n|\n|t:|1774216124\n|switch|p2a: Zacian|Zacian-Crowned, L50, shiny|100/100\n|-ability|p2a: Zacian|Intrepid Sword|boost\n|-boost|p2a: Zacian|atk|1\n|turn|6\n|\n|t:|1774216161\n|-terastallize|p1b: Scraggy|Poison\n|move|p2b: Tatsugiri|Helping Hand|p2a: Zacian\n|-singleturn|p2a: Zacian|Helping Hand|[of] p2b: Tatsugiri\n|move|p1b: Scraggy|Foul Play|p2b: Tatsugiri\n|-damage|p2b: Tatsugiri|83/100\n|move|p1a: Calyrex|Glacial Lance|p2a: Zacian|[spread] p2a,p2b\n|-resisted|p2a: Zacian\n|-damage|p2a: Zacian|54/100\n|-damage|p2b: Tatsugiri|0 fnt\n|faint|p2b: Tatsugiri\n|-ability|p1a: Calyrex|Chilling Neigh|boost\n|-boost|p1a: Calyrex|atk|1\n|move|p2a: Zacian|Behemoth Blade|p1a: Calyrex\n|-supereffective|p1a: Calyrex\n|-damage|p1a: Calyrex|0 fnt\n|faint|p1a: Calyrex\n|\n|upkeep\n|\n|t:|1774216166\n|switch|p2b: Annihilape|Annihilape, L50, M|100/100\n|turn|7\n|-message|sheeshshane925 forfeited.\n|\n|win|pigs2fly\n|raw|sheeshshane925's rating: 1494 &rarr; <strong>1473</strong><br />(-21 for losing)\n|raw|pigs2fly's rating: 1471 &rarr; <strong>1492</strong><br />(+21 for winning)\n|l|\u2606sheeshshane925\n|player|p1|\n|l|\u2606pigs2fly\n|player|p2|\n","uploadtime":1774216374,"views":15,"formatid":"gen9vgc2026regi","rating":1473,"private":0,"password":null}