{"id":"gen9vgc2026regi-2514258211","format":"[Gen 9] VGC 2026 Reg I","players":["skttll2","Cello L."],"log":"|j|\u203dskttll2\n|j|\u2606Cello L.\n|t:|1767840379\n|gametype|doubles\n|player|p1|skttll2|iono-masters2|1137\n|player|p2|Cello L.|cynthia-gen4|1276\n|gen|9\n|tier|[Gen 9] VGC 2026 Reg I\n|rated|\n|rule|Species Clause: Limit one of each Pok\u00e9mon\n|rule|Item Clause: Limit 1 of each item\n|clearpoke\n|poke|p1|Miraidon, L50|\n|poke|p1|Calyrex-Ice, L50|\n|poke|p1|Murkrow, L50, F|\n|poke|p1|Urshifu-*, L50, M|\n|poke|p1|Ogerpon-Hearthflame, L50, F|\n|poke|p1|Farigiraf, L50, F|\n|poke|p2|Calyrex-Shadow, L50|\n|poke|p2|Zamazenta-*, L50|\n|poke|p2|Raging Bolt, L50|\n|poke|p2|Furret, L50, M|\n|poke|p2|Rillaboom, L50, M|\n|poke|p2|Incineroar, L50, M|\n|teampreview|4\n|inactive|Battle timer is ON: inactive players will automatically lose when time's up. (requested by skttll2)\n|\n|t:|1767840428\n|teamsize|p1|4\n|teamsize|p2|4\n|start\n|switch|p1a: Miraidon|Miraidon, L50|100/100\n|switch|p1b: Farigiraf|Farigiraf, L50, F|100/100\n|switch|p2a: Zamazenta|Zamazenta-Crowned, L50|100/100\n|switch|p2b: Furret|Furret, L50, M|100/100\n|-fieldstart|move: Electric Terrain|[from] ability: Hadron Engine|[of] p1a: Miraidon\n|-enditem|p1b: Farigiraf|Electric Seed\n|-boost|p1b: Farigiraf|def|1|[from] item: Electric Seed\n|-ability|p2a: Zamazenta|Dauntless Shield|boost\n|-boost|p2a: Zamazenta|def|1\n|-item|p1a: Miraidon|Choice Specs|[from] ability: Frisk|[of] p2b: Furret\n|turn|1\n|inactive|skttll2 has 30 seconds left.\n|inactive|Cello L. has 30 seconds left.\n|inactive|Cello L. has 20 seconds left.\n|inactive|Cello L. has 15 seconds left.\n|\n|t:|1767840468\n|move|p1a: Miraidon|Volt Switch|p2a: Zamazenta\n|-damage|p2a: Zamazenta|20/100\n|\n|t:|1767840487\n|switch|p1a: Calyrex|Calyrex-Ice, L50|100/100|[from] Volt Switch\n|-ability|p1a: Calyrex|As One\n|-ability|p1a: Calyrex|Unnerve\n|move|p2a: Zamazenta|Body Press|p1b: Farigiraf\n|-damage|p1b: Farigiraf|60/100\n|move|p2b: Furret|Super Fang|p1a: Calyrex\n|-damage|p1a: Calyrex|51/100\n|move|p1b: Farigiraf|Trick Room|p1b: Farigiraf\n|-fieldstart|move: Trick Room|[of] p1b: Farigiraf\n|\n|upkeep\n|turn|2\n|\n|t:|1767840510\n|move|p2b: Furret|Follow Me|p2b: Furret\n|-singleturn|p2b: Furret|move: Follow Me\n|move|p1a: Calyrex|High Horsepower|p2b: Furret\n|-crit|p2b: Furret\n|-damage|p2b: Furret|33/100\n|move|p1b: Farigiraf|Foul Play|p2b: Furret\n|-damage|p2b: Furret|18/100\n|move|p2a: Zamazenta|Body Press|p1a: Calyrex\n|-damage|p1a: Calyrex|10/100\n|\n|upkeep\n|turn|3\n|inactive|Cello L. has 30 seconds left.\n|\n|t:|1767840537\n|switch|p2b: Rillaboom|Rillaboom, L50, M|100/100\n|-fieldstart|move: Grassy Terrain|[from] ability: Grassy Surge|[of] p2b: Rillaboom\n|move|p2a: Zamazenta|Protect|p2a: Zamazenta\n|-singleturn|p2a: Zamazenta|Protect\n|move|p1a: Calyrex|Glacial Lance|p2b: Rillaboom|[spread] p2b\n|-activate|p2a: Zamazenta|move: Protect\n|-supereffective|p2b: Rillaboom\n|-damage|p2b: Rillaboom|0 fnt\n|faint|p2b: Rillaboom\n|-ability|p1a: Calyrex|Chilling Neigh|boost\n|-boost|p1a: Calyrex|atk|1\n|move|p1b: Farigiraf|Psychic|p2a: Zamazenta\n|-activate|p2a: Zamazenta|move: Protect\n|\n|-heal|p1a: Calyrex|15/100|[from] Grassy Terrain\n|-heal|p1b: Farigiraf|67/100|[from] Grassy Terrain\n|-heal|p2a: Zamazenta|26/100|[from] Grassy Terrain\n|upkeep\n|\n|t:|1767840555\n|switch|p2b: Furret|Furret, L50, M|18/100\n|-item|p1a: Calyrex|Clear Amulet|[from] ability: Frisk|[of] p2b: Furret\n|turn|4\n|\n|t:|1767840564\n|move|p1b: Farigiraf|Helping Hand|p1a: Calyrex\n|-singleturn|p1a: Calyrex|Helping Hand|[of] p1b: Farigiraf\n|move|p2a: Zamazenta|Wide Guard|p2a: Zamazenta\n|-singleturn|p2a: Zamazenta|Wide Guard\n|move|p1a: Calyrex|Glacial Lance|p2b: Furret|[spread] \n|-activate|p2a: Zamazenta|move: Wide Guard\n|-activate|p2b: Furret|move: Wide Guard\n|move|p2b: Furret|Super Fang|p1b: Farigiraf\n|-damage|p1b: Farigiraf|34/100\n|\n|-heal|p1a: Calyrex|21/100|[from] Grassy Terrain\n|-heal|p1b: Farigiraf|40/100|[from] Grassy Terrain\n|-heal|p2b: Furret|24/100|[from] Grassy Terrain\n|-heal|p2a: Zamazenta|32/100|[from] Grassy Terrain\n|upkeep\n|turn|5\n|\n|t:|1767840588\n|move|p2b: Furret|Protect|p2b: Furret\n|-singleturn|p2b: Furret|Protect\n|move|p1a: Calyrex|Glacial Lance|p2a: Zamazenta|[spread] p2a\n|-activate|p2b: Furret|move: Protect\n|-resisted|p2a: Zamazenta\n|-damage|p2a: Zamazenta|18/100\n|move|p1b: Farigiraf|Psychic|p2a: Zamazenta\n|-damage|p2a: Zamazenta|0 fnt\n|faint|p2a: Zamazenta\n|\n|-heal|p1a: Calyrex|27/100|[from] Grassy Terrain\n|-heal|p1b: Farigiraf|46/100|[from] Grassy Terrain\n|-heal|p2b: Furret|30/100|[from] Grassy Terrain\n|-fieldend|move: Trick Room\n|upkeep\n|\n|t:|1767840599\n|switch|p2a: Calyrex|Calyrex-Shadow, L50|100/100\n|-ability|p2a: Calyrex|As One\n|-ability|p2a: Calyrex|Unnerve\n|turn|6\n|\n|t:|1767840610\n|move|p2b: Furret|Helping Hand|p2a: Calyrex\n|-singleturn|p2a: Calyrex|Helping Hand|[of] p2b: Furret\n|move|p1a: Calyrex|Protect|p1a: Calyrex\n|-singleturn|p1a: Calyrex|Protect\n|move|p2a: Calyrex|Psychic|p1b: Farigiraf\n|-resisted|p1b: Farigiraf\n|-damage|p1b: Farigiraf|1/100\n|-damage|p2a: Calyrex|91/100|[from] item: Life Orb\n|move|p1b: Farigiraf|Trick Room|p1b: Farigiraf\n|-fieldstart|move: Trick Room|[of] p1b: Farigiraf\n|\n|-heal|p1a: Calyrex|33/100|[from] Grassy Terrain\n|-heal|p1b: Farigiraf|8/100|[from] Grassy Terrain\n|-heal|p2b: Furret|36/100|[from] Grassy Terrain\n|-heal|p2a: Calyrex|97/100|[from] Grassy Terrain\n|upkeep\n|turn|7\n|c|\u2606Cello L.|gg wp\n|-message|Cello L. forfeited.\n|\n|win|skttll2\n|raw|skttll2's rating: 1137 &rarr; <strong>1172</strong><br />(+35 for winning)\n|raw|Cello L.'s rating: 1276 &rarr; <strong>1241</strong><br />(-35 for losing)\n|l|\u2606Cello L.\n|player|p2|\n|l|\u203dskttll2\n|player|p1|\n","uploadtime":1767841007,"views":13,"formatid":"gen9vgc2026regi","rating":1172,"private":0,"password":null}