{"id":"gen9vgc2026regi-2588027745","format":"[Gen 9] VGC 2026 Reg I","players":["Galact7adi","Lewongle"],"log":"|j|\u2606Galact7adi\n|j|\u2606Lewongle\n|t:|1776594988\n|gametype|doubles\n|player|p1|Galact7adi|hilbert|1543\n|player|p2|Lewongle|cyclist|1553\n|gen|9\n|tier|[Gen 9] VGC 2026 Reg I\n|rated|\n|rule|Species Clause: Limit one of each Pok\u00e9mon\n|rule|Item Clause: Limit 1 of each item\n|clearpoke\n|poke|p1|Brute Bonnet, L50|\n|poke|p1|Lunala, L50|\n|poke|p1|Ursaluna, L50, M|\n|poke|p1|Chi-Yu, L50|\n|poke|p1|Koraidon, L50|\n|poke|p1|Flutter Mane, L50|\n|poke|p2|Koraidon, L50|\n|poke|p2|Flutter Mane, L50|\n|poke|p2|Incineroar, L50, M|\n|poke|p2|Amoonguss, L50, M|\n|poke|p2|Lunala, L50|\n|poke|p2|Ursaluna, L50, F|\n|teampreview|4\n|inactive|Battle timer is ON: inactive players will automatically lose when time's up. (requested by Galact7adi)\n|inactive|Lewongle has 60 seconds left.\n|inactive|Galact7adi has 60 seconds left.\n|inactive|Lewongle has 30 seconds left.\n|inactive|Lewongle has 20 seconds left.\n|inactive|Lewongle has 15 seconds left.\n|inactive|Lewongle has 10 seconds left.\n|inactive|Lewongle has 5 seconds left.\n|\n|t:|1776595078\n|teamsize|p1|4\n|teamsize|p2|4\n|start\n|switch|p1a: Koraidon|Koraidon, L50|100/100\n|switch|p1b: Flutter Mane|Flutter Mane, L50|100/100\n|switch|p2a: Koraidon|Koraidon, L50|100/100\n|switch|p2b: Incineroar|Incineroar, L50, M|100/100\n|-weather|SunnyDay|[from] ability: Orichalcum Pulse|[of] p1a: Koraidon\n|-activate|p1b: Flutter Mane|ability: Protosynthesis\n|-start|p1b: Flutter Mane|protosynthesisspe\n|-activate|p1a: Koraidon|Orichalcum Pulse|[source]\n|-activate|p2a: Koraidon|ability: Orichalcum Pulse\n|-ability|p2b: Incineroar|Intimidate|boost\n|-unboost|p1a: Koraidon|atk|1\n|-unboost|p1b: Flutter Mane|atk|1\n|turn|1\n|inactive|Lewongle has 30 seconds left.\n|inactive|Lewongle has 20 seconds left.\n|\n|t:|1776595115\n|-terastallize|p2a: Koraidon|Fire\n|move|p1b: Flutter Mane|Protect|p1b: Flutter Mane\n|-singleturn|p1b: Flutter Mane|Protect\n|move|p1a: Koraidon|Protect|p1a: Koraidon\n|-singleturn|p1a: Koraidon|Protect\n|move|p2b: Incineroar|Fake Out|p1a: Koraidon\n|-activate|p1a: Koraidon|move: Protect\n|move|p2a: Koraidon|Flame Charge|p1b: Flutter Mane\n|-activate|p1b: Flutter Mane|move: Protect\n|\n|-weather|SunnyDay|[upkeep]\n|upkeep\n|turn|2\n|inactive|Lewongle has 30 seconds left.\n|\n|t:|1776595143\n|move|p1b: Flutter Mane|Icy Wind|p2a: Koraidon|[spread] p2a,p2b\n|-resisted|p2a: Koraidon\n|-resisted|p2b: Incineroar\n|-damage|p2a: Koraidon|93/100\n|-damage|p2b: Incineroar|96/100\n|-unboost|p2a: Koraidon|spe|1\n|-unboost|p2b: Incineroar|spe|1\n|move|p1a: Koraidon|Close Combat|p2b: Incineroar\n|-supereffective|p2b: Incineroar\n|-damage|p2b: Incineroar|0 fnt\n|-unboost|p1a: Koraidon|def|1\n|-unboost|p1a: Koraidon|spd|1\n|faint|p2b: Incineroar\n|-damage|p1a: Koraidon|91/100|[from] item: Life Orb\n|move|p2a: Koraidon|Flame Charge|p1b: Flutter Mane\n|-enditem|p1b: Flutter Mane|Focus Sash\n|-damage|p1b: Flutter Mane|1/100\n|-boost|p2a: Koraidon|spe|1\n|-damage|p2a: Koraidon|83/100|[from] item: Life Orb\n|\n|-weather|SunnyDay|[upkeep]\n|upkeep\n|\n|t:|1776595160\n|switch|p2b: Flutter Mane|Flutter Mane, L50|100/100\n|-activate|p2b: Flutter Mane|ability: Protosynthesis\n|-start|p2b: Flutter Mane|protosynthesisspe\n|turn|3\n|inactive|Lewongle has 30 seconds left.\n|\n|t:|1776595186\n|switch|p1a: Lunala|Lunala, L50|100/100\n|move|p2b: Flutter Mane|Icy Wind|p1a: Lunala|[spread] p1a,p1b\n|-damage|p1a: Lunala|96/100\n|-damage|p1b: Flutter Mane|0 fnt\n|-unboost|p1a: Lunala|spe|1\n|faint|p1b: Flutter Mane\n|-end|p1b: Flutter Mane|Protosynthesis|[silent]\n|move|p2a: Koraidon|Close Combat|p1a: Lunala\n|-immune|p1a: Lunala\n|\n|-weather|SunnyDay|[upkeep]\n|upkeep\n|\n|t:|1776595193\n|switch|p1b: Ursaluna|Ursaluna, L50, M|100/100\n|turn|4\n|inactive|Lewongle has 30 seconds left.\n|\n|t:|1776595219\n|-terastallize|p1a: Lunala|Water\n|move|p1b: Ursaluna|Protect|p1b: Ursaluna\n|-singleturn|p1b: Ursaluna|Protect\n|move|p2b: Flutter Mane|Shadow Ball|p1a: Lunala\n|-damage|p1a: Lunala|69/100\n|move|p2a: Koraidon|Flare Blitz|p1b: Ursaluna\n|-activate|p1b: Ursaluna|move: Protect\n|move|p1a: Lunala|Trick Room|p1a: Lunala\n|-fieldstart|move: Trick Room|[of] p1a: Lunala\n|\n|-weather|SunnyDay|[upkeep]\n|-status|p1b: Ursaluna|brn|[from] item: Flame Orb\n|upkeep\n|turn|5\n|inactive|Lewongle has 30 seconds left.\n|inactive|Galact7adi has 30 seconds left.\n|inactive|Lewongle has 20 seconds left.\n|\n|t:|1776595257\n|move|p1b: Ursaluna|Facade|p2a: Koraidon\n|-damage|p2a: Koraidon|0 fnt\n|faint|p2a: Koraidon\n|move|p1a: Lunala|Moongeist Beam|p2b: Flutter Mane\n|-supereffective|p2b: Flutter Mane\n|-enditem|p2b: Flutter Mane|Focus Sash\n|-damage|p2b: Flutter Mane|1/100\n|move|p2b: Flutter Mane|Moonblast|p1b: Ursaluna\n|-damage|p1b: Ursaluna|57/100 brn\n|\n|-weather|none\n|-end|p2b: Flutter Mane|Protosynthesis\n|-damage|p1b: Ursaluna|52/100 brn|[from] brn\n|upkeep\n|\n|t:|1776595260\n|switch|p2a: Lunala|Lunala, L50|100/100\n|turn|6\n|inactive|Lewongle has 30 seconds left.\n|\n|t:|1776595289\n|move|p2b: Flutter Mane|Protect|p2b: Flutter Mane\n|-singleturn|p2b: Flutter Mane|Protect\n|move|p1b: Ursaluna|Headlong Rush|p2a: Lunala\n|-damage|p2a: Lunala|54/100\n|-unboost|p1b: Ursaluna|def|1\n|-unboost|p1b: Ursaluna|spd|1\n|move|p1a: Lunala|Moongeist Beam|p2a: Lunala\n|-supereffective|p2a: Lunala\n|-damage|p2a: Lunala|0 fnt\n|faint|p2a: Lunala\n|\n|-damage|p1b: Ursaluna|46/100 brn|[from] brn\n|upkeep\n|turn|7\n|-message|Lewongle forfeited.\n|\n|win|Galact7adi\n|raw|Galact7adi's rating: 1543 &rarr; <strong>1564</strong><br />(+21 for winning)\n|raw|Lewongle's rating: 1553 &rarr; <strong>1532</strong><br />(-21 for losing)\n|l|\u2606Lewongle\n|player|p2|\n|l|\u2606Galact7adi\n|player|p1|\n","uploadtime":1776595500,"views":9,"formatid":"gen9vgc2026regi","rating":1532,"private":0,"password":null}