{"id":"gen9vgc2026regi-2549850043","format":"[Gen 9] VGC 2026 Reg I","players":["lalo's pollos","cdogp3"],"log":"|j|\u2606lalo's pollos\n|j|\u2606cdogp3\n|t:|1772416513\n|gametype|doubles\n|player|p1|lalo's pollos|169|1487\n|player|p2|cdogp3|hoopster|1666\n|gen|9\n|tier|[Gen 9] VGC 2026 Reg I\n|rated|\n|rule|Species Clause: Limit one of each Pok\u00e9mon\n|rule|Item Clause: Limit 1 of each item\n|clearpoke\n|poke|p1|Zamazenta-*, L50|\n|poke|p1|Lunala, L50|\n|poke|p1|Rillaboom, L50, F|\n|poke|p1|Incineroar, L50, M|\n|poke|p1|Urshifu-*, L50, F|\n|poke|p1|Tornadus, L50, M|\n|poke|p2|Sneasler, L50, F|\n|poke|p2|Ditto, L50|\n|poke|p2|Calyrex-Ice, L50|\n|poke|p2|Miraidon, L50|\n|poke|p2|Urshifu-*, L50, M|\n|poke|p2|Incineroar, L50, F|\n|teampreview|4\n|inactive|Battle timer is ON: inactive players will automatically lose when time's up. (requested by cdogp3)\n|\n|t:|1772416537\n|teamsize|p1|4\n|teamsize|p2|4\n|start\n|switch|p1a: Zamazenta|Zamazenta-Crowned, L50|100/100\n|switch|p1b: Tornadus|Tornadus, L50, M|100/100\n|switch|p2a: Calyrex|Calyrex-Ice, L50|100/100\n|switch|p2b: Miraidon|Miraidon, L50|100/100\n|-ability|p2a: Calyrex|As One\n|-ability|p2a: Calyrex|Unnerve\n|-fieldstart|move: Electric Terrain|[from] ability: Hadron Engine|[of] p2b: Miraidon\n|-ability|p1a: Zamazenta|Dauntless Shield|boost\n|-boost|p1a: Zamazenta|def|1\n|turn|1\n|\n|t:|1772416547\n|switch|p1b: Incineroar|Incineroar, L50, M|100/100\n|-ability|p1b: Incineroar|Intimidate|boost\n|-fail|p2a: Calyrex|unboost|[from] item: Clear Amulet|[of] p2a: Calyrex\n|-unboost|p2b: Miraidon|atk|1\n|move|p1a: Zamazenta|Protect|p1a: Zamazenta\n|-singleturn|p1a: Zamazenta|Protect\n|move|p2b: Miraidon|Volt Switch|p1a: Zamazenta\n|-activate|p1a: Zamazenta|move: Protect\n|move|p2a: Calyrex|Glacial Lance|p1b: Incineroar|[spread] p1b\n|-activate|p1a: Zamazenta|move: Protect\n|-resisted|p1b: Incineroar\n|-damage|p1b: Incineroar|77/100\n|\n|upkeep\n|turn|2\n|\n|t:|1772416561\n|move|p2b: Miraidon|Protect|p2b: Miraidon\n|-singleturn|p2b: Miraidon|Protect\n|move|p2a: Calyrex|Protect|p2a: Calyrex\n|-singleturn|p2a: Calyrex|Protect\n|move|p1b: Incineroar|Fake Out|p2b: Miraidon\n|-activate|p2b: Miraidon|move: Protect\n|move|p1a: Zamazenta|Body Press|p2b: Miraidon\n|-activate|p2b: Miraidon|move: Protect\n|\n|upkeep\n|turn|3\n|\n|t:|1772416572\n|move|p2b: Miraidon|Volt Switch|p1b: Incineroar\n|-damage|p1b: Incineroar|1/100\n|-damage|p2b: Miraidon|91/100|[from] item: Life Orb\n|\n|t:|1772416575\n|switch|p2b: Sneasler|Sneasler, L50, F|100/100|[from] Volt Switch\n|-enditem|p2b: Sneasler|Electric Seed\n|-boost|p2b: Sneasler|def|1|[from] item: Electric Seed\n|move|p1a: Zamazenta|Body Press|p2b: Sneasler\n|-resisted|p2b: Sneasler\n|-damage|p2b: Sneasler|67/100\n|move|p1b: Incineroar|Knock Off|p2a: Calyrex\n|-supereffective|p2a: Calyrex\n|-damage|p2a: Calyrex|53/100\n|-enditem|p2a: Calyrex|Clear Amulet|[from] move: Knock Off|[of] p1b: Incineroar\n|move|p2a: Calyrex|High Horsepower|p1a: Zamazenta\n|-supereffective|p1a: Zamazenta\n|-damage|p1a: Zamazenta|67/100\n|\n|upkeep\n|turn|4\n|\n|t:|1772416594\n|move|p2b: Sneasler|Dire Claw|p1b: Incineroar\n|-damage|p1b: Incineroar|0 fnt\n|faint|p1b: Incineroar\n|move|p1a: Zamazenta|Body Press|p2a: Calyrex\n|-damage|p2a: Calyrex|10/100\n|move|p2a: Calyrex|High Horsepower|p1a: Zamazenta\n|-supereffective|p1a: Zamazenta\n|-damage|p1a: Zamazenta|37/100\n|\n|upkeep\n|\n|t:|1772416601\n|switch|p1b: Tornadus|Tornadus, L50, M|100/100\n|turn|5\n|\n|t:|1772416609\n|-terastallize|p1a: Zamazenta|Water\n|move|p2b: Sneasler|Low Kick|p1a: Zamazenta\n|-damage|p1a: Zamazenta|13/100\n|move|p1b: Tornadus|Bleakwind Storm|p2a: Calyrex|[spread] p2a,p2b\n|-supereffective|p2b: Sneasler\n|-damage|p2a: Calyrex|0 fnt\n|-damage|p2b: Sneasler|0 fnt\n|faint|p2a: Calyrex\n|faint|p2b: Sneasler\n|move|p1a: Zamazenta|Heavy Slam|p2: Calyrex|[notarget]\n|-fail|p1a: Zamazenta\n|\n|-fieldend|move: Electric Terrain\n|upkeep\n|\n|t:|1772416612\n|switch|p2b: Miraidon|Miraidon, L50|91/100\n|switch|p2a: Urshifu|Urshifu-Rapid-Strike, L50, M|100/100\n|-fieldstart|move: Electric Terrain|[from] ability: Hadron Engine|[of] p2b: Miraidon\n|turn|6\n|\n|t:|1772416620\n|move|p2b: Miraidon|Protect|p2b: Miraidon\n|-singleturn|p2b: Miraidon|Protect\n|move|p1b: Tornadus|Tailwind|p1b: Tornadus\n|-sidestart|p1: lalo's pollos|move: Tailwind\n|move|p2a: Urshifu|Aqua Jet|p1a: Zamazenta\n|-resisted|p1a: Zamazenta\n|-damage|p1a: Zamazenta|8/100\n|move|p1a: Zamazenta|Body Press|p2b: Miraidon\n|-activate|p2b: Miraidon|move: Protect\n|\n|upkeep\n|turn|7\n|\n|t:|1772416630\n|-terastallize|p2a: Urshifu|Stellar\n|move|p2a: Urshifu|Aqua Jet|p1a: Zamazenta\n|-resisted|p1a: Zamazenta\n|-damage|p1a: Zamazenta|2/100\n|move|p1b: Tornadus|Bleakwind Storm|p2b: Miraidon|[spread] p2a,p2b\n|-supereffective|p2a: Urshifu\n|-resisted|p2b: Miraidon\n|-enditem|p2a: Urshifu|Focus Sash\n|-damage|p2a: Urshifu|1/100\n|-damage|p2b: Miraidon|72/100\n|move|p1a: Zamazenta|Body Press|p2b: Miraidon\n|-damage|p2b: Miraidon|0 fnt\n|faint|p2b: Miraidon\n|\n|upkeep\n|turn|8\n|-message|cdogp3 forfeited.\n|\n|win|lalo's pollos\n|raw|lalo&apos;s pollos's rating: 1487 &rarr; <strong>1516</strong><br />(+29 for winning)\n|raw|cdogp3's rating: 1666 &rarr; <strong>1637</strong><br />(-29 for losing)\n|l|\u2606cdogp3\n|player|p2|\n","uploadtime":1772416657,"views":26,"formatid":"gen9vgc2026regi","rating":1516,"private":0,"password":null}