{"id":"gen9vgc2026regi-2569872198","format":"[Gen 9] VGC 2026 Reg I","players":["creemchease","terafireflareblitz"],"log":"|j|\u2606creemchease\n|j|\u2606terafireflareblitz\n|t:|1774741040\n|gametype|doubles\n|player|p1|creemchease|169|1348\n|player|p2|terafireflareblitz|sycamore|1616\n|gen|9\n|tier|[Gen 9] VGC 2026 Reg I\n|rated|\n|rule|Species Clause: Limit one of each Pok\u00e9mon\n|rule|Item Clause: Limit 1 of each item\n|clearpoke\n|poke|p1|Calyrex-Shadow, L50|\n|poke|p1|Zamazenta-*, L50|\n|poke|p1|Chien-Pao, L50|\n|poke|p1|Dragonite, L50, M|\n|poke|p1|Raging Bolt, L50|\n|poke|p1|Amoonguss, L50, F|\n|poke|p2|Koraidon, L50|\n|poke|p2|Lunala, L50|\n|poke|p2|Indeedee-F, L50, F|\n|poke|p2|Flutter Mane, L50|\n|poke|p2|Volcarona, L50, M|\n|poke|p2|Ursaluna, L50, F|\n|teampreview|4\n|inactive|Battle timer is ON: inactive players will automatically lose when time's up. (requested by terafireflareblitz)\n|inactive|creemchease has 60 seconds left.\n|\n|t:|1774741071\n|teamsize|p1|4\n|teamsize|p2|4\n|start\n|switch|p1a: PinkPonyClub|Calyrex-Shadow, L50|100/100\n|switch|p1b: Verizon|Amoonguss, L50, F|100/100\n|switch|p2a: Lunala|Lunala, L50, shiny|100/100\n|switch|p2b: Indeedee|Indeedee-F, L50, F|100/100\n|-ability|p1a: PinkPonyClub|As One\n|-ability|p1a: PinkPonyClub|Unnerve\n|-fieldstart|move: Psychic Terrain|[from] ability: Psychic Surge|[of] p2b: Indeedee\n|turn|1\n|\n|t:|1774741088\n|-terastallize|p1a: PinkPonyClub|Ghost\n|-terastallize|p2a: Lunala|Water\n|move|p1a: PinkPonyClub|Astral Barrage|p2a: Lunala|[spread] p2a\n|-immune|p2b: Indeedee\n|-damage|p2a: Lunala|72/100\n|move|p2a: Lunala|Moongeist Beam|p1a: PinkPonyClub\n|-supereffective|p1a: PinkPonyClub\n|-enditem|p1a: PinkPonyClub|Focus Sash\n|-damage|p1a: PinkPonyClub|1/100\n|move|p1b: Verizon|Spore|p2a: Lunala\n|-status|p2a: Lunala|slp|[from] move: Spore\n|move|p2b: Indeedee|Trick Room|p2b: Indeedee\n|-fieldstart|move: Trick Room|[of] p2b: Indeedee\n|\n|upkeep\n|turn|2\n|\n|t:|1774741112\n|move|p1b: Verizon|Spore|p2b: Indeedee\n|-activate|p2b: Indeedee|item: Safety Goggles|Spore\n|move|p2b: Indeedee|Alluring Voice|p1a: PinkPonyClub\n|-damage|p1a: PinkPonyClub|0 fnt\n|faint|p1a: PinkPonyClub\n|cant|p2a: Lunala|slp\n|\n|upkeep\n|\n|t:|1774741116\n|switch|p1a: Arlie|Chien-Pao, L50|100/100\n|-ability|p1a: Arlie|Sword of Ruin\n|turn|3\n|\n|t:|1774741134\n|move|p1b: Verizon|Sludge Bomb|p2a: Lunala\n|-damage|p2a: Lunala|53/100 slp\n|move|p2b: Indeedee|Alluring Voice|p1a: Arlie\n|-supereffective|p1a: Arlie\n|-damage|p1a: Arlie|65/100\n|-curestatus|p2a: Lunala|slp|[msg]\n|move|p2a: Lunala|Meteor Beam||[still]\n|-prepare|p2a: Lunala|Meteor Beam\n|-boost|p2a: Lunala|spa|1\n|-enditem|p2a: Lunala|Power Herb\n|-anim|p2a: Lunala|Meteor Beam|p1a: Arlie|[miss]\n|-miss|p2a: Lunala|p1a: Arlie\n|move|p1a: Arlie|Ruination|p2a: Lunala\n|-damage|p2a: Lunala|27/100\n|\n|upkeep\n|turn|4\n|\n|t:|1774741158\n|move|p1b: Verizon|Rage Powder|p1b: Verizon\n|-singleturn|p1b: Verizon|move: Rage Powder\n|move|p2b: Indeedee|Follow Me|p2b: Indeedee\n|-singleturn|p2b: Indeedee|move: Follow Me\n|move|p2a: Lunala|Expanding Force|p1b: Verizon|[spread] p1b\n|-immune|p1a: Arlie\n|-supereffective|p1b: Verizon\n|-damage|p1b: Verizon|0 fnt\n|faint|p1b: Verizon\n|move|p1a: Arlie|Ice Spinner|p2b: Indeedee\n|-damage|p2b: Indeedee|51/100\n|-fieldend|move: Psychic Terrain\n|\n|upkeep\n|j| Therazer456\n|\n|t:|1774741170\n|switch|p1b: protec|Zamazenta-Crowned, L50|100/100\n|-ability|p1b: protec|Dauntless Shield|boost\n|-boost|p1b: protec|def|1\n|turn|5\n|\n|t:|1774741191\n|switch|p2b: Volcarona|Volcarona, L50, M|100/100\n|move|p1b: protec|Wide Guard|p1b: protec\n|-singleturn|p1b: protec|Wide Guard\n|move|p2a: Lunala|Moongeist Beam|p1a: Arlie\n|-resisted|p1a: Arlie\n|-damage|p1a: Arlie|24/100\n|move|p1a: Arlie|Ice Spinner|p2b: Volcarona\n|-resisted|p2b: Volcarona\n|-damage|p2b: Volcarona|77/100\n|-damage|p1a: Arlie|8/100|[from] item: Rocky Helmet|[of] p2b: Volcarona\n|\n|-fieldend|move: Trick Room\n|upkeep\n|turn|6\n|inactive|creemchease has 30 seconds left.\n|inactive|creemchease has 20 seconds left.\n|inactive|creemchease has 15 seconds left.\n|\n|t:|1774741233\n|move|p2b: Volcarona|Rage Powder|p2b: Volcarona\n|-singleturn|p2b: Volcarona|move: Rage Powder\n|move|p1a: Arlie|Sucker Punch||[still]\n|-fail|p1a: Arlie\n|move|p1b: protec|Heavy Slam|p2b: Volcarona\n|-resisted|p2b: Volcarona\n|-damage|p2b: Volcarona|49/100\n|-damage|p1b: protec|84/100|[from] item: Rocky Helmet|[of] p2b: Volcarona\n|move|p2a: Lunala|Moongeist Beam|p1a: Arlie\n|-resisted|p1a: Arlie\n|-damage|p1a: Arlie|0 fnt\n|faint|p1a: Arlie\n|\n|upkeep\n|turn|7\n|\n|t:|1774741242\n|move|p2b: Volcarona|Rage Powder|p2b: Volcarona\n|-singleturn|p2b: Volcarona|move: Rage Powder\n|move|p1b: protec|Heavy Slam|p2b: Volcarona\n|-resisted|p2b: Volcarona\n|-damage|p2b: Volcarona|27/100\n|-damage|p1b: protec|68/100|[from] item: Rocky Helmet|[of] p2b: Volcarona\n|move|p2a: Lunala|Moongeist Beam|p1b: protec\n|-damage|p1b: protec|15/100\n|\n|upkeep\n|turn|8\n|-message|creemchease forfeited.\n|\n|win|terafireflareblitz\n|raw|creemchease's rating: 1348 &rarr; <strong>1341</strong><br />(-7 for losing)\n|raw|terafireflareblitz's rating: 1616 &rarr; <strong>1623</strong><br />(+7 for winning)\n","uploadtime":1774741248,"views":12,"formatid":"gen9vgc2026regi","rating":1341,"private":0,"password":null}