{"id":"gen9vgc2026regi-2523043500","format":"[Gen 9] VGC 2026 Reg I","players":["GoofyRonald756","JOOLA"],"log":"|j|\u2606GoofyRonald756\n|j|\u2606JOOLA\n|t:|1768976964\n|gametype|doubles\n|player|p1|GoofyRonald756|266|1140\n|player|p2|JOOLA|cress|1149\n|gen|9\n|tier|[Gen 9] VGC 2026 Reg I\n|rated|\n|rule|Species Clause: Limit one of each Pok\u00e9mon\n|rule|Item Clause: Limit 1 of each item\n|clearpoke\n|poke|p1|Eternatus, L50|\n|poke|p1|Ho-Oh, L50|\n|poke|p1|Rillaboom, L50, F|\n|poke|p1|Incineroar, L50, F|\n|poke|p1|Ting-Lu, L50|\n|poke|p1|Vaporeon, L50, M|\n|poke|p2|Kyurem-White, L50|\n|poke|p2|Ninetales-Alola, L50, M|\n|poke|p2|Zamazenta-*, L50|\n|poke|p2|Tornadus, L50, M|\n|poke|p2|Smeargle, L50, F|\n|poke|p2|Indeedee-F, L50, F|\n|teampreview|4\n|inactive|Battle timer is ON: inactive players will automatically lose when time's up. (requested by JOOLA)\n|inactive|GoofyRonald756 has 60 seconds left.\n|\n|t:|1768977022\n|teamsize|p1|4\n|teamsize|p2|4\n|start\n|switch|p1a: Eternatus|Eternatus, L50|100/100\n|switch|p1b: Ho-Oh|Ho-Oh, L50|100/100\n|switch|p2a: Tornadus|Tornadus, L50, M|100/100\n|switch|p2b: Smeargle|Smeargle, L50, F|100/100\n|-ability|p1a: Eternatus|Pressure\n|turn|1\n|\n|t:|1768977044\n|move|p2a: Tornadus|Taunt|p1a: Eternatus\n|-start|p1a: Eternatus|move: Taunt\n|cant|p1a: Eternatus|move: Taunt|Toxic Spikes\n|move|p2b: Smeargle|Spore|p1b: Ho-Oh\n|-status|p1b: Ho-Oh|slp|[from] move: Spore\n|cant|p1b: Ho-Oh|slp\n|\n|-ability|p2b: Smeargle|Moody|boost\n|-boost|p2b: Smeargle|spe|2\n|-unboost|p2b: Smeargle|spd|1\n|upkeep\n|turn|2\n|\n|t:|1768977062\n|switch|p1a: Vaporeon|Vaporeon, L50, M|100/100\n|move|p2b: Smeargle|Decorate|p2a: Tornadus\n|-boost|p2a: Tornadus|atk|2\n|-boost|p2a: Tornadus|spa|2\n|move|p2a: Tornadus|Bleakwind Storm|p1a: Vaporeon|[spread] p1a,p1b\n|-damage|p1a: Vaporeon|26/100\n|-damage|p1b: Ho-Oh|44/100 slp\n|-unboost|p1a: Vaporeon|spe|1\n|-enditem|p1b: Ho-Oh|Red Card|[of] p2a: Tornadus\n|drag|p2a: Zamazenta|Zamazenta-Crowned, L50|100/100\n|-ability|p2a: Zamazenta|Dauntless Shield|boost\n|-boost|p2a: Zamazenta|def|1\n|cant|p1b: Ho-Oh|slp\n|\n|-ability|p2b: Smeargle|Moody|boost\n|-boost|p2b: Smeargle|spd|2\n|-unboost|p2b: Smeargle|spa|1\n|upkeep\n|turn|3\n|inactive|JOOLA has 30 seconds left.\n|\n|t:|1768977095\n|switch|p1a: Eternatus|Eternatus, L50|100/100\n|-ability|p1a: Eternatus|Pressure\n|-terastallize|p2a: Zamazenta|Dragon\n|move|p2b: Smeargle|Decorate|p2a: Zamazenta\n|-boost|p2a: Zamazenta|atk|2\n|-boost|p2a: Zamazenta|spa|2\n|move|p2a: Zamazenta|Body Press|p1a: Eternatus\n|-resisted|p1a: Eternatus\n|-damage|p1a: Eternatus|70/100\n|-curestatus|p1b: Ho-Oh|slp|[msg]\n|move|p1b: Ho-Oh|Sacred Fire|p2b: Smeargle\n|-damage|p2b: Smeargle|24/100\n|-status|p2b: Smeargle|brn\n|\n|-damage|p2b: Smeargle|18/100 brn|[from] brn\n|-ability|p2b: Smeargle|Moody|boost\n|-boost|p2b: Smeargle|spe|2\n|-unboost|p2b: Smeargle|atk|1\n|upkeep\n|turn|4\n|\n|t:|1768977119\n|switch|p1b: Incineroar|Incineroar, L50, F|100/100\n|-ability|p1b: Incineroar|Intimidate|boost\n|-unboost|p2a: Zamazenta|atk|1\n|-unboost|p2b: Smeargle|atk|1\n|move|p1a: Eternatus|Protect|p1a: Eternatus\n|-singleturn|p1a: Eternatus|Protect\n|move|p2b: Smeargle|Spore|p1b: Incineroar\n|-status|p1b: Incineroar|slp|[from] move: Spore\n|move|p2a: Zamazenta|Behemoth Bash|p1a: Eternatus\n|-activate|p1a: Eternatus|move: Protect\n|\n|-damage|p2b: Smeargle|12/100 brn|[from] brn\n|-ability|p2b: Smeargle|Moody|boost\n|-boost|p2b: Smeargle|spe|2\n|-unboost|p2b: Smeargle|def|1\n|upkeep\n|turn|5\n|\n|t:|1768977138\n|switch|p1a: Vaporeon|Vaporeon, L50, M|26/100\n|move|p2b: Smeargle|Spore|p1a: Vaporeon\n|-activate|p1a: Vaporeon|item: Safety Goggles|Spore\n|move|p2a: Zamazenta|Body Press|p1b: Incineroar\n|-supereffective|p1b: Incineroar\n|-damage|p1b: Incineroar|0 fnt\n|-damage|p2a: Zamazenta|84/100|[from] item: Rocky Helmet|[of] p1b: Incineroar\n|faint|p1b: Incineroar\n|\n|-damage|p2b: Smeargle|6/100 brn|[from] brn\n|-ability|p2b: Smeargle|Moody|boost\n|-boost|p2b: Smeargle|def|2\n|-unboost|p2b: Smeargle|spd|1\n|upkeep\n|\n|t:|1768977142\n|switch|p1b: Eternatus|Eternatus, L50|70/100\n|-ability|p1b: Eternatus|Pressure\n|turn|6\n|inactive|JOOLA has 30 seconds left.\n|\n|t:|1768977168\n|move|p1b: Eternatus|Protect|p1b: Eternatus\n|-singleturn|p1b: Eternatus|Protect\n|move|p2b: Smeargle|Decorate|p2a: Zamazenta\n|-boost|p2a: Zamazenta|atk|2\n|-boost|p2a: Zamazenta|spa|2\n|move|p2a: Zamazenta|Body Press|p1a: Vaporeon\n|-damage|p1a: Vaporeon|0 fnt\n|faint|p1a: Vaporeon\n|\n|-damage|p2b: Smeargle|0 fnt|[from] brn\n|faint|p2b: Smeargle\n|upkeep\n|-message|GoofyRonald756 forfeited.\n|\n|win|JOOLA\n|raw|GoofyRonald756's rating: 1140 &rarr; <strong>1116</strong><br />(-24 for losing)\n|raw|JOOLA's rating: 1149 &rarr; <strong>1173</strong><br />(+24 for winning)\n|l|\u2606GoofyRonald756\n|player|p1|\n|l|\u2606JOOLA\n|player|p2|\n","uploadtime":1768977497,"views":11,"formatid":"gen9vgc2026regi","rating":1116,"private":0,"password":null}