{"id":"gen9vgc2026regi-2563502770","format":"[Gen 9] VGC 2026 Reg I","players":["sinfuego","pigs2fly"],"log":"|j|\u203dsinfuego\n|j|\u2606pigs2fly\n|t:|1774031890\n|gametype|doubles\n|player|p1|sinfuego|266|1342\n|player|p2|pigs2fly|dexio|1509\n|gen|9\n|tier|[Gen 9] VGC 2026 Reg I\n|rated|\n|rule|Species Clause: Limit one of each Pok\u00e9mon\n|rule|Item Clause: Limit 1 of each item\n|clearpoke\n|poke|p1|Miraidon, L50|\n|poke|p1|Groudon, L50|\n|poke|p1|Raging Bolt, L50|\n|poke|p1|Farigiraf, L50, M|\n|poke|p1|Whimsicott, L50, M|\n|poke|p1|Iron Bundle, L50|\n|poke|p2|Annihilape, L50, M|\n|poke|p2|Tornadus, L50, M|\n|poke|p2|Dondozo, L50, M|\n|poke|p2|Tatsugiri, L50, F|\n|poke|p2|Zacian-*, L50|\n|poke|p2|Kyogre, L50|\n|teampreview|4\n|inactive|Battle timer is ON: inactive players will automatically lose when time's up. (requested by sinfuego)\n|inactive|sinfuego has 60 seconds left.\n|\n|t:|1774031921\n|teamsize|p1|4\n|teamsize|p2|4\n|start\n|switch|p1a: Miraidon|Miraidon, L50|100/100\n|switch|p1b: Whimsicott|Whimsicott, L50, M, shiny|100/100\n|switch|p2a: Dondozo|Dondozo, L50, M|100/100\n|switch|p2b: Annihilape|Annihilape, L50, M|100/100\n|-fieldstart|move: Electric Terrain|[from] ability: Hadron Engine|[of] p1a: Miraidon\n|turn|1\n|\n|t:|1774031942\n|switch|p2b: Tatsugiri|Tatsugiri, L50, F|100/100\n|-activate|p2b: Tatsugiri|ability: Commander|[of] p2a: Dondozo\n|-boost|p2a: Dondozo|atk|2\n|-boost|p2a: Dondozo|spa|2\n|-boost|p2a: Dondozo|spe|2\n|-boost|p2a: Dondozo|def|2\n|-boost|p2a: Dondozo|spd|2\n|-terastallize|p2a: Dondozo|Grass\n|move|p1b: Whimsicott|Tailwind|p1b: Whimsicott\n|-sidestart|p1: sinfuego|move: Tailwind\n|move|p1a: Miraidon|Volt Switch|p2b: Tatsugiri|[miss]\n|-miss|p1a: Miraidon|p2b: Tatsugiri\n|move|p2a: Dondozo|Heavy Slam|p1b: Whimsicott\n|-supereffective|p1b: Whimsicott\n|-damage|p1b: Whimsicott|0 fnt\n|faint|p1b: Whimsicott\n|\n|upkeep\n|\n|t:|1774031958\n|switch|p1b: Groudon|Groudon, L50, shiny|100/100\n|-weather|SunnyDay|[from] ability: Drought|[of] p1b: Groudon\n|turn|2\n|\n|t:|1774031971\n|switch|p1b: Raging Bolt|Raging Bolt, L50|100/100\n|-activate|p1b: Raging Bolt|ability: Protosynthesis\n|-start|p1b: Raging Bolt|protosynthesisspa\n|-terastallize|p1a: Miraidon|Fire\n|move|p2a: Dondozo|Protect|p2a: Dondozo\n|-singleturn|p2a: Dondozo|Protect\n|move|p1a: Miraidon|Overheat|p2a: Dondozo\n|-activate|p2a: Dondozo|move: Protect\n|\n|-weather|SunnyDay|[upkeep]\n|upkeep\n|turn|3\n|\n|t:|1774031990\n|move|p2a: Dondozo|Protect|p2a: Dondozo\n|-singleturn|p2a: Dondozo|Protect\n|move|p1a: Miraidon|Overheat|p2a: Dondozo\n|-activate|p2a: Dondozo|move: Protect\n|move|p1b: Raging Bolt|Rising Voltage|p2a: Dondozo\n|-activate|p2a: Dondozo|move: Protect\n|\n|-weather|SunnyDay|[upkeep]\n|upkeep\n|turn|4\n|\n|t:|1774032000\n|move|p1a: Miraidon|Overheat|p2a: Dondozo\n|-supereffective|p2a: Dondozo\n|-damage|p2a: Dondozo|0 fnt\n|-unboost|p1a: Miraidon|spa|2\n|faint|p2a: Dondozo\n|move|p1b: Raging Bolt|Rising Voltage|p2b: Tatsugiri\n|-hint|Rising Voltage's BP doubled on grounded target.\n|-enditem|p2b: Tatsugiri|Focus Sash\n|-damage|p2b: Tatsugiri|1/100\n|-damage|p1b: Raging Bolt|91/100|[from] item: Life Orb\n|\n|-weather|SunnyDay|[upkeep]\n|-sideend|p1: sinfuego|move: Tailwind\n|upkeep\n|\n|t:|1774032005\n|switch|p2a: Zacian|Zacian-Crowned, L50, shiny|100/100\n|-ability|p2a: Zacian|Intrepid Sword|boost\n|-boost|p2a: Zacian|atk|1\n|turn|5\n|\n|t:|1774032025\n|move|p2b: Tatsugiri|Protect|p2b: Tatsugiri\n|-singleturn|p2b: Tatsugiri|Protect\n|move|p1b: Raging Bolt|Thunderclap|p2a: Zacian\n|-damage|p2a: Zacian|23/100\n|-damage|p1b: Raging Bolt|81/100|[from] item: Life Orb\n|move|p2a: Zacian|Play Rough|p1b: Raging Bolt|[miss]\n|-miss|p2a: Zacian|p1b: Raging Bolt\n|move|p1a: Miraidon|Volt Switch|p2b: Tatsugiri\n|-activate|p2b: Tatsugiri|move: Protect\n|\n|-weather|SunnyDay|[upkeep]\n|-fieldend|move: Electric Terrain\n|upkeep\n|turn|6\n|-message|pigs2fly forfeited.\n|\n|win|sinfuego\n|raw|sinfuego's rating: 1342 &rarr; <strong>1371</strong><br />(+29 for winning)\n|raw|pigs2fly's rating: 1509 &rarr; <strong>1480</strong><br />(-29 for losing)\n|l|\u2606pigs2fly\n|player|p2|\n|l|\u203dsinfuego\n|player|p1|\n","uploadtime":1774032268,"views":10,"formatid":"gen9vgc2026regi","rating":1371,"private":0,"password":null}