{"id":"gen9vgc2026regi-2529325862","format":"[Gen 9] VGC 2026 Reg I","players":["godfocket","ky123456"],"log":"|j|\u2606godfocket\n|j|\u2606ky123456\n|t:|1769773936\n|gametype|doubles\n|player|p1|godfocket|2|1364\n|player|p2|ky123456|cynthia-gen4|1561\n|gen|9\n|tier|[Gen 9] VGC 2026 Reg I\n|rated|\n|rule|Species Clause: Limit one of each Pok\u00e9mon\n|rule|Item Clause: Limit 1 of each item\n|clearpoke\n|poke|p1|Calyrex-Ice, L50|\n|poke|p1|Koraidon, L50|\n|poke|p1|Flutter Mane, L50|\n|poke|p1|Incineroar, L50, F|\n|poke|p1|Rillaboom, L50, F|\n|poke|p1|Amoonguss, L50, M|\n|poke|p2|Kyogre, L50|\n|poke|p2|Calyrex-Ice, L50|\n|poke|p2|Grimmsnarl, L50, M|\n|poke|p2|Rillaboom, L50, M|\n|poke|p2|Landorus, L50, M|\n|poke|p2|Urshifu-*, L50, F|\n|teampreview|4\n|\n|t:|1769773973\n|teamsize|p1|4\n|teamsize|p2|4\n|start\n|switch|p1a: Calyrex|Calyrex-Ice, L50|100/100\n|switch|p1b: Rillaboom|Rillaboom, L50, F|100/100\n|switch|p2a: Calyrex|Calyrex-Ice, L50|100/100\n|switch|p2b: Grimmsnarl|Grimmsnarl, L50, M|100/100\n|-ability|p2a: Calyrex|As One\n|-ability|p2a: Calyrex|Unnerve\n|-ability|p1a: Calyrex|As One\n|-ability|p1a: Calyrex|Unnerve\n|-fieldstart|move: Grassy Terrain|[from] ability: Grassy Surge|[of] p1b: Rillaboom\n|turn|1\n|\n|t:|1769773991\n|move|p1b: Rillaboom|Fake Out|p2a: Calyrex\n|-damage|p2a: Calyrex|93/100\n|move|p2b: Grimmsnarl|Reflect|p2b: Grimmsnarl\n|-sidestart|p2: ky123456|Reflect\n|cant|p2a: Calyrex|flinch\n|move|p1a: Calyrex|Leech Seed|p2b: Grimmsnarl\n|-start|p2b: Grimmsnarl|move: Leech Seed\n|\n|-heal|p2a: Calyrex|99/100|[from] Grassy Terrain\n|-heal|p2a: Calyrex|100/100|[from] item: Leftovers\n|-damage|p2b: Grimmsnarl|88/100|[from] Leech Seed|[of] p1a: Calyrex\n|upkeep\n|turn|2\n|\n|t:|1769774009\n|move|p1b: Rillaboom|U-turn|p2a: Calyrex\n|-supereffective|p2a: Calyrex\n|-damage|p2a: Calyrex|82/100\n|\n|t:|1769774012\n|switch|p1b: Incineroar|Incineroar, L50, F|100/100|[from] U-turn\n|-ability|p1b: Incineroar|Intimidate|boost\n|-unboost|p2a: Calyrex|atk|1\n|-unboost|p2b: Grimmsnarl|atk|1\n|move|p2b: Grimmsnarl|Foul Play|p1a: Calyrex\n|-supereffective|p1a: Calyrex\n|-damage|p1a: Calyrex|45/100\n|move|p2a: Calyrex|Leech Seed|p1a: Calyrex\n|-start|p1a: Calyrex|move: Leech Seed\n|move|p1a: Calyrex|Leech Seed|p2a: Calyrex\n|-start|p2a: Calyrex|move: Leech Seed\n|\n|-heal|p2b: Grimmsnarl|94/100|[from] Grassy Terrain\n|-heal|p2a: Calyrex|87/100|[from] Grassy Terrain\n|-heal|p2a: Calyrex|93/100|[from] item: Leftovers\n|-heal|p1a: Calyrex|51/100|[from] Grassy Terrain\n|-heal|p1a: Calyrex|57/100|[from] item: Leftovers\n|-damage|p2b: Grimmsnarl|82/100|[from] Leech Seed|[of] p1a: Calyrex\n|-heal|p1a: Calyrex|69/100|[silent]\n|-damage|p2a: Calyrex|81/100|[from] Leech Seed|[of] p1a: Calyrex\n|-heal|p1a: Calyrex|81/100|[silent]\n|-damage|p1a: Calyrex|69/100|[from] Leech Seed|[of] p2a: Calyrex\n|-heal|p2a: Calyrex|93/100|[silent]\n|upkeep\n|turn|3\n|\n|t:|1769774041\n|switch|p2a: Kyogre|Kyogre, L50|100/100\n|-weather|RainDance|[from] ability: Drizzle|[of] p2a: Kyogre\n|switch|p1a: Koraidon|Koraidon, L50|100/100\n|-weather|SunnyDay|[from] ability: Orichalcum Pulse|[of] p1a: Koraidon\n|-activate|p1a: Koraidon|Orichalcum Pulse|[source]\n|move|p1b: Incineroar|Fake Out|p2a: Kyogre\n|-damage|p2a: Kyogre|93/100\n|move|p2b: Grimmsnarl|Foul Play|p1a: Koraidon\n|-resisted|p1a: Koraidon\n|-damage|p1a: Koraidon|78/100\n|\n|-weather|SunnyDay|[upkeep]\n|-heal|p1a: Koraidon|85/100|[from] Grassy Terrain\n|-heal|p2a: Kyogre|99/100|[from] Grassy Terrain\n|-heal|p2b: Grimmsnarl|88/100|[from] Grassy Terrain\n|-damage|p2b: Grimmsnarl|75/100|[from] Leech Seed|[of] p1a: Koraidon\n|-heal|p1a: Koraidon|99/100|[silent]\n|upkeep\n|turn|4\n|\n|t:|1769774066\n|switch|p1b: Rillaboom|Rillaboom, L50, F|100/100\n|move|p1a: Koraidon|Protect|p1a: Koraidon\n|-singleturn|p1a: Koraidon|Protect\n|move|p2b: Grimmsnarl|Thunder Wave|p1a: Koraidon\n|-activate|p1a: Koraidon|move: Protect\n|move|p2a: Kyogre|Ice Beam|p1a: Koraidon\n|-activate|p1a: Koraidon|move: Protect\n|\n|-weather|SunnyDay|[upkeep]\n|-heal|p1a: Koraidon|100/100|[from] Grassy Terrain\n|-heal|p2a: Kyogre|100/100|[from] Grassy Terrain\n|-heal|p2b: Grimmsnarl|81/100|[from] Grassy Terrain\n|-damage|p2b: Grimmsnarl|69/100|[from] Leech Seed|[of] p1a: Koraidon\n|upkeep\n|turn|5\n|\n|t:|1769774091\n|switch|p1a: Incineroar|Incineroar, L50, F|100/100\n|-ability|p1a: Incineroar|Intimidate|boost\n|-unboost|p2a: Kyogre|atk|1\n|-unboost|p2b: Grimmsnarl|atk|1\n|switch|p2a: Calyrex|Calyrex-Ice, L50|93/100\n|-ability|p2a: Calyrex|As One\n|-ability|p2a: Calyrex|Unnerve\n|move|p2b: Grimmsnarl|Thunder Wave|p1a: Incineroar\n|-hint|Since gen 7, Dark is immune to Prankster moves.\n|-immune|p1a: Incineroar\n|move|p1b: Rillaboom|U-turn|p2a: Calyrex\n|-supereffective|p2a: Calyrex\n|-damage|p2a: Calyrex|74/100\n|j| riyuezi\n|\n|t:|1769774103\n|switch|p1b: Calyrex|Calyrex-Ice, L50|69/100|[from] U-turn\n|-ability|p1b: Calyrex|As One\n|-ability|p1b: Calyrex|Unnerve\n|\n|-weather|SunnyDay|[upkeep]\n|-heal|p2b: Grimmsnarl|75/100|[from] Grassy Terrain\n|-heal|p2a: Calyrex|80/100|[from] Grassy Terrain\n|-heal|p2a: Calyrex|86/100|[from] item: Leftovers\n|-heal|p1b: Calyrex|75/100|[from] Grassy Terrain\n|-heal|p1b: Calyrex|81/100|[from] item: Leftovers\n|-damage|p2b: Grimmsnarl|62/100|[from] Leech Seed|[of] p1a: Incineroar\n|-fieldend|move: Grassy Terrain\n|upkeep\n|turn|6\n|\n|t:|1769774119\n|move|p2a: Calyrex|Protect|p2a: Calyrex\n|-singleturn|p2a: Calyrex|Protect\n|move|p1a: Incineroar|Fake Out|p2b: Grimmsnarl\n|-damage|p2b: Grimmsnarl|56/100\n|cant|p2b: Grimmsnarl|flinch\n|move|p1b: Calyrex|Leech Seed|p2a: Calyrex\n|-activate|p2a: Calyrex|move: Protect\n|\n|-weather|SunnyDay|[upkeep]\n|-heal|p2a: Calyrex|91/100|[from] item: Leftovers\n|-heal|p1b: Calyrex|86/100|[from] item: Leftovers\n|-damage|p2b: Grimmsnarl|44/100|[from] Leech Seed|[of] p1a: Incineroar\n|upkeep\n|turn|7\n|\n|t:|1769774139\n|move|p2b: Grimmsnarl|Foul Play|p1b: Calyrex\n|-supereffective|p1b: Calyrex\n|-damage|p1b: Calyrex|36/100\n|move|p1a: Incineroar|Knock Off|p2a: Calyrex\n|-supereffective|p2a: Calyrex\n|-damage|p2a: Calyrex|62/100\n|-enditem|p2a: Calyrex|Leftovers|[from] move: Knock Off|[of] p1a: Incineroar\n|move|p2a: Calyrex|Leech Seed|p1b: Calyrex\n|-start|p1b: Calyrex|move: Leech Seed\n|move|p1b: Calyrex|Leech Seed|p2a: Calyrex\n|-start|p2a: Calyrex|move: Leech Seed\n|\n|-weather|none\n|-heal|p1b: Calyrex|42/100|[from] item: Leftovers\n|-damage|p2b: Grimmsnarl|31/100|[from] Leech Seed|[of] p1a: Incineroar\n|-damage|p2a: Calyrex|50/100|[from] Leech Seed|[of] p1b: Calyrex\n|-heal|p1b: Calyrex|54/100|[silent]\n|-damage|p1b: Calyrex|42/100|[from] Leech Seed|[of] p2a: Calyrex\n|-heal|p2a: Calyrex|62/100|[silent]\n|upkeep\n|turn|8\n|l| riyuezi\n|inactive|Battle timer is ON: inactive players will automatically lose when time's up. (requested by ky123456)\n|\n|t:|1769774185\n|switch|p1b: Rillaboom|Rillaboom, L50, F|100/100\n|-fieldstart|move: Grassy Terrain|[from] ability: Grassy Surge|[of] p1b: Rillaboom\n|-terastallize|p2a: Calyrex|Fairy\n|move|p2b: Grimmsnarl|Foul Play|p1b: Rillaboom\n|-damage|p1b: Rillaboom|52/100\n|move|p1a: Incineroar|Parting Shot|p2a: Calyrex\n|-unboost|p2a: Calyrex|atk|1\n|-unboost|p2a: Calyrex|spa|1\n|\n|t:|1769774197\n|switch|p1a: Calyrex|Calyrex-Ice, L50|42/100|[from] Parting Shot\n|-ability|p1a: Calyrex|As One\n|-ability|p1a: Calyrex|Unnerve\n|move|p2a: Calyrex|Leech Seed|p1a: Calyrex\n|-start|p1a: Calyrex|move: Leech Seed\n|\n|-heal|p1b: Rillaboom|58/100|[from] Grassy Terrain\n|-heal|p2b: Grimmsnarl|37/100|[from] Grassy Terrain\n|-heal|p2a: Calyrex|68/100|[from] Grassy Terrain\n|-heal|p1a: Calyrex|48/100|[from] Grassy Terrain\n|-heal|p1a: Calyrex|54/100|[from] item: Leftovers\n|-damage|p2b: Grimmsnarl|25/100|[from] Leech Seed|[of] p1a: Calyrex\n|-heal|p1a: Calyrex|66/100|[silent]\n|-damage|p2a: Calyrex|56/100|[from] Leech Seed|[of] p1b: Rillaboom\n|-heal|p1b: Rillaboom|71/100|[silent]\n|-damage|p1a: Calyrex|54/100|[from] Leech Seed|[of] p2a: Calyrex\n|-heal|p2a: Calyrex|68/100|[silent]\n|-sideend|p2: ky123456|Reflect\n|upkeep\n|turn|9\n|\n|t:|1769774220\n|switch|p2b: Kyogre|Kyogre, L50|100/100\n|-weather|RainDance|[from] ability: Drizzle|[of] p2b: Kyogre\n|switch|p1a: Incineroar|Incineroar, L50, F|100/100\n|-ability|p1a: Incineroar|Intimidate|boost\n|-unboost|p2a: Calyrex|atk|1\n|-unboost|p2b: Kyogre|atk|1\n|move|p1b: Rillaboom|U-turn|p2b: Kyogre\n|-damage|p2b: Kyogre|77/100\n|\n|t:|1769774230\n|switch|p1b: Calyrex|Calyrex-Ice, L50|54/100|[from] U-turn\n|-ability|p1b: Calyrex|As One\n|-ability|p1b: Calyrex|Unnerve\n|move|p2a: Calyrex|Glacial Lance|p1a: Incineroar|[spread] p1a,p1b\n|-resisted|p1a: Incineroar\n|-resisted|p1b: Calyrex\n|-damage|p1a: Incineroar|89/100\n|-damage|p1b: Calyrex|47/100\n|\n|-weather|RainDance|[upkeep]\n|-heal|p2b: Kyogre|83/100|[from] Grassy Terrain\n|-heal|p1a: Incineroar|95/100|[from] Grassy Terrain\n|-heal|p2a: Calyrex|74/100|[from] Grassy Terrain\n|-heal|p1b: Calyrex|53/100|[from] Grassy Terrain\n|-heal|p1b: Calyrex|58/100|[from] item: Leftovers\n|-damage|p2a: Calyrex|62/100|[from] Leech Seed|[of] p1b: Calyrex\n|-heal|p1b: Calyrex|71/100|[silent]\n|upkeep\n|turn|10\n|\n|t:|1769774247\n|switch|p1b: Koraidon|Koraidon, L50|100/100\n|-weather|SunnyDay|[from] ability: Orichalcum Pulse|[of] p1b: Koraidon\n|-activate|p1b: Koraidon|Orichalcum Pulse|[source]\n|move|p1a: Incineroar|Fake Out|p2b: Kyogre\n|-damage|p2b: Kyogre|73/100\n|cant|p2b: Kyogre|flinch\n|move|p2a: Calyrex|Leech Seed|p1b: Koraidon|[miss]\n|-miss|p2a: Calyrex|p1b: Koraidon\n|\n|-weather|SunnyDay|[upkeep]\n|-heal|p2b: Kyogre|79/100|[from] Grassy Terrain\n|-heal|p1a: Incineroar|100/100|[from] Grassy Terrain\n|-heal|p2a: Calyrex|68/100|[from] Grassy Terrain\n|-damage|p2a: Calyrex|56/100|[from] Leech Seed|[of] p1b: Koraidon\n|upkeep\n|turn|11\n|inactive|godfocket has 30 seconds left.\n|inactive|ky123456 has 30 seconds left.\n|inactive|ky123456 has 20 seconds left.\n|\n|t:|1769774288\n|switch|p1a: Rillaboom|Rillaboom, L50, F|71/100\n|move|p2a: Calyrex|Protect|p2a: Calyrex\n|-singleturn|p2a: Calyrex|Protect\n|move|p1b: Koraidon|Flare Blitz|p2a: Calyrex\n|-activate|p2a: Calyrex|move: Protect\n|move|p2b: Kyogre|Ice Beam|p1b: Koraidon\n|-supereffective|p1b: Koraidon\n|-damage|p1b: Koraidon|27/100\n|\n|-weather|SunnyDay|[upkeep]\n|-heal|p1b: Koraidon|33/100|[from] Grassy Terrain\n|-heal|p2b: Kyogre|85/100|[from] Grassy Terrain\n|-heal|p1a: Rillaboom|77/100|[from] Grassy Terrain\n|-heal|p2a: Calyrex|61/100|[from] Grassy Terrain\n|-damage|p2a: Calyrex|49/100|[from] Leech Seed|[of] p1b: Koraidon\n|-heal|p1b: Koraidon|47/100|[silent]\n|upkeep\n|turn|12\n|inactive|ky123456 has 30 seconds left.\n|\n|t:|1769774315\n|switch|p2b: Grimmsnarl|Grimmsnarl, L50, M|25/100\n|switch|p2a: Urshifu|Urshifu-Rapid-Strike, L50, F|100/100\n|move|p1a: Rillaboom|Fake Out|p2b: Grimmsnarl\n|-damage|p2b: Grimmsnarl|14/100\n|move|p1b: Koraidon|Flare Blitz|p2a: Urshifu\n|-resisted|p2a: Urshifu\n|-crit|p2a: Urshifu\n|-damage|p2a: Urshifu|13/100\n|-damage|p1b: Koraidon|19/100|[from] Recoil\n|-damage|p1b: Koraidon|9/100|[from] item: Life Orb\n|\n|-weather|SunnyDay|[upkeep]\n|-heal|p2a: Urshifu|19/100|[from] Grassy Terrain\n|-heal|p1b: Koraidon|15/100|[from] Grassy Terrain\n|-heal|p1a: Rillaboom|83/100|[from] Grassy Terrain\n|-heal|p2b: Grimmsnarl|20/100|[from] Grassy Terrain\n|-fieldend|move: Grassy Terrain\n|upkeep\n|turn|13\n|inactive|godfocket has 30 seconds left.\n|inactive|ky123456 has 30 seconds left.\n|\n|t:|1769774350\n|move|p2b: Grimmsnarl|Reflect|p2b: Grimmsnarl\n|-sidestart|p2: ky123456|Reflect\n|move|p2a: Urshifu|Close Combat|p1b: Koraidon\n|-damage|p1b: Koraidon|0 fnt\n|-unboost|p2a: Urshifu|def|1\n|-unboost|p2a: Urshifu|spd|1\n|faint|p1b: Koraidon\n|move|p1a: Rillaboom|Wood Hammer|p2a: Urshifu\n|-supereffective|p2a: Urshifu\n|-damage|p2a: Urshifu|0 fnt\n|faint|p2a: Urshifu\n|-damage|p1a: Rillaboom|77/100|[from] Recoil\n|\n|-weather|SunnyDay|[upkeep]\n|upkeep\n|\n|t:|1769774365\n|switch|p1b: Calyrex|Calyrex-Ice, L50|71/100\n|switch|p2a: Calyrex|Calyrex-Ice, L50, tera:Fairy|49/100\n|-ability|p2a: Calyrex|As One\n|-ability|p2a: Calyrex|Unnerve\n|-ability|p1b: Calyrex|As One\n|-ability|p1b: Calyrex|Unnerve\n|turn|14\n|\n|t:|1769774376\n|switch|p1a: Incineroar|Incineroar, L50, F|100/100\n|-ability|p1a: Incineroar|Intimidate|boost\n|-unboost|p2a: Calyrex|atk|1\n|-unboost|p2b: Grimmsnarl|atk|1\n|-terastallize|p1b: Calyrex|Water\n|move|p2b: Grimmsnarl|Thunder Wave|p1a: Incineroar\n|-hint|Since gen 7, Dark is immune to Prankster moves.\n|-immune|p1a: Incineroar\n|move|p2a: Calyrex|Glacial Lance|p1b: Calyrex|[spread] p1a,p1b\n|-resisted|p1a: Incineroar\n|-resisted|p1b: Calyrex\n|-damage|p1a: Incineroar|87/100\n|-damage|p1b: Calyrex|62/100\n|move|p1b: Calyrex|Glacial Lance|p2b: Grimmsnarl|[spread] p2a,p2b\n|-damage|p2a: Calyrex|30/100\n|-damage|p2b: Grimmsnarl|0 fnt\n|faint|p2b: Grimmsnarl\n|-ability|p1b: Calyrex|Chilling Neigh|boost\n|-boost|p1b: Calyrex|atk|1\n|\n|-weather|none\n|-heal|p1b: Calyrex|68/100|[from] item: Leftovers\n|upkeep\n|\n|t:|1769774379\n|switch|p2b: Kyogre|Kyogre, L50|85/100\n|-weather|RainDance|[from] ability: Drizzle|[of] p2b: Kyogre\n|turn|15\n|j| riyuezi\n|l| riyuezi\n|inactive|ky123456 has 30 seconds left.\n|\n|t:|1769774418\n|move|p1a: Incineroar|Fake Out|p2b: Kyogre\n|-damage|p2b: Kyogre|78/100\n|cant|p2b: Kyogre|flinch\n|move|p2a: Calyrex|Glacial Lance|p1b: Calyrex|[spread] p1a,p1b\n|-resisted|p1a: Incineroar\n|-resisted|p1b: Calyrex\n|-damage|p1a: Incineroar|74/100\n|-damage|p1b: Calyrex|58/100\n|move|p1b: Calyrex|Trick Room|p1b: Calyrex\n|-fieldstart|move: Trick Room|[of] p1b: Calyrex\n|\n|-weather|RainDance|[upkeep]\n|-heal|p1b: Calyrex|64/100|[from] item: Leftovers\n|upkeep\n|turn|16\n|\n|t:|1769774432\n|move|p2a: Calyrex|Protect|p2a: Calyrex\n|-singleturn|p2a: Calyrex|Protect\n|move|p1b: Calyrex|Glacial Lance|p2b: Kyogre|[spread] p2b\n|-activate|p2a: Calyrex|move: Protect\n|-resisted|p2b: Kyogre\n|-damage|p2b: Kyogre|55/100\n|move|p1a: Incineroar|Knock Off|p2b: Kyogre\n|-damage|p2b: Kyogre|30/100\n|-enditem|p2b: Kyogre|Assault Vest|[from] move: Knock Off|[of] p1a: Incineroar\n|move|p2b: Kyogre|Thunder|p1b: Calyrex\n|-supereffective|p1b: Calyrex\n|-damage|p1b: Calyrex|10/100\n|\n|-weather|RainDance|[upkeep]\n|-heal|p1b: Calyrex|15/100|[from] item: Leftovers\n|upkeep\n|turn|17\n|inactive|godfocket has 30 seconds left.\n|inactive|godfocket has 20 seconds left.\n|inactive|godfocket has 15 seconds left.\n|inactive|godfocket has 10 seconds left.\n|inactive|godfocket has 5 seconds left.\n|\n|t:|1769774484\n|move|p1b: Calyrex|Protect|p1b: Calyrex\n|-singleturn|p1b: Calyrex|Protect\n|move|p2a: Calyrex|Glacial Lance|p1b: Calyrex|[spread] p1a\n|-activate|p1b: Calyrex|move: Protect\n|-resisted|p1a: Incineroar\n|-damage|p1a: Incineroar|61/100\n|move|p1a: Incineroar|Parting Shot|p2a: Calyrex\n|-unboost|p2a: Calyrex|atk|1\n|-unboost|p2a: Calyrex|spa|1\n|\n|t:|1769774492\n|switch|p1a: Rillaboom|Rillaboom, L50, F|77/100|[from] Parting Shot\n|-fieldstart|move: Grassy Terrain|[from] ability: Grassy Surge|[of] p1a: Rillaboom\n|move|p2b: Kyogre|Origin Pulse|p1b: Calyrex|[spread] p1a\n|-activate|p1b: Calyrex|move: Protect\n|-resisted|p1a: Rillaboom\n|-damage|p1a: Rillaboom|56/100\n|\n|-weather|RainDance|[upkeep]\n|-heal|p1b: Calyrex|21/100|[from] Grassy Terrain\n|-heal|p1b: Calyrex|27/100|[from] item: Leftovers\n|-heal|p2a: Calyrex|36/100|[from] Grassy Terrain\n|-heal|p1a: Rillaboom|62/100|[from] Grassy Terrain\n|-heal|p2b: Kyogre|36/100|[from] Grassy Terrain\n|upkeep\n|turn|18\n|\n|t:|1769774509\n|move|p1a: Rillaboom|Grassy Glide|p2b: Kyogre\n|-supereffective|p2b: Kyogre\n|-damage|p2b: Kyogre|0 fnt\n|faint|p2b: Kyogre\n|move|p1b: Calyrex|Glacial Lance|p2a: Calyrex\n|-damage|p2a: Calyrex|0 fnt\n|faint|p2a: Calyrex\n|\n|win|godfocket\n|raw|godfocket's rating: 1364 &rarr; <strong>1394</strong><br />(+30 for winning)\n|raw|ky123456's rating: 1561 &rarr; <strong>1531</strong><br />(-30 for losing)\n|l|\u2606ky123456\n|player|p2|\n","uploadtime":1769774769,"views":13,"formatid":"gen9vgc2026regi","rating":1394,"private":0,"password":null}