{"id":"gen9vgc2026regi-2589025114","format":"[Gen 9] VGC 2026 Reg I","players":["24kpure","pigduckeater"],"log":"|j|\u260624kpure\n|j|\u2606pigduckeater\n|t:|1776694619\n|gametype|doubles\n|player|p1|24kpure|2|1545\n|player|p2|pigduckeater|102|1558\n|gen|9\n|tier|[Gen 9] VGC 2026 Reg I\n|rated|\n|rule|Species Clause: Limit one of each Pok\u00e9mon\n|rule|Item Clause: Limit 1 of each item\n|clearpoke\n|poke|p1|Muk-Alola, L50, F|\n|poke|p1|Smeargle, L50, F|\n|poke|p1|Rillaboom, L50, F|\n|poke|p1|Flamigo, L50, M|\n|poke|p1|Koraidon, L50|\n|poke|p1|Incineroar, L50, M|\n|poke|p2|Kyogre, L50|\n|poke|p2|Sableye, L50, F|\n|poke|p2|Calyrex-Ice, L50|\n|poke|p2|Ditto, L50|\n|poke|p2|Amoonguss, L50, F|\n|poke|p2|Urshifu-*, L50, M|\n|teampreview|4\n|inactive|Battle timer is ON: inactive players will automatically lose when time's up. (requested by 24kpure)\n|\n|t:|1776694650\n|teamsize|p1|4\n|teamsize|p2|4\n|start\n|switch|p1a: Muk|Muk-Alola, L50, F|100/100\n|switch|p1b: Smeargle|Smeargle, L50, F|100/100\n|switch|p2a: Amoonguss|Amoonguss, L50, F|100/100\n|switch|p2b: Sableye|Sableye, L50, F|100/100\n|turn|1\n|\n|t:|1776694671\n|move|p1b: Smeargle|Follow Me|p1b: Smeargle\n|-singleturn|p1b: Smeargle|move: Follow Me\n|move|p2b: Sableye|Skill Swap|p1b: Smeargle\n|-activate|p2b: Sableye|Skill Swap|Moody|Prankster|[of] p1b: Smeargle\n|move|p1a: Muk|Minimize|p1a: Muk\n|-boost|p1a: Muk|evasion|2\n|move|p2a: Amoonguss|Spore|p1b: Smeargle\n|-status|p1b: Smeargle|slp|[from] move: Spore\n|\n|-ability|p2b: Sableye|Moody|boost\n|-boost|p2b: Sableye|def|2\n|-unboost|p2b: Sableye|atk|1\n|upkeep\n|turn|2\n|inactive|pigduckeater has 30 seconds left.\n|\n|t:|1776694697\n|move|p1a: Muk|Protect|p1a: Muk\n|-singleturn|p1a: Muk|Protect\n|cant|p1b: Smeargle|slp\n|move|p2b: Sableye|Foul Play|p1b: Smeargle\n|-damage|p1b: Smeargle|76/100 slp\n|move|p2a: Amoonguss|Spore|p1a: Muk\n|-activate|p1a: Muk|move: Protect\n|\n|-ability|p2b: Sableye|Moody|boost\n|-boost|p2b: Sableye|atk|2\n|-unboost|p2b: Sableye|def|1\n|upkeep\n|turn|3\n|\n|t:|1776694721\n|cant|p1b: Smeargle|slp\n|move|p1a: Muk|Minimize|p1a: Muk\n|-boost|p1a: Muk|evasion|2\n|move|p2b: Sableye|Reflect|p2b: Sableye\n|-sidestart|p2: pigduckeater|Reflect\n|move|p2a: Amoonguss|Spore|p1a: Muk|[miss]\n|-miss|p2a: Amoonguss|p1a: Muk\n|\n|-ability|p2b: Sableye|Moody|boost\n|-boost|p2b: Sableye|spa|2\n|-unboost|p2b: Sableye|atk|1\n|upkeep\n|turn|4\n|\n|t:|1776694738\n|cant|p1b: Smeargle|slp\n|move|p1a: Muk|Minimize|p1a: Muk\n|-boost|p1a: Muk|evasion|2\n|move|p2b: Sableye|Foul Play|p1b: Smeargle\n|-damage|p1b: Smeargle|51/100 slp\n|move|p2a: Amoonguss|Spore|p1a: Muk|[miss]\n|-miss|p2a: Amoonguss|p1a: Muk\n|\n|-ability|p2b: Sableye|Moody|boost\n|-boost|p2b: Sableye|spe|2\n|-unboost|p2b: Sableye|atk|1\n|upkeep\n|turn|5\n|\n|t:|1776694761\n|-curestatus|p1b: Smeargle|slp|[msg]\n|move|p1b: Smeargle|Follow Me|p1b: Smeargle\n|-singleturn|p1b: Smeargle|move: Follow Me\n|move|p2b: Sableye|Light Screen|p2b: Sableye\n|-sidestart|p2: pigduckeater|move: Light Screen\n|move|p1a: Muk|Toxic|p2b: Sableye\n|-status|p2b: Sableye|tox\n|move|p2a: Amoonguss|Spore|p1b: Smeargle\n|-status|p1b: Smeargle|slp|[from] move: Spore\n|\n|-damage|p2b: Sableye|95/100 tox|[from] psn\n|-ability|p2b: Sableye|Moody|boost\n|-boost|p2b: Sableye|spa|2\n|-unboost|p2b: Sableye|def|1\n|upkeep\n|turn|6\n|\n|t:|1776694782\n|switch|p1b: Flamigo|Flamigo, L50, M|100/100\n|-copyboost|p1b: Flamigo|p1a: Muk|[from] ability: Costar\n|move|p1a: Muk|Protect|p1a: Muk\n|-singleturn|p1a: Muk|Protect\n|move|p2b: Sableye|Skill Swap|p2a: Amoonguss\n|-activate|p2b: Sableye|Skill Swap|||[of] p2a: Amoonguss\n|move|p2a: Amoonguss|Clear Smog|p1a: Muk\n|-activate|p1a: Muk|move: Protect\n|\n|-damage|p2b: Sableye|83/100 tox|[from] psn\n|-ability|p2a: Amoonguss|Moody|boost\n|-boost|p2a: Amoonguss|spd|2\n|-unboost|p2a: Amoonguss|spe|1\n|upkeep\n|turn|7\n|inactive|pigduckeater has 30 seconds left.\n|\n|t:|1776694810\n|-terastallize|p1b: Flamigo|Flying\n|move|p1b: Flamigo|Brave Bird|p2a: Amoonguss\n|-supereffective|p2a: Amoonguss\n|-damage|p2a: Amoonguss|23/100\n|-damage|p1b: Flamigo|65/100|[from] Recoil\n|move|p2b: Sableye|Foul Play|p1b: Flamigo|[miss]\n|-miss|p2b: Sableye|p1b: Flamigo\n|move|p1a: Muk|Knock Off|p2a: Amoonguss\n|-damage|p2a: Amoonguss|7/100\n|-enditem|p2a: Amoonguss|Covert Cloak|[from] move: Knock Off|[of] p1a: Muk\n|move|p2a: Amoonguss|Clear Smog|p1a: Muk\n|-resisted|p1a: Muk\n|-damage|p1a: Muk|95/100\n|-clearboost|p1a: Muk\n|\n|-heal|p1a: Muk|100/100|[from] item: Leftovers\n|-damage|p2b: Sableye|66/100 tox|[from] psn\n|-sideend|p2: pigduckeater|Reflect\n|-ability|p2a: Amoonguss|Moody|boost\n|-boost|p2a: Amoonguss|spa|2\n|-unboost|p2a: Amoonguss|def|1\n|upkeep\n|turn|8\n|inactive|24kpure has 30 seconds left.\n|inactive|pigduckeater has 30 seconds left.\n|inactive|pigduckeater has 20 seconds left.\n|inactive|pigduckeater has 15 seconds left.\n|\n|t:|1776694851\n|switch|p2a: Calyrex|Calyrex-Ice, L50|100/100\n|-ability|p2a: Calyrex|As One\n|-ability|p2a: Calyrex|Unnerve\n|move|p1b: Flamigo|Brave Bird|p2a: Calyrex\n|-damage|p2a: Calyrex|49/100\n|-damage|p1b: Flamigo|43/100|[from] Recoil\n|move|p2b: Sableye|Reflect|p2b: Sableye\n|-sidestart|p2: pigduckeater|Reflect\n|move|p1a: Muk|Minimize|p1a: Muk\n|-boost|p1a: Muk|evasion|2\n|\n|-damage|p2b: Sableye|43/100 tox|[from] psn\n|upkeep\n|turn|9\n|inactive|pigduckeater has 30 seconds left.\n|inactive|24kpure has 30 seconds left.\n|\n|t:|1776694881\n|switch|p1b: Smeargle|Smeargle, L50, F|51/100 slp\n|move|p2a: Calyrex|Protect|p2a: Calyrex\n|-singleturn|p2a: Calyrex|Protect\n|move|p2b: Sableye|Foul Play|p1b: Smeargle\n|-damage|p1b: Smeargle|25/100 slp\n|move|p1a: Muk|Minimize|p1a: Muk\n|-boost|p1a: Muk|evasion|2\n|\n|-damage|p2b: Sableye|15/100 tox|[from] psn\n|-sideend|p2: pigduckeater|move: Light Screen\n|-ability|p1b: Smeargle|Moody|boost\n|-boost|p1b: Smeargle|atk|2\n|-unboost|p1b: Smeargle|def|1\n|upkeep\n|turn|10\n|inactive|24kpure has 30 seconds left.\n|inactive|24kpure has 20 seconds left.\n|\n|t:|1776694919\n|switch|p1b: Flamigo|Flamigo, L50, M, tera:Flying|43/100\n|-copyboost|p1b: Flamigo|p1a: Muk|[from] ability: Costar\n|switch|p2b: Kyogre|Kyogre, L50|100/100\n|-weather|RainDance|[from] ability: Drizzle|[of] p2b: Kyogre\n|move|p1a: Muk|Knock Off|p2a: Calyrex\n|-supereffective|p2a: Calyrex\n|-damage|p2a: Calyrex|20/100\n|-enditem|p2a: Calyrex|Weakness Policy\n|-boost|p2a: Calyrex|atk|2|[from] item: Weakness Policy\n|-boost|p2a: Calyrex|spa|2|[from] item: Weakness Policy\n|move|p2a: Calyrex|Trick Room|p2a: Calyrex\n|-fieldstart|move: Trick Room|[of] p2a: Calyrex\n|\n|-weather|RainDance|[upkeep]\n|upkeep\n|turn|11\n|\n|t:|1776694944\n|switch|p1b: Smeargle|Smeargle, L50, F|25/100 slp\n|move|p1a: Muk|Protect|p1a: Muk\n|-singleturn|p1a: Muk|Protect\n|move|p2a: Calyrex|High Horsepower|p1a: Muk\n|-activate|p1a: Muk|move: Protect\n|move|p2b: Kyogre|Origin Pulse|p1a: Muk|[spread] p1b\n|-activate|p1a: Muk|move: Protect\n|-damage|p1b: Smeargle|0 fnt\n|faint|p1b: Smeargle\n|-ability|p1a: Muk|Moody|Power of Alchemy|[from] ability: Power of Alchemy|[of] p1b: Smeargle\n|\n|-weather|RainDance|[upkeep]\n|-ability|p1a: Muk|Moody|boost\n|-boost|p1a: Muk|spd|2\n|-unboost|p1a: Muk|atk|1\n|upkeep\n|\n|t:|1776694955\n|switch|p1b: Flamigo|Flamigo, L50, M, tera:Flying|43/100\n|-copyboost|p1b: Flamigo|p1a: Muk|[from] ability: Costar\n|turn|12\n|\n|t:|1776694967\n|move|p2a: Calyrex|High Horsepower|p1a: Muk\n|-supereffective|p1a: Muk\n|-damage|p1a: Muk|0 fnt\n|faint|p1a: Muk\n|-ability|p2a: Calyrex|Chilling Neigh|boost\n|-boost|p2a: Calyrex|atk|1\n|move|p2b: Kyogre|Origin Pulse|p1b: Flamigo\n|-damage|p1b: Flamigo|0 fnt\n|faint|p1b: Flamigo\n|\n|-weather|RainDance|[upkeep]\n|-sideend|p2: pigduckeater|Reflect\n|upkeep\n|j| vominhduc\n|c|\u260624kpure|wow\n|\n|t:|1776694982\n|switch|p1b: Koraidon|Koraidon, L50|100/100\n|-weather|SunnyDay|[from] ability: Orichalcum Pulse|[of] p1b: Koraidon\n|-activate|p1b: Koraidon|Orichalcum Pulse|[source]\n|turn|13\n|c|\u260624kpure|amazing\n|c|\u260624kpure|gg\n|-message|24kpure forfeited.\n|\n|win|pigduckeater\n|raw|24kpure's rating: 1545 &rarr; <strong>1526</strong><br />(-19 for losing)\n|raw|pigduckeater's rating: 1558 &rarr; <strong>1577</strong><br />(+19 for winning)\n|l|\u260624kpure\n|player|p1|\n|l|\u2606pigduckeater\n|player|p2|\n","uploadtime":1776695191,"views":12,"formatid":"gen9vgc2026regi","rating":1526,"private":0,"password":null}