{"id":"gen9vgc2026regi-2540734368","format":"[Gen 9] VGC 2026 Reg I","players":["Gene10","dasabe\u76d6\u6b27\u5361\u4fa0"],"log":"|j|\u2606Gene10\n|j|\u2606dasabe\u76d6\u6b27\u5361\u4fa0\n|t:|1771247522\n|gametype|doubles\n|player|p1|Gene10|101|1501\n|player|p2|dasabe\u76d6\u6b27\u5361\u4fa0|may-masters4|1600\n|gen|9\n|tier|[Gen 9] VGC 2026 Reg I\n|rated|\n|rule|Species Clause: Limit one of each Pok\u00e9mon\n|rule|Item Clause: Limit 1 of each item\n|clearpoke\n|poke|p1|Calyrex-Ice, L50|\n|poke|p1|Miraidon, L50|\n|poke|p1|Grimmsnarl, L50, M|\n|poke|p1|Urshifu-*, L50, F|\n|poke|p1|Incineroar, L50, M|\n|poke|p1|Landorus, L50, M|\n|poke|p2|Kyogre, L50|\n|poke|p2|Miraidon, L50|\n|poke|p2|Whimsicott, L50, F|\n|poke|p2|Iron Hands, L50|\n|poke|p2|Farigiraf, L50, F|\n|poke|p2|Urshifu-*, L50, M|\n|teampreview|4\n|inactive|Battle timer is ON: inactive players will automatically lose when time's up. (requested by Gene10)\n|\n|t:|1771247545\n|teamsize|p1|4\n|teamsize|p2|4\n|start\n|switch|p1a: Miraidon|Miraidon, L50|100/100\n|switch|p1b: Grimmsnarl|Grimmsnarl, L50, M|100/100\n|switch|p2a: \u5996\u820d\u7cbe\u62c9|Whimsicott, L50, F, shiny|100/100\n|switch|p2b: \u94f6\u91d1\u5996\u86c7|Miraidon, L50, shiny|100/100\n|-fieldstart|move: Electric Terrain|[from] ability: Hadron Engine|[of] p2b: \u94f6\u91d1\u5996\u86c7\n|-activate|p1a: Miraidon|ability: Hadron Engine\n|turn|1\n|inactive|dasabe\u76d6\u6b27\u5361\u4fa0 has 30 seconds left.\n|inactive|dasabe\u76d6\u6b27\u5361\u4fa0 has 20 seconds left.\n|inactive|dasabe\u76d6\u6b27\u5361\u4fa0 has 15 seconds left.\n|inactive|dasabe\u76d6\u6b27\u5361\u4fa0 has 10 seconds left.\n|\n|t:|1771247591\n|-terastallize|p2b: \u94f6\u91d1\u5996\u86c7|Fairy\n|-terastallize|p1a: Miraidon|Fairy\n|move|p1b: Grimmsnarl|Light Screen|p1b: Grimmsnarl\n|-sidestart|p1: Gene10|move: Light Screen\n|move|p2a: \u5996\u820d\u7cbe\u62c9|Endeavor|p1a: Miraidon\n|-damage|p1a: Miraidon|59/100\n|move|p2b: \u94f6\u91d1\u5996\u86c7|Dazzling Gleam|p1a: Miraidon|[spread] p1a,p1b\n|-supereffective|p1b: Grimmsnarl\n|-damage|p1a: Miraidon|29/100\n|-damage|p1b: Grimmsnarl|28/100\n|-damage|p2b: \u94f6\u91d1\u5996\u86c7|91/100|[from] item: Life Orb\n|move|p1a: Miraidon|Dazzling Gleam|p2a: \u5996\u820d\u7cbe\u62c9|[spread] p2a,p2b\n|-crit|p2b: \u94f6\u91d1\u5996\u86c7\n|-enditem|p2a: \u5996\u820d\u7cbe\u62c9|Focus Sash\n|-damage|p2a: \u5996\u820d\u7cbe\u62c9|1/100\n|-damage|p2b: \u94f6\u91d1\u5996\u86c7|18/100\n|\n|upkeep\n|turn|2\n|j| lunala fairy ghost\n|\n|t:|1771247610\n|switch|p2a: \u5c0f\u5934\u63a7\u5927\u5934|Farigiraf, L50, F, shiny|100/100\n|-enditem|p2a: \u5c0f\u5934\u63a7\u5927\u5934|Electric Seed\n|-boost|p2a: \u5c0f\u5934\u63a7\u5927\u5934|def|1|[from] item: Electric Seed\n|move|p1b: Grimmsnarl|Thunder Wave||[still]\n|cant|p2a: \u5c0f\u5934\u63a7\u5927\u5934|ability: Armor Tail|Thunder Wave|[of] p1b: Grimmsnarl\n|move|p2b: \u94f6\u91d1\u5996\u86c7|Electro Drift|p1a: Miraidon\n|-damage|p1a: Miraidon|0 fnt\n|faint|p1a: Miraidon\n|-damage|p2b: \u94f6\u91d1\u5996\u86c7|8/100|[from] item: Life Orb\n|\n|upkeep\n|\n|t:|1771247616\n|switch|p1a: Calyrex|Calyrex-Ice, L50|100/100\n|-ability|p1a: Calyrex|As One\n|-ability|p1a: Calyrex|Unnerve\n|turn|3\n|\n|t:|1771247626\n|move|p1b: Grimmsnarl|Reflect|p1b: Grimmsnarl\n|-sidestart|p1: Gene10|Reflect\n|move|p2b: \u94f6\u91d1\u5996\u86c7|Dazzling Gleam|p1a: Calyrex|[spread] p1a,p1b\n|-supereffective|p1b: Grimmsnarl\n|-damage|p1a: Calyrex|79/100\n|-damage|p1b: Grimmsnarl|0 fnt\n|faint|p1b: Grimmsnarl\n|-damage|p2b: \u94f6\u91d1\u5996\u86c7|0 fnt|[from] item: Life Orb\n|faint|p2b: \u94f6\u91d1\u5996\u86c7\n|move|p2a: \u5c0f\u5934\u63a7\u5927\u5934|Imprison|p2a: \u5c0f\u5934\u63a7\u5927\u5934\n|-start|p2a: \u5c0f\u5934\u63a7\u5927\u5934|move: Imprison\n|move|p1a: Calyrex|Glacial Lance|p2a: \u5c0f\u5934\u63a7\u5927\u5934\n|-damage|p2a: \u5c0f\u5934\u63a7\u5927\u5934|59/100\n|\n|-heal|p1a: Calyrex|85/100|[from] item: Leftovers\n|upkeep\n|\n|t:|1771247639\n|switch|p2b: \u6210\u90fd\u8001\u76d6|Kyogre, L50, shiny|100/100\n|switch|p1b: Urshifu|Urshifu-Rapid-Strike, L50, F|100/100\n|-weather|RainDance|[from] ability: Drizzle|[of] p2b: \u6210\u90fd\u8001\u76d6\n|turn|4\n|\n|t:|1771247649\n|move|p2b: \u6210\u90fd\u8001\u76d6|Origin Pulse|p1a: Calyrex|[spread] p1a,p1b\n|-resisted|p1b: Urshifu\n|-damage|p1a: Calyrex|40/100\n|-damage|p1b: Urshifu|60/100\n|move|p1b: Urshifu|Surging Strikes|p2b: \u6210\u90fd\u8001\u76d6\n|-resisted|p2b: \u6210\u90fd\u8001\u76d6\n|-crit|p2b: \u6210\u90fd\u8001\u76d6\n|-damage|p2b: \u6210\u90fd\u8001\u76d6|72/100\n|-resisted|p2b: \u6210\u90fd\u8001\u76d6\n|-crit|p2b: \u6210\u90fd\u8001\u76d6\n|-damage|p2b: \u6210\u90fd\u8001\u76d6|48/100\n|-resisted|p2b: \u6210\u90fd\u8001\u76d6\n|-crit|p2b: \u6210\u90fd\u8001\u76d6\n|-damage|p2b: \u6210\u90fd\u8001\u76d6|22/100\n|-hitcount|p2b: \u6210\u90fd\u8001\u76d6|3\n|move|p2a: \u5c0f\u5934\u63a7\u5927\u5934|Psychic|p1b: Urshifu\n|-supereffective|p1b: Urshifu\n|-damage|p1b: Urshifu|7/100\n|move|p1a: Calyrex|Glacial Lance|p2b: \u6210\u90fd\u8001\u76d6|[spread] p2a,p2b\n|-resisted|p2b: \u6210\u90fd\u8001\u76d6\n|-damage|p2a: \u5c0f\u5934\u63a7\u5927\u5934|28/100\n|-damage|p2b: \u6210\u90fd\u8001\u76d6|0 fnt\n|faint|p2b: \u6210\u90fd\u8001\u76d6\n|-ability|p1a: Calyrex|Chilling Neigh|boost\n|-boost|p1a: Calyrex|atk|1\n|\n|-weather|RainDance|[upkeep]\n|-heal|p1a: Calyrex|45/100|[from] item: Leftovers\n|upkeep\n|\n|t:|1771247656\n|switch|p2b: \u5996\u820d\u7cbe\u62c9|Whimsicott, L50, F, shiny|1/100\n|turn|5\n|j| Yancy0721\u56fe\u56fe\u72ac\u4fa0\n|\n|t:|1771247671\n|move|p2b: \u5996\u820d\u7cbe\u62c9|Moonblast|p1b: Urshifu\n|-supereffective|p1b: Urshifu\n|-damage|p1b: Urshifu|0 fnt\n|faint|p1b: Urshifu\n|move|p2a: \u5c0f\u5934\u63a7\u5927\u5934|Psychic|p1a: Calyrex\n|-resisted|p1a: Calyrex\n|-damage|p1a: Calyrex|38/100\n|move|p1a: Calyrex|Glacial Lance|p2b: \u5996\u820d\u7cbe\u62c9|[spread] p2a,p2b\n|-supereffective|p2b: \u5996\u820d\u7cbe\u62c9\n|-damage|p2a: \u5c0f\u5934\u63a7\u5927\u5934|0 fnt\n|-damage|p2b: \u5996\u820d\u7cbe\u62c9|0 fnt\n|faint|p2a: \u5c0f\u5934\u63a7\u5927\u5934\n|faint|p2b: \u5996\u820d\u7cbe\u62c9\n|\n|win|Gene10\n|raw|Gene10's rating: 1501 &rarr; <strong>1527</strong><br />(+26 for winning)\n|raw|dasabe\u76d6\u6b27\u5361\u4fa0's rating: 1600 &rarr; <strong>1574</strong><br />(-26 for losing)\n|l|\u2606Gene10\n|player|p1|\n|l| Yancy0721\u56fe\u56fe\u72ac\u4fa0\n|l| lunala fairy ghost\n|j| yubanmeiqin\u5fa1\u5742\u5fa1\u5742\n|l| yubanmeiqin\u5fa1\u5742\u5fa1\u5742\n","uploadtime":1771247908,"views":39,"formatid":"gen9vgc2026regi","rating":1527,"private":0,"password":null}