{"id":"gen9vgc2026regi-2580753793","format":"[Gen 9] VGC 2026 Reg I","players":["sunny_zong4","unzksakdk"],"log":"|j|\u2606sunny_zong4\n|j|\u2606unzksakdk\n|t:|1775929719\n|gametype|doubles\n|player|p1|sunny_zong4|2|1429\n|player|p2|unzksakdk|265|1427\n|gen|9\n|tier|[Gen 9] VGC 2026 Reg I\n|rated|\n|rule|Species Clause: Limit one of each Pok\u00e9mon\n|rule|Item Clause: Limit 1 of each item\n|clearpoke\n|poke|p1|Grimmsnarl, L50, M|\n|poke|p1|Miraidon, L50|\n|poke|p1|Groudon, L50|\n|poke|p1|Wo-Chien, L50|\n|poke|p1|Ting-Lu, L50|\n|poke|p1|Landorus-Therian, L50, M|\n|poke|p2|Flutter Mane, L50|\n|poke|p2|Groudon, L50|\n|poke|p2|Whimsicott, L50, M|\n|poke|p2|Miraidon, L50|\n|poke|p2|Farigiraf, L50, F|\n|poke|p2|Incineroar, L50, F|\n|teampreview|4\n|inactive|Battle timer is ON: inactive players will automatically lose when time's up. (requested by sunny_zong4)\n|inactive|sunny_zong4 has 60 seconds left.\n|\n|t:|1775929757\n|teamsize|p1|4\n|teamsize|p2|4\n|start\n|switch|p1a: Grimmsnarl|Grimmsnarl, L50, M|100/100\n|switch|p1b: Wo-Chien|Wo-Chien, L50|100/100\n|switch|p2a: Miraidon|Miraidon, L50|100/100\n|switch|p2b: Whimsicott|Whimsicott, L50, M|100/100\n|-fieldstart|move: Electric Terrain|[from] ability: Hadron Engine|[of] p2a: Miraidon\n|-ability|p1b: Wo-Chien|Tablets of Ruin\n|turn|1\n|inactive|unzksakdk has 30 seconds left.\n|\n|t:|1775929783\n|-terastallize|p2a: Miraidon|Fairy\n|move|p1b: Wo-Chien|Protect|p1b: Wo-Chien\n|-singleturn|p1b: Wo-Chien|Protect\n|move|p1a: Grimmsnarl|Light Screen|p1a: Grimmsnarl\n|-sidestart|p1: sunny_zong4|move: Light Screen\n|move|p2a: Miraidon|Dazzling Gleam|p1a: Grimmsnarl|[spread] p1a\n|-activate|p1b: Wo-Chien|move: Protect\n|-supereffective|p1a: Grimmsnarl\n|-damage|p1a: Grimmsnarl|35/100\n|move|p2b: Whimsicott|Moonblast|p1a: Grimmsnarl\n|-supereffective|p1a: Grimmsnarl\n|-damage|p1a: Grimmsnarl|4/100\n|\n|upkeep\n|turn|2\n|\n|t:|1775929807\n|move|p1a: Grimmsnarl|Reflect|p1a: Grimmsnarl\n|-sidestart|p1: sunny_zong4|Reflect\n|move|p2a: Miraidon|Dazzling Gleam|p1b: Wo-Chien|[spread] p1a,p1b\n|-supereffective|p1a: Grimmsnarl\n|-supereffective|p1b: Wo-Chien\n|-damage|p1a: Grimmsnarl|0 fnt\n|-damage|p1b: Wo-Chien|52/100\n|faint|p1a: Grimmsnarl\n|move|p2b: Whimsicott|Moonblast|p1b: Wo-Chien\n|-supereffective|p1b: Wo-Chien\n|-damage|p1b: Wo-Chien|33/100\n|move|p1b: Wo-Chien|Snarl|p2a: Miraidon|[spread] p2a,p2b\n|-resisted|p2a: Miraidon\n|-resisted|p2b: Whimsicott\n|-damage|p2a: Miraidon|94/100\n|-damage|p2b: Whimsicott|92/100\n|-unboost|p2a: Miraidon|spa|1\n|\n|-heal|p1b: Wo-Chien|40/100|[from] item: Leftovers\n|upkeep\n|\n|t:|1775929823\n|switch|p1a: Miraidon|Miraidon, L50|100/100\n|-activate|p1a: Miraidon|ability: Hadron Engine\n|turn|3\n|\n|t:|1775929838\n|-terastallize|p1a: Miraidon|Fairy\n|move|p1b: Wo-Chien|Protect|p1b: Wo-Chien\n|-singleturn|p1b: Wo-Chien|Protect\n|move|p2b: Whimsicott|Tailwind|p2b: Whimsicott\n|-sidestart|p2: unzksakdk|move: Tailwind\n|move|p2a: Miraidon|Dazzling Gleam|p1a: Miraidon|[spread] p1a\n|-activate|p1b: Wo-Chien|move: Protect\n|-damage|p1a: Miraidon|77/100\n|move|p1a: Miraidon|Electro Drift|p2a: Miraidon\n|-damage|p2a: Miraidon|0 fnt\n|faint|p2a: Miraidon\n|-damage|p1a: Miraidon|67/100|[from] item: Life Orb\n|\n|-heal|p1b: Wo-Chien|46/100|[from] item: Leftovers\n|upkeep\n|inactive|unzksakdk has 30 seconds left.\n|\n|t:|1775929864\n|switch|p2a: Groudon|Groudon, L50|100/100\n|-weather|SunnyDay|[from] ability: Drought|[of] p2a: Groudon\n|turn|4\n|\n|t:|1775929870\n|move|p2b: Whimsicott|Light Screen|p2b: Whimsicott\n|-sidestart|p2: unzksakdk|move: Light Screen\n|move|p2a: Groudon|Precipice Blades|p1b: Wo-Chien|[spread] p1a,p1b\n|-crit|p1a: Miraidon\n|-resisted|p1b: Wo-Chien\n|-damage|p1a: Miraidon|2/100\n|-damage|p1b: Wo-Chien|32/100\n|move|p1a: Miraidon|Dazzling Gleam|p2b: Whimsicott|[spread] p2a,p2b\n|-damage|p2a: Groudon|65/100\n|-damage|p2b: Whimsicott|35/100\n|-damage|p1a: Miraidon|0 fnt|[from] item: Life Orb\n|faint|p1a: Miraidon\n|move|p1b: Wo-Chien|Leech Seed|p2a: Groudon\n|-start|p2a: Groudon|move: Leech Seed\n|\n|-weather|SunnyDay|[upkeep]\n|-heal|p1b: Wo-Chien|38/100|[from] item: Leftovers\n|-damage|p2a: Groudon|53/100|[from] Leech Seed|[of] p1b: Wo-Chien\n|-heal|p1b: Wo-Chien|50/100|[silent]\n|upkeep\n|\n|t:|1775929871\n|switch|p1a: Groudon|Groudon, L50|100/100\n|turn|5\n|inactive|unzksakdk has 30 seconds left.\n|\n|t:|1775929902\n|move|p1b: Wo-Chien|Protect|p1b: Wo-Chien\n|-singleturn|p1b: Wo-Chien|Protect\n|move|p2b: Whimsicott|Light Screen||[still]\n|-fail|p2b: Whimsicott\n|move|p2a: Groudon|Precipice Blades|p1a: Groudon|[spread] p1a\n|-activate|p1b: Wo-Chien|move: Protect\n|-damage|p1a: Groudon|83/100\n|move|p1a: Groudon|Precipice Blades|p2a: Groudon|[spread] p2a,p2b\n|-resisted|p2b: Whimsicott\n|-damage|p2a: Groudon|21/100\n|-damage|p2b: Whimsicott|9/100\n|\n|-weather|SunnyDay|[upkeep]\n|-heal|p1b: Wo-Chien|56/100|[from] item: Leftovers\n|-damage|p2a: Groudon|9/100|[from] Leech Seed|[of] p1b: Wo-Chien\n|-heal|p1b: Wo-Chien|68/100|[silent]\n|-fieldend|move: Electric Terrain\n|upkeep\n|turn|6\n|\n|t:|1775929917\n|switch|p2a: Flutter Mane|Flutter Mane, L50|100/100\n|-activate|p2a: Flutter Mane|ability: Protosynthesis\n|-start|p2a: Flutter Mane|protosynthesisspa\n|move|p2b: Whimsicott|Moonblast|p1b: Wo-Chien\n|-supereffective|p1b: Wo-Chien\n|-damage|p1b: Wo-Chien|49/100\n|move|p1a: Groudon|Precipice Blades|p2a: Flutter Mane|[spread] p2b\n|-miss|p1a: Groudon|p2a: Flutter Mane\n|-resisted|p2b: Whimsicott\n|-damage|p2b: Whimsicott|0 fnt\n|faint|p2b: Whimsicott\n|move|p1b: Wo-Chien|Snarl|p2a: Flutter Mane\n|-damage|p2a: Flutter Mane|88/100\n|-unboost|p2a: Flutter Mane|spa|1\n|\n|-weather|SunnyDay|[upkeep]\n|-heal|p1b: Wo-Chien|55/100|[from] item: Leftovers\n|-sideend|p2: unzksakdk|move: Tailwind\n|upkeep\n|\n|t:|1775929927\n|switch|p2b: Groudon|Groudon, L50|9/100\n|turn|7\n|\n|t:|1775929946\n|move|p2a: Flutter Mane|Moonblast|p1b: Wo-Chien\n|-supereffective|p1b: Wo-Chien\n|-damage|p1b: Wo-Chien|20/100\n|move|p2b: Groudon|Heat Crash|p1b: Wo-Chien\n|-supereffective|p1b: Wo-Chien\n|-damage|p1b: Wo-Chien|0 fnt\n|faint|p1b: Wo-Chien\n|move|p1a: Groudon|Heavy Slam|p2a: Flutter Mane\n|-supereffective|p2a: Flutter Mane\n|-damage|p2a: Flutter Mane|0 fnt\n|faint|p2a: Flutter Mane\n|-end|p2a: Flutter Mane|Protosynthesis|[silent]\n|\n|-weather|SunnyDay|[upkeep]\n|upkeep\n|turn|8\n|-message|unzksakdk forfeited.\n|\n|win|sunny_zong4\n|raw|sunny_zong4's rating: 1429 &rarr; <strong>1449</strong><br />(+20 for winning)\n|raw|unzksakdk's rating: 1427 &rarr; <strong>1407</strong><br />(-20 for losing)\n|l|\u2606unzksakdk\n|player|p2|\n|l|\u2606sunny_zong4\n|player|p1|\n","uploadtime":1775930171,"views":15,"formatid":"gen9vgc2026regi","rating":1407,"private":0,"password":null}