{"id":"gen9vgc2026regi-2543430641","format":"[Gen 9] VGC 2026 Reg I","players":["Preuve_3","SEITA"],"log":"|j|\u2606Preuve_3\n|j|\u2606SEITA\n|t:|1771572123\n|gametype|doubles\n|player|p1|Preuve_3|2|1484\n|player|p2|SEITA|lucas-gen4pt|1724\n|gen|9\n|tier|[Gen 9] VGC 2026 Reg I\n|rated|\n|rule|Species Clause: Limit one of each Pok\u00e9mon\n|rule|Item Clause: Limit 1 of each item\n|clearpoke\n|poke|p1|Calyrex-Shadow, L50|\n|poke|p1|Zacian-*, L50|\n|poke|p1|Shiftry, L50, M|\n|poke|p1|Vivillon-Pokeball, L50, M|\n|poke|p1|Pelipper, L50, M|\n|poke|p1|Rhydon, L50, F|\n|poke|p2|Zacian-*, L50|\n|poke|p2|Kyogre, L50|\n|poke|p2|Tornadus, L50, M|\n|poke|p2|Raging Bolt, L50|\n|poke|p2|Landorus, L50, M|\n|poke|p2|Chien-Pao, L50|\n|teampreview|4\n|\n|t:|1771572141\n|teamsize|p1|4\n|teamsize|p2|4\n|start\n|switch|p1a: Shiftry|Shiftry, L50, M|100/100\n|switch|p1b: Calyrex|Calyrex-Shadow, L50|100/100\n|switch|p2a: Tornadus|Tornadus, L50, M|100/100\n|switch|p2b: Kyogre|Kyogre, L50|100/100\n|-ability|p1b: Calyrex|As One\n|-ability|p1b: Calyrex|Unnerve\n|-weather|RainDance|[from] ability: Drizzle|[of] p2b: Kyogre\n|turn|1\n|\n|t:|1771572164\n|-terastallize|p1b: Calyrex|Ghost\n|-terastallize|p2a: Tornadus|Normal\n|move|p1a: Shiftry|Fake Out|p2b: Kyogre\n|-damage|p2b: Kyogre|92/100\n|move|p2a: Tornadus|Tailwind|p2a: Tornadus\n|-sidestart|p2: SEITA|move: Tailwind\n|cant|p2b: Kyogre|flinch\n|move|p1b: Calyrex|Astral Barrage|p2b: Kyogre|[spread] p2b\n|-immune|p2a: Tornadus\n|-damage|p2b: Kyogre|51/100\n|\n|-weather|RainDance|[upkeep]\n|upkeep\n|turn|2\n|\n|t:|1771572191\n|switch|p1b: Pelipper|Pelipper, L50, M|100/100\n|move|p2a: Tornadus|Bleakwind Storm|p1b: Pelipper|[spread] p1b\n|-ability|p1a: Shiftry|Wind Rider|boost\n|-boost|p1a: Shiftry|atk|1\n|-damage|p1b: Pelipper|60/100\n|-unboost|p1b: Pelipper|spe|1\n|move|p2b: Kyogre|Water Spout|p1a: Shiftry|[spread] p1a,p1b\n|-resisted|p1a: Shiftry\n|-resisted|p1b: Pelipper\n|-damage|p1a: Shiftry|84/100\n|-damage|p1b: Pelipper|38/100\n|move|p1a: Shiftry|Knock Off|p2b: Kyogre\n|-damage|p2b: Kyogre|7/100\n|-enditem|p2b: Kyogre|Assault Vest|[from] move: Knock Off|[of] p1a: Shiftry\n|\n|-weather|RainDance|[upkeep]\n|upkeep\n|turn|3\n|\n|t:|1771572247\n|move|p2a: Tornadus|Protect|p2a: Tornadus\n|-singleturn|p2a: Tornadus|Protect\n|move|p1b: Pelipper|Wide Guard|p1b: Pelipper\n|-singleturn|p1b: Pelipper|Wide Guard\n|move|p1a: Shiftry|Sucker Punch|p2b: Kyogre\n|-damage|p2b: Kyogre|0 fnt\n|faint|p2b: Kyogre\n|\n|-weather|RainDance|[upkeep]\n|upkeep\n|\n|t:|1771572263\n|switch|p2b: Zacian|Zacian-Crowned, L50|100/100\n|-ability|p2b: Zacian|Intrepid Sword|boost\n|-boost|p2b: Zacian|atk|1\n|turn|4\n|\n|t:|1771572285\n|move|p1a: Shiftry|Sucker Punch|p2a: Tornadus\n|-damage|p2a: Tornadus|51/100\n|move|p2b: Zacian|Sacred Sword|p1a: Shiftry\n|-supereffective|p1a: Shiftry\n|-damage|p1a: Shiftry|0 fnt\n|faint|p1a: Shiftry\n|move|p2a: Tornadus|Bleakwind Storm|p1b: Pelipper\n|-damage|p1b: Pelipper|0 fnt\n|faint|p1b: Pelipper\n|\n|-weather|RainDance|[upkeep]\n|-sideend|p2: SEITA|move: Tailwind\n|upkeep\n|\n|t:|1771572294\n|switch|p1a: Calyrex|Calyrex-Shadow, L50, tera:Ghost|100/100\n|switch|p1b: Zacian|Zacian-Crowned, L50|100/100\n|-ability|p1a: Calyrex|As One\n|-ability|p1a: Calyrex|Unnerve\n|-ability|p1b: Zacian|Intrepid Sword|boost\n|-boost|p1b: Zacian|atk|1\n|turn|5\n|\n|t:|1771572323\n|move|p2b: Zacian|Protect|p2b: Zacian\n|-singleturn|p2b: Zacian|Protect\n|move|p2a: Tornadus|Tailwind|p2a: Tornadus\n|-sidestart|p2: SEITA|move: Tailwind\n|move|p1a: Calyrex|Astral Barrage|p2b: Zacian|[spread] \n|-activate|p2b: Zacian|move: Protect\n|-immune|p2a: Tornadus\n|move|p1b: Zacian|Sacred Sword|p2b: Zacian\n|-activate|p2b: Zacian|move: Protect\n|\n|-weather|none\n|upkeep\n|turn|6\n|\n|t:|1771572346\n|move|p2b: Zacian|Behemoth Blade|p1b: Zacian\n|-damage|p1b: Zacian|46/100\n|move|p2a: Tornadus|Bleakwind Storm|p1b: Zacian|[spread] p1a,p1b\n|-resisted|p1b: Zacian\n|-damage|p1a: Calyrex|65/100\n|-damage|p1b: Zacian|31/100\n|move|p1a: Calyrex|Astral Barrage|p2b: Zacian|[spread] p2b\n|-immune|p2a: Tornadus\n|-damage|p2b: Zacian|17/100\n|move|p1b: Zacian|Sacred Sword|p2b: Zacian\n|-damage|p2b: Zacian|0 fnt\n|faint|p2b: Zacian\n|\n|upkeep\n|\n|t:|1771572362\n|switch|p2b: Chien-Pao|Chien-Pao, L50|100/100\n|-ability|p2b: Chien-Pao|Sword of Ruin\n|turn|7\n|\n|t:|1771572377\n|move|p1b: Zacian|Protect|p1b: Zacian\n|-singleturn|p1b: Zacian|Protect\n|move|p2b: Chien-Pao|Sucker Punch|p1a: Calyrex\n|-supereffective|p1a: Calyrex\n|-damage|p1a: Calyrex|0 fnt\n|faint|p1a: Calyrex\n|move|p2a: Tornadus|Bleakwind Storm|p1b: Zacian\n|-activate|p1b: Zacian|move: Protect\n|\n|upkeep\n|turn|8\n|-message|Preuve_3 forfeited.\n|\n|win|SEITA\n|raw|Preuve_3's rating: 1484 &rarr; <strong>1476</strong><br />(-8 for losing)\n|raw|SEITA's rating: 1724 &rarr; <strong>1732</strong><br />(+8 for winning)\n|l|\u2606Preuve_3\n|player|p1|\n|l|\u2606SEITA\n|player|p2|\n","uploadtime":1771572533,"views":57,"formatid":"gen9vgc2026regi","rating":1476,"private":0,"password":null}