{"id":"gen9vgc2026regi-2530663964","format":"[Gen 9] VGC 2026 Reg I","players":["duck 7457546765","liam.2025"],"log":"|j|\u2606duck 7457546765\n|j|\u2606liam.2025\n|t:|1769957685\n|gametype|doubles\n|player|p1|duck 7457546765|cynthia|1240\n|player|p2|liam.2025|policeman|1505\n|gen|9\n|tier|[Gen 9] VGC 2026 Reg I\n|rated|\n|rule|Species Clause: Limit one of each Pok\u00e9mon\n|rule|Item Clause: Limit 1 of each item\n|clearpoke\n|poke|p1|Indeedee-F, L50, F|\n|poke|p1|Calyrex-Ice, L50|\n|poke|p1|Ogerpon-Wellspring, L50, F|\n|poke|p1|Copperajah, L50, F|\n|poke|p1|Lunala, L50|\n|poke|p1|Chi-Yu, L50|\n|poke|p2|Murkrow, L50, M|\n|poke|p2|Weezing-Galar, L50, F|\n|poke|p2|Terapagos, L50, M|\n|poke|p2|Smeargle, L50, F|\n|poke|p2|Calyrex-Ice, L50|\n|poke|p2|Ursaluna, L50, F|\n|teampreview|4\n|\n|t:|1769957716\n|teamsize|p1|4\n|teamsize|p2|4\n|start\n|switch|p1a: Calyrex|Calyrex-Ice, L50|100/100\n|switch|p1b: Indeedee|Indeedee-F, L50, F|100/100\n|switch|p2a: Murkrow|Murkrow, L50, M|100/100\n|switch|p2b: Calyrex|Calyrex-Ice, L50|100/100\n|-ability|p2b: Calyrex|As One\n|-ability|p2b: Calyrex|Unnerve\n|-ability|p1a: Calyrex|As One\n|-ability|p1a: Calyrex|Unnerve\n|-fieldstart|move: Psychic Terrain|[from] ability: Psychic Surge|[of] p1b: Indeedee\n|turn|1\n|inactive|Battle timer is ON: inactive players will automatically lose when time's up. (requested by liam.2025)\n|\n|t:|1769957735\n|move|p2b: Calyrex|Imprison|p2b: Calyrex\n|-start|p2b: Calyrex|move: Imprison\n|move|p2a: Murkrow|Brave Bird|p1b: Indeedee\n|-damage|p1b: Indeedee|53/100\n|-damage|p2a: Murkrow|80/100|[from] Recoil\n|cant|p1a: Calyrex|move: Imprison|Glacial Lance\n|cant|p1b: Indeedee|move: Imprison|Trick Room\n|\n|upkeep\n|turn|2\n|inactive|duck 7457546765 has 30 seconds left.\n|\n|t:|1769957761\n|switch|p1a: Copperajah|Copperajah, L50, F|100/100\n|move|p1b: Indeedee|Follow Me|p1b: Indeedee\n|-singleturn|p1b: Indeedee|move: Follow Me\n|move|p2b: Calyrex|Glacial Lance|p1b: Indeedee|[spread] p1a,p1b\n|-resisted|p1a: Copperajah\n|-damage|p1a: Copperajah|74/100\n|-damage|p1b: Indeedee|9/100\n|move|p2a: Murkrow|Brave Bird|p1b: Indeedee\n|-damage|p1b: Indeedee|0 fnt\n|faint|p1b: Indeedee\n|-damage|p2a: Murkrow|76/100|[from] Recoil\n|\n|upkeep\n|\n|t:|1769957773\n|switch|p1b: Lunala|Lunala, L50|100/100\n|turn|3\n|\n|t:|1769957784\n|move|p1b: Lunala|Meteor Beam||[still]\n|-prepare|p1b: Lunala|Meteor Beam\n|-boost|p1b: Lunala|spa|1\n|-enditem|p1b: Lunala|Power Herb\n|-anim|p1b: Lunala|Meteor Beam|p2b: Calyrex\n|-supereffective|p2b: Calyrex\n|-damage|p2b: Calyrex|14/100\n|move|p2b: Calyrex|Glacial Lance|p1b: Lunala|[spread] p1a,p1b\n|-resisted|p1a: Copperajah\n|-damage|p1a: Copperajah|47/100\n|-damage|p1b: Lunala|82/100\n|move|p2a: Murkrow|Brave Bird|p1b: Lunala\n|-damage|p1b: Lunala|44/100\n|-damage|p2a: Murkrow|53/100|[from] Recoil\n|move|p1a: Copperajah|Iron Head|p2b: Calyrex\n|-supereffective|p2b: Calyrex\n|-damage|p2b: Calyrex|0 fnt\n|faint|p2b: Calyrex\n|\n|upkeep\n|\n|t:|1769957801\n|switch|p2b: Terapagos|Terapagos, L50, M|100/100\n|-activate|p2b: Terapagos|ability: Tera Shift\n|detailschange|p2b: Terapagos|Terapagos-Terastal, L50, M\n|-heal|p2b: Terapagos|100/100|[silent]\n|turn|4\n|inactive|liam.2025 has 30 seconds left.\n|inactive|liam.2025 has 20 seconds left.\n|inactive|liam.2025 has 15 seconds left.\n|inactive|liam.2025 has 10 seconds left.\n|\n|t:|1769957850\n|switch|p2a: Smeargle|Smeargle, L50, F|100/100\n|-terastallize|p2b: Terapagos|Stellar\n|detailschange|p2b: Terapagos|Terapagos-Stellar, L50, M, tera:Stellar\n|-heal|p2b: Terapagos|100/100|[silent]\n|-ability|p2b: Terapagos|Teraform Zero\n|-fieldend|move: Psychic Terrain\n|move|p2b: Terapagos|Tera Starstorm|p1a: Copperajah|[spread] p1a,p1b\n|-damage|p1a: Copperajah|0 fnt\n|-damage|p1b: Lunala|0 fnt\n|faint|p1a: Copperajah\n|faint|p1b: Lunala\n|\n|upkeep\n|\n|t:|1769957875\n|switch|p1a: Calyrex|Calyrex-Ice, L50|100/100\n|-ability|p1a: Calyrex|As One\n|-ability|p1a: Calyrex|Unnerve\n|turn|5\n|\n|t:|1769957882\n|move|p2a: Smeargle|Decorate|p2b: Terapagos\n|-boost|p2b: Terapagos|atk|2\n|-boost|p2b: Terapagos|spa|2\n|move|p2b: Terapagos|Tera Starstorm|p1a: Calyrex\n|-damage|p1a: Calyrex|0 fnt\n|faint|p1a: Calyrex\n|\n|win|liam.2025\n|raw|duck 7457546765's rating: 1240 &rarr; <strong>1231</strong><br />(-9 for losing)\n|raw|liam.2025's rating: 1505 &rarr; <strong>1512</strong><br />(+7 for winning)\n|l|\u2606duck 7457546765\n|player|p1|\n","uploadtime":1769958076,"views":20,"formatid":"gen9vgc2026regi","rating":1231,"private":0,"password":null}