{"id":"gen9vgc2026regi-2531851997","format":"[Gen 9] VGC 2026 Reg I","players":["masterofthecourt","fogdocker"],"log":"|j|\u2606masterofthecourt\n|j|\u2606fogdocker\n|t:|1770110360\n|gametype|doubles\n|player|p1|masterofthecourt|102|1429\n|player|p2|fogdocker|102|1487\n|gen|9\n|tier|[Gen 9] VGC 2026 Reg I\n|rated|\n|rule|Species Clause: Limit one of each Pok\u00e9mon\n|rule|Item Clause: Limit 1 of each item\n|clearpoke\n|poke|p1|Terapagos, L50, M|\n|poke|p1|Miraidon, L50|\n|poke|p1|Incineroar, L50, M|\n|poke|p1|Iron Treads, L50|\n|poke|p1|Sinistcha, L50|\n|poke|p1|Urshifu-*, L50, F|\n|poke|p2|Koraidon, L50|\n|poke|p2|Flutter Mane, L50|\n|poke|p2|Calyrex-Ice, L50|\n|poke|p2|Incineroar, L50, M|\n|poke|p2|Rillaboom, L50, F|\n|poke|p2|Amoonguss, L50, F|\n|teampreview|4\n|\n|t:|1770110409\n|teamsize|p1|4\n|teamsize|p2|4\n|start\n|switch|p1a: Incineroar|Incineroar, L50, M|100/100\n|switch|p1b: Terapagos|Terapagos, L50, M|100/100\n|switch|p2a: Koraidon|Koraidon, L50|100/100\n|switch|p2b: Rillaboom|Rillaboom, L50, F|100/100\n|-activate|p1b: Terapagos|ability: Tera Shift\n|detailschange|p1b: Terapagos|Terapagos-Terastal, L50, M\n|-heal|p1b: Terapagos|100/100|[silent]\n|-weather|SunnyDay|[from] ability: Orichalcum Pulse|[of] p2a: Koraidon\n|-activate|p2a: Koraidon|Orichalcum Pulse|[source]\n|-fieldstart|move: Grassy Terrain|[from] ability: Grassy Surge|[of] p2b: Rillaboom\n|-ability|p1a: Incineroar|Intimidate|boost\n|-unboost|p2a: Koraidon|atk|1\n|-unboost|p2b: Rillaboom|atk|1\n|turn|1\n|\n|t:|1770110428\n|switch|p1a: Miraidon|Miraidon, L50|100/100\n|-fieldstart|move: Electric Terrain|[from] ability: Hadron Engine|[of] p1a: Miraidon\n|-enditem|p1b: Terapagos|Electric Seed\n|-boost|p1b: Terapagos|def|1|[from] item: Electric Seed\n|move|p2b: Rillaboom|Fake Out|p1b: Terapagos\n|-activate|p1b: Terapagos|ability: Tera Shell\n|-resisted|p1b: Terapagos\n|-damage|p1b: Terapagos|98/100\n|move|p2a: Koraidon|Close Combat|p1a: Miraidon\n|-crit|p1a: Miraidon\n|-damage|p1a: Miraidon|0 fnt\n|-unboost|p2a: Koraidon|def|1\n|-unboost|p2a: Koraidon|spd|1\n|faint|p1a: Miraidon\n|-damage|p2a: Koraidon|91/100|[from] item: Life Orb\n|cant|p1b: Terapagos|flinch\n|\n|-weather|SunnyDay|[upkeep]\n|upkeep\n|\n|t:|1770110448\n|switch|p1a: Incineroar|Incineroar, L50, M|100/100\n|-ability|p1a: Incineroar|Intimidate|boost\n|-unboost|p2a: Koraidon|atk|1\n|-unboost|p2b: Rillaboom|atk|1\n|turn|2\n|\n|t:|1770110465\n|switch|p2a: Calyrex|Calyrex-Ice, L50|100/100\n|-ability|p2a: Calyrex|As One\n|-ability|p2a: Calyrex|Unnerve\n|move|p1a: Incineroar|Fake Out|p2a: Calyrex\n|-damage|p2a: Calyrex|94/100\n|move|p2b: Rillaboom|U-turn|p1b: Terapagos\n|-damage|p1b: Terapagos|93/100\n|\n|t:|1770110478\n|switch|p2b: Koraidon|Koraidon, L50|91/100|[from] U-turn\n|-activate|p2b: Koraidon|ability: Orichalcum Pulse\n|move|p1b: Terapagos|Calm Mind|p1b: Terapagos\n|-boost|p1b: Terapagos|spa|1\n|-boost|p1b: Terapagos|spd|1\n|\n|-weather|SunnyDay|[upkeep]\n|-heal|p2a: Calyrex|99/100|[from] item: Leftovers\n|upkeep\n|turn|3\n|\n|t:|1770110493\n|switch|p1a: Sinistcha|Sinistcha, L50|100/100\n|-heal|p1b: Terapagos|100/100|[from] ability: Hospitality|[of] p1a: Sinistcha\n|-terastallize|p1b: Terapagos|Stellar\n|detailschange|p1b: Terapagos|Terapagos-Stellar, L50, M, tera:Stellar\n|-heal|p1b: Terapagos|100/100|[silent]\n|-ability|p1b: Terapagos|Teraform Zero\n|-weather|none\n|-fieldend|move: Electric Terrain\n|move|p2b: Koraidon|Close Combat|p1a: Sinistcha\n|-immune|p1a: Sinistcha\n|move|p1b: Terapagos|Tera Starstorm|p2a: Calyrex|[spread] p2a,p2b\n|-damage|p2a: Calyrex|68/100\n|-damage|p2b: Koraidon|36/100\n|move|p2a: Calyrex|Leech Seed|p1b: Terapagos\n|-start|p1b: Terapagos|move: Leech Seed\n|\n|-heal|p2a: Calyrex|73/100|[from] item: Leftovers\n|-damage|p1b: Terapagos|88/100|[from] Leech Seed|[of] p2a: Calyrex\n|-heal|p2a: Calyrex|89/100|[silent]\n|upkeep\n|turn|4\n|\n|t:|1770110516\n|switch|p2b: Flutter Mane|Flutter Mane, L50|100/100\n|switch|p1a: Incineroar|Incineroar, L50, M|100/100\n|-ability|p1a: Incineroar|Intimidate|boost\n|-unboost|p2a: Calyrex|atk|1\n|-unboost|p2b: Flutter Mane|atk|1\n|move|p1b: Terapagos|Calm Mind|p1b: Terapagos\n|-boost|p1b: Terapagos|spa|1\n|-boost|p1b: Terapagos|spd|1\n|move|p2a: Calyrex|Glacial Lance|p1b: Terapagos|[spread] p1a,p1b\n|-resisted|p1a: Incineroar\n|-damage|p1a: Incineroar|87/100\n|-damage|p1b: Terapagos|74/100\n|\n|-heal|p2a: Calyrex|95/100|[from] item: Leftovers\n|-damage|p1b: Terapagos|62/100|[from] Leech Seed|[of] p2a: Calyrex\n|-heal|p2a: Calyrex|100/100|[silent]\n|upkeep\n|turn|5\n|\n|t:|1770110562\n|switch|p1a: Sinistcha|Sinistcha, L50|100/100\n|-heal|p1b: Terapagos|87/100|[from] ability: Hospitality|[of] p1a: Sinistcha\n|move|p2a: Calyrex|Protect|p2a: Calyrex\n|-singleturn|p2a: Calyrex|Protect\n|move|p2b: Flutter Mane|Moonblast|p1a: Sinistcha\n|-damage|p1a: Sinistcha|49/100\n|move|p1b: Terapagos|Tera Starstorm|p2a: Calyrex|[spread] p2b\n|-activate|p2a: Calyrex|move: Protect\n|-damage|p2b: Flutter Mane|23/100\n|\n|-damage|p1b: Terapagos|74/100|[from] Leech Seed|[of] p2a: Calyrex\n|upkeep\n|turn|6\n|\n|t:|1770110577\n|switch|p1a: Incineroar|Incineroar, L50, M|87/100\n|-ability|p1a: Incineroar|Intimidate|boost\n|-unboost|p2a: Calyrex|atk|1\n|-unboost|p2b: Flutter Mane|atk|1\n|move|p2b: Flutter Mane|Moonblast|p1a: Incineroar\n|-damage|p1a: Incineroar|42/100\n|-unboost|p1a: Incineroar|spa|1\n|move|p1b: Terapagos|Tera Starstorm|p2a: Calyrex|[spread] p2a,p2b\n|-damage|p2a: Calyrex|53/100\n|-damage|p2b: Flutter Mane|0 fnt\n|faint|p2b: Flutter Mane\n|-end|p2b: Flutter Mane|Protosynthesis|[silent]\n|move|p2a: Calyrex|Glacial Lance|p1b: Terapagos|[spread] p1a,p1b\n|-resisted|p1a: Incineroar\n|-crit|p1b: Terapagos\n|-damage|p1a: Incineroar|32/100\n|-damage|p1b: Terapagos|30/100\n|\n|-heal|p2a: Calyrex|59/100|[from] item: Leftovers\n|-damage|p1b: Terapagos|17/100|[from] Leech Seed|[of] p2a: Calyrex\n|-heal|p2a: Calyrex|75/100|[silent]\n|upkeep\n|\n|t:|1770110592\n|switch|p2b: Koraidon|Koraidon, L50|36/100\n|-weather|SunnyDay|[from] ability: Orichalcum Pulse|[of] p2b: Koraidon\n|-activate|p2b: Koraidon|Orichalcum Pulse|[source]\n|turn|7\n|\n|t:|1770110607\n|move|p2b: Koraidon|Protect|p2b: Koraidon\n|-singleturn|p2b: Koraidon|Protect\n|move|p1b: Terapagos|Protect|p1b: Terapagos\n|-singleturn|p1b: Terapagos|Protect\n|move|p2a: Calyrex|Protect|p2a: Calyrex\n|-singleturn|p2a: Calyrex|Protect\n|move|p1a: Incineroar|Knock Off|p2a: Calyrex\n|-activate|p2a: Calyrex|move: Protect\n|\n|-weather|SunnyDay|[upkeep]\n|-heal|p2a: Calyrex|81/100|[from] item: Leftovers\n|-damage|p1b: Terapagos|5/100|[from] Leech Seed|[of] p2a: Calyrex\n|-heal|p2a: Calyrex|97/100|[silent]\n|upkeep\n|turn|8\n|-message|masterofthecourt forfeited.\n|\n|win|fogdocker\n|raw|masterofthecourt's rating: 1429 &rarr; <strong>1412</strong><br />(-17 for losing)\n|raw|fogdocker's rating: 1487 &rarr; <strong>1504</strong><br />(+17 for winning)\n|l|\u2606masterofthecourt\n|player|p1|\n|l|\u2606fogdocker\n|player|p2|\n","uploadtime":1770110857,"views":23,"formatid":"gen9vgc2026regi","rating":1412,"private":0,"password":null}