{"id":"gen9vgc2026regi-2579597134","format":"[Gen 9] VGC 2026 Reg I","players":["Pillarmen2","datbishgames"],"log":"|j|\u2606Pillarmen2\n|j|\u2606datbishgames\n|t:|1775803383\n|gametype|doubles\n|player|p1|Pillarmen2|170|1461\n|player|p2|datbishgames|mira|1454\n|gen|9\n|tier|[Gen 9] VGC 2026 Reg I\n|rated|\n|rule|Species Clause: Limit one of each Pok\u00e9mon\n|rule|Item Clause: Limit 1 of each item\n|clearpoke\n|poke|p1|Chien-Pao, L50|\n|poke|p1|Ogerpon-Hearthflame, L50, F|\n|poke|p1|Whimsicott, L50, F|\n|poke|p1|Raging Bolt, L50|\n|poke|p1|Calyrex-Shadow, L50|\n|poke|p1|Zamazenta-*, L50|\n|poke|p2|Dialga-Origin, L50|\n|poke|p2|Ho-Oh, L50|\n|poke|p2|Rotom-Wash, L50|\n|poke|p2|Amoonguss, L50, M|\n|poke|p2|Ursaluna, L50, F|\n|poke|p2|Zoroark-Hisui, L50, F|\n|teampreview|4\n|inactive|Battle timer is ON: inactive players will automatically lose when time's up. (requested by datbishgames)\n|\n|t:|1775803398\n|teamsize|p1|4\n|teamsize|p2|4\n|start\n|switch|p1a: Whimsicott|Whimsicott, L50, F|100/100\n|switch|p1b: Raging Bolt|Raging Bolt, L50|100/100\n|switch|p2a: Dialga|Dialga-Origin, L50|100/100\n|switch|p2b: Ho-Oh|Ho-Oh, L50|100/100\n|-enditem|p1b: Raging Bolt|Booster Energy\n|-activate|p1b: Raging Bolt|ability: Protosynthesis|[fromitem]\n|-start|p1b: Raging Bolt|protosynthesisspa\n|turn|1\n|\n|t:|1775803408\n|-terastallize|p2b: Ho-Oh|Grass\n|move|p1a: Whimsicott|Tailwind|p1a: Whimsicott\n|-sidestart|p1: Pillarmen2|move: Tailwind\n|move|p1b: Raging Bolt|Thunderbolt|p2b: Ho-Oh\n|-resisted|p2b: Ho-Oh\n|-damage|p2b: Ho-Oh|81/100\n|move|p2a: Dialga|Icy Wind|p1a: Whimsicott|[spread] p1a,p1b\n|-supereffective|p1a: Whimsicott\n|-supereffective|p1b: Raging Bolt\n|-damage|p1a: Whimsicott|74/100\n|-damage|p1b: Raging Bolt|75/100\n|-unboost|p1b: Raging Bolt|spe|1\n|move|p2b: Ho-Oh|Tailwind|p2b: Ho-Oh\n|-sidestart|p2: datbishgames|move: Tailwind\n|\n|upkeep\n|turn|2\n|\n|t:|1775803427\n|move|p1a: Whimsicott|Encore|p2b: Ho-Oh\n|-start|p2b: Ho-Oh|Encore\n|move|p2a: Dialga|Hyper Voice|p1b: Raging Bolt|[spread] p1a,p1b\n|-damage|p1a: Whimsicott|42/100\n|-damage|p1b: Raging Bolt|45/100\n|move|p2b: Ho-Oh|Tailwind||[still]\n|-fail|p2b: Ho-Oh\n|move|p1b: Raging Bolt|Dragon Pulse|p2a: Dialga\n|-enditem|p2a: Dialga|Focus Sash\n|-damage|p2a: Dialga|1/100\n|replace|p2a: Zoroark|Zoroark-Hisui, L50, F\n|-end|p2a: Zoroark|Illusion\n|\n|upkeep\n|turn|3\n|inactive|Pillarmen2 has 30 seconds left.\n|\n|t:|1775803458\n|switch|p2b: Ursaluna|Ursaluna, L50, F|100/100\n|move|p2a: Zoroark|Hyper Voice|p1b: Raging Bolt|[spread] p1a,p1b\n|-damage|p1a: Whimsicott|7/100\n|-damage|p1b: Raging Bolt|17/100\n|move|p1a: Whimsicott|Moonblast|p2a: Zoroark\n|-damage|p2a: Zoroark|0 fnt\n|faint|p2a: Zoroark\n|move|p1b: Raging Bolt|Dragon Pulse|p2b: Ursaluna\n|-damage|p2b: Ursaluna|48/100\n|\n|-status|p2b: Ursaluna|brn|[from] item: Flame Orb\n|upkeep\n|\n|t:|1775803471\n|switch|p2a: Dialga|Dialga-Origin, L50|100/100\n|turn|4\n|inactive|Pillarmen2 has 30 seconds left.\n|\n|t:|1775803497\n|move|p1a: Whimsicott|Moonblast|p2a: Dialga\n|-damage|p2a: Dialga|79/100\n|move|p2b: Ursaluna|Earthquake|p1b: Raging Bolt|[spread] p1a,p1b\n|-activate|p2a: Dialga|ability: Telepathy\n|-resisted|p1a: Whimsicott\n|-supereffective|p1b: Raging Bolt\n|-damage|p1a: Whimsicott|0 fnt\n|-damage|p1b: Raging Bolt|0 fnt\n|faint|p1a: Whimsicott\n|faint|p1b: Raging Bolt\n|-end|p1b: Raging Bolt|Protosynthesis|[silent]\n|move|p2a: Dialga|Trick Room|p2a: Dialga\n|-fieldstart|move: Trick Room|[of] p2a: Dialga\n|\n|-damage|p2b: Ursaluna|42/100 brn|[from] brn\n|-sideend|p2: datbishgames|move: Tailwind\n|-sideend|p1: Pillarmen2|move: Tailwind\n|upkeep\n|\n|t:|1775803509\n|switch|p1b: Calyrex|Calyrex-Shadow, L50|100/100\n|switch|p1a: Zamazenta|Zamazenta-Crowned, L50|100/100\n|-ability|p1b: Calyrex|As One\n|-ability|p1b: Calyrex|Unnerve\n|-ability|p1a: Zamazenta|Dauntless Shield|boost\n|-boost|p1a: Zamazenta|def|1\n|turn|5\n|\n|t:|1775803522\n|-terastallize|p1a: Zamazenta|Dragon\n|move|p1b: Calyrex|Protect|p1b: Calyrex\n|-singleturn|p1b: Calyrex|Protect\n|move|p2a: Dialga|Draco Meteor|p1b: Calyrex\n|-activate|p1b: Calyrex|move: Protect\n|move|p2b: Ursaluna|Earthquake|p1b: Calyrex|[spread] p1a\n|-activate|p1b: Calyrex|move: Protect\n|-activate|p2a: Dialga|ability: Telepathy\n|-damage|p1a: Zamazenta|83/100\n|move|p1a: Zamazenta|Body Press|p2b: Ursaluna\n|-supereffective|p2b: Ursaluna\n|-damage|p2b: Ursaluna|0 fnt\n|faint|p2b: Ursaluna\n|\n|upkeep\n|\n|t:|1775803528\n|switch|p2b: Ho-Oh|Ho-Oh, L50, tera:Grass|100/100\n|turn|6\n|inactive|Pillarmen2 has 30 seconds left.\n|\n|t:|1775803557\n|move|p2a: Dialga|Draco Meteor|p1a: Zamazenta\n|-supereffective|p1a: Zamazenta\n|-damage|p1a: Zamazenta|0 fnt\n|-unboost|p2a: Dialga|spa|2\n|faint|p1a: Zamazenta\n|move|p2b: Ho-Oh|Brave Bird|p1b: Calyrex\n|-damage|p1b: Calyrex|27/100\n|-damage|p2b: Ho-Oh|79/100|[from] Recoil\n|move|p1b: Calyrex|Astral Barrage|p2a: Dialga|[spread] p2a,p2b\n|-crit|p2b: Ho-Oh\n|-damage|p2a: Dialga|29/100\n|-damage|p2b: Ho-Oh|24/100\n|-damage|p1b: Calyrex|17/100|[from] item: Life Orb\n|\n|upkeep\n|turn|7\n|\n|t:|1775803567\n|move|p2a: Dialga|Flash Cannon|p1b: Calyrex\n|-damage|p1b: Calyrex|0 fnt\n|faint|p1b: Calyrex\n|\n|win|datbishgames\n|raw|Pillarmen2's rating: 1461 &rarr; <strong>1441</strong><br />(-20 for losing)\n|raw|datbishgames's rating: 1454 &rarr; <strong>1474</strong><br />(+20 for winning)\n|l|\u2606datbishgames\n|player|p2|\n|l|\u2606Pillarmen2\n|player|p1|\n","uploadtime":1775803789,"views":8,"formatid":"gen9vgc2026regi","rating":1441,"private":0,"password":null}