{"id":"gen9vgc2026regi-2551981312","format":"[Gen 9] VGC 2026 Reg I","players":["Pokemonst3r","lalo's pollos"],"log":"|j|\u2606Pokemonst3r\n|j|\u2606lalo's pollos\n|t:|1772662352\n|gametype|doubles\n|player|p1|Pokemonst3r|169|1603\n|player|p2|lalo's pollos|266|1528\n|gen|9\n|tier|[Gen 9] VGC 2026 Reg I\n|rated|\n|rule|Species Clause: Limit one of each Pok\u00e9mon\n|rule|Item Clause: Limit 1 of each item\n|clearpoke\n|poke|p1|Chien-Pao, L50|\n|poke|p1|Calyrex-Shadow, L50|\n|poke|p1|Dondozo, L50, F|\n|poke|p1|Zamazenta-*, L50|\n|poke|p1|Dragonite, L50, F|\n|poke|p1|Tatsugiri, L50, F|\n|poke|p2|Zamazenta-*, L50|\n|poke|p2|Lunala, L50|\n|poke|p2|Rillaboom, L50, M|\n|poke|p2|Incineroar, L50, M|\n|poke|p2|Urshifu-*, L50, M|\n|poke|p2|Tornadus, L50, M|\n|teampreview|4\n|inactive|Battle timer is ON: inactive players will automatically lose when time's up. (requested by Pokemonst3r)\n|\n|t:|1772662380\n|teamsize|p1|4\n|teamsize|p2|4\n|start\n|switch|p1a: Calyrex|Calyrex-Shadow, L50|100/100\n|switch|p1b: Dragonite|Dragonite, L50, F|100/100\n|switch|p2a: Lunala|Lunala, L50|100/100\n|switch|p2b: Tornadus|Tornadus, L50, M|100/100\n|-ability|p1a: Calyrex|As One\n|-ability|p1a: Calyrex|Unnerve\n|turn|1\n|\n|t:|1772662399\n|-terastallize|p2a: Lunala|Fairy\n|-terastallize|p1b: Dragonite|Normal\n|move|p1b: Dragonite|Extreme Speed|p2a: Lunala\n|-damage|p2a: Lunala|70/100\n|move|p2b: Tornadus|Tailwind|p2b: Tornadus\n|-sidestart|p2: lalo's pollos|move: Tailwind\n|move|p1a: Calyrex|Astral Barrage|p2a: Lunala|[spread] p2a,p2b\n|-damage|p2a: Lunala|30/100\n|-damage|p2b: Tornadus|29/100\n|move|p2a: Lunala|Moonblast|p1b: Dragonite\n|-damage|p1b: Dragonite|50/100\n|\n|-heal|p2a: Lunala|36/100|[from] item: Leftovers\n|upkeep\n|turn|2\n|\n|t:|1772662420\n|move|p2a: Lunala|Protect|p2a: Lunala\n|-singleturn|p2a: Lunala|Protect\n|move|p1b: Dragonite|Extreme Speed|p2b: Tornadus\n|-damage|p2b: Tornadus|0 fnt\n|faint|p2b: Tornadus\n|move|p1a: Calyrex|Astral Barrage|p2a: Lunala\n|-activate|p2a: Lunala|move: Protect\n|\n|-heal|p2a: Lunala|42/100|[from] item: Leftovers\n|upkeep\n|\n|t:|1772662425\n|switch|p2b: Zamazenta|Zamazenta-Crowned, L50|100/100\n|-ability|p2b: Zamazenta|Dauntless Shield|boost\n|-boost|p2b: Zamazenta|def|1\n|turn|3\n|\n|t:|1772662435\n|switch|p1a: Chien-Pao|Chien-Pao, L50|100/100\n|-ability|p1a: Chien-Pao|Sword of Ruin\n|move|p1b: Dragonite|Extreme Speed|p2a: Lunala\n|-damage|p2a: Lunala|0 fnt\n|faint|p2a: Lunala\n|move|p2b: Zamazenta|Body Press|p1b: Dragonite\n|-supereffective|p1b: Dragonite\n|-damage|p1b: Dragonite|0 fnt\n|faint|p1b: Dragonite\n|\n|upkeep\n|\n|t:|1772662447\n|switch|p2a: Rillaboom|Rillaboom, L50, M|100/100\n|switch|p1b: Zamazenta|Zamazenta-Crowned, L50|100/100\n|-fieldstart|move: Grassy Terrain|[from] ability: Grassy Surge|[of] p2a: Rillaboom\n|-ability|p1b: Zamazenta|Dauntless Shield|boost\n|-boost|p1b: Zamazenta|def|1\n|turn|4\n|inactive|Pokemonst3r has 30 seconds left.\n|inactive|Pokemonst3r has 20 seconds left.\n|\n|t:|1772662487\n|switch|p1a: Calyrex|Calyrex-Shadow, L50|100/100\n|-ability|p1a: Calyrex|As One\n|-ability|p1a: Calyrex|Unnerve\n|move|p2a: Rillaboom|Fake Out|p1b: Zamazenta\n|-resisted|p1b: Zamazenta\n|-crit|p1b: Zamazenta\n|-damage|p1b: Zamazenta|95/100\n|move|p2b: Zamazenta|Heavy Slam|p1a: Calyrex\n|-damage|p1a: Calyrex|42/100\n|cant|p1b: Zamazenta|flinch\n|\n|-heal|p1a: Calyrex|48/100|[from] Grassy Terrain\n|-heal|p1b: Zamazenta|100/100|[from] Grassy Terrain\n|-sideend|p2: lalo's pollos|move: Tailwind\n|upkeep\n|turn|5\n|inactive|Pokemonst3r has 30 seconds left.\n|\n|t:|1772662513\n|move|p2a: Rillaboom|Grassy Glide|p1a: Calyrex\n|-damage|p1a: Calyrex|12/100\n|move|p1a: Calyrex|Astral Barrage|p2b: Zamazenta|[spread] p2a,p2b\n|-damage|p2a: Rillaboom|59/100\n|-damage|p2b: Zamazenta|55/100\n|move|p2b: Zamazenta|Body Press|p1b: Zamazenta\n|-supereffective|p1b: Zamazenta\n|-damage|p1b: Zamazenta|39/100\n|move|p1b: Zamazenta|Body Press|p2a: Rillaboom\n|-damage|p2a: Rillaboom|4/100\n|\n|-heal|p1a: Calyrex|18/100|[from] Grassy Terrain\n|-heal|p2b: Zamazenta|61/100|[from] Grassy Terrain\n|-heal|p1b: Zamazenta|45/100|[from] Grassy Terrain\n|-heal|p2a: Rillaboom|10/100|[from] Grassy Terrain\n|upkeep\n|turn|6\n|\n|t:|1772662536\n|switch|p1a: Chien-Pao|Chien-Pao, L50|100/100\n|-ability|p1a: Chien-Pao|Sword of Ruin\n|move|p1b: Zamazenta|Protect|p1b: Zamazenta\n|-singleturn|p1b: Zamazenta|Protect\n|move|p2a: Rillaboom|Grassy Glide|p1a: Chien-Pao\n|-damage|p1a: Chien-Pao|60/100\n|move|p2b: Zamazenta|Body Press|p1b: Zamazenta\n|-activate|p1b: Zamazenta|move: Protect\n|\n|-heal|p1a: Chien-Pao|66/100|[from] Grassy Terrain\n|-heal|p2b: Zamazenta|67/100|[from] Grassy Terrain\n|-heal|p1b: Zamazenta|51/100|[from] Grassy Terrain\n|-heal|p2a: Rillaboom|16/100|[from] Grassy Terrain\n|upkeep\n|turn|7\n|\n|t:|1772662560\n|move|p1a: Chien-Pao|Sucker Punch|p2a: Rillaboom\n|-damage|p2a: Rillaboom|0 fnt\n|faint|p2a: Rillaboom\n|move|p2b: Zamazenta|Body Press|p1b: Zamazenta\n|-supereffective|p1b: Zamazenta\n|-damage|p1b: Zamazenta|0 fnt\n|faint|p1b: Zamazenta\n|\n|-heal|p1a: Chien-Pao|71/100|[from] Grassy Terrain\n|-heal|p2b: Zamazenta|73/100|[from] Grassy Terrain\n|upkeep\n|\n|t:|1772662569\n|switch|p1b: Calyrex|Calyrex-Shadow, L50|18/100\n|-ability|p1b: Calyrex|As One\n|-ability|p1b: Calyrex|Unnerve\n|turn|8\n|\n|t:|1772662588\n|move|p2b: Zamazenta|Protect|p2b: Zamazenta\n|-singleturn|p2b: Zamazenta|Protect\n|move|p1b: Calyrex|Astral Barrage|p2b: Zamazenta\n|-activate|p2b: Zamazenta|move: Protect\n|move|p1a: Chien-Pao|Ice Spinner|p2b: Zamazenta\n|-activate|p2b: Zamazenta|move: Protect\n|\n|-heal|p1b: Calyrex|23/100|[from] Grassy Terrain\n|-heal|p1a: Chien-Pao|77/100|[from] Grassy Terrain\n|-heal|p2b: Zamazenta|80/100|[from] Grassy Terrain\n|-fieldend|move: Grassy Terrain\n|upkeep\n|turn|9\n|\n|t:|1772662605\n|move|p1b: Calyrex|Astral Barrage|p2b: Zamazenta\n|-damage|p2b: Zamazenta|25/100\n|move|p1a: Chien-Pao|Ice Spinner|p2b: Zamazenta\n|-resisted|p2b: Zamazenta\n|-crit|p2b: Zamazenta\n|-damage|p2b: Zamazenta|1/100\n|move|p2b: Zamazenta|Heavy Slam|p1b: Calyrex\n|-damage|p1b: Calyrex|0 fnt\n|faint|p1b: Calyrex\n|\n|upkeep\n|turn|10\n|c|\u2606lalo's pollos|noo\n|\n|t:|1772662621\n|move|p1a: Chien-Pao|Ice Spinner|p2b: Zamazenta\n|-resisted|p2b: Zamazenta\n|-damage|p2b: Zamazenta|0 fnt\n|faint|p2b: Zamazenta\n|\n|win|Pokemonst3r\n|raw|Pokemonst3r's rating: 1603 &rarr; <strong>1619</strong><br />(+16 for winning)\n|raw|lalo&apos;s pollos's rating: 1528 &rarr; <strong>1512</strong><br />(-16 for losing)\n","uploadtime":1772662765,"views":18,"formatid":"gen9vgc2026regi","rating":1512,"private":0,"password":null}