{"id":"gen9vgc2026regi-2525040368","format":"[Gen 9] VGC 2026 Reg I","players":["Unskilled99","Rillabossman"],"log":"|j|\u2606Unskilled99\n|j|\u2606Rillabossman\n|t:|1769220623\n|gametype|doubles\n|player|p1|Unskilled99|unknown|1583\n|player|p2|Rillabossman|burglar|1459\n|gen|9\n|tier|[Gen 9] VGC 2026 Reg I\n|rated|\n|rule|Species Clause: Limit one of each Pok\u00e9mon\n|rule|Item Clause: Limit 1 of each item\n|clearpoke\n|poke|p1|Calyrex-Shadow, L50|\n|poke|p1|Zamazenta-*, L50|\n|poke|p1|Chien-Pao, L50|\n|poke|p1|Dragonite, L50, F|\n|poke|p1|Raging Bolt, L50|\n|poke|p1|Amoonguss, L50, F|\n|poke|p2|Calyrex-Ice, L50|\n|poke|p2|Kyogre, L50|\n|poke|p2|Breloom, L50, F|\n|poke|p2|Grimmsnarl, L50, M|\n|poke|p2|Iron Jugulis, L50|\n|poke|p2|Ogerpon-Cornerstone, L50, F|\n|teampreview|4\n|c|\u2606Rillabossman|glhf\n|\n|t:|1769220667\n|teamsize|p1|4\n|teamsize|p2|4\n|start\n|switch|p1a: Chien-Pao|Chien-Pao, L50|100/100\n|switch|p1b: Zamazenta|Zamazenta-Crowned, L50|100/100\n|switch|p2a: Calyrex|Calyrex-Ice, L50|100/100\n|switch|p2b: Grimmsnarl|Grimmsnarl, L50, M|100/100\n|-ability|p2a: Calyrex|As One\n|-ability|p2a: Calyrex|Unnerve\n|-ability|p1a: Chien-Pao|Sword of Ruin\n|-ability|p1b: Zamazenta|Dauntless Shield|boost\n|-boost|p1b: Zamazenta|def|1\n|-item|p1a: Chien-Pao|Assault Vest|[from] ability: Frisk|[of] p2b: Grimmsnarl\n|-item|p1b: Zamazenta|Rusted Shield|[from] ability: Frisk|[of] p2b: Grimmsnarl\n|turn|1\n|\n|t:|1769220687\n|move|p2b: Grimmsnarl|Fake Out|p1b: Zamazenta\n|-resisted|p1b: Zamazenta\n|-damage|p1b: Zamazenta|97/100\n|move|p1a: Chien-Pao|Ruination|p2b: Grimmsnarl\n|-damage|p2b: Grimmsnarl|50/100\n|cant|p1b: Zamazenta|flinch\n|move|p2a: Calyrex|Trick Room|p2a: Calyrex\n|-fieldstart|move: Trick Room|[of] p2a: Calyrex\n|\n|upkeep\n|turn|2\n|\n|t:|1769220697\n|-terastallize|p2a: Calyrex|Fairy\n|move|p2a: Calyrex|Leech Seed|p1b: Zamazenta\n|-start|p1b: Zamazenta|move: Leech Seed\n|move|p2b: Grimmsnarl|Spirit Break|p1a: Chien-Pao\n|-supereffective|p1a: Chien-Pao\n|-damage|p1a: Chien-Pao|0 fnt\n|faint|p1a: Chien-Pao\n|move|p1b: Zamazenta|Heavy Slam|p2b: Grimmsnarl\n|-supereffective|p2b: Grimmsnarl\n|-damage|p2b: Grimmsnarl|0 fnt\n|faint|p2b: Grimmsnarl\n|\n|-damage|p1b: Zamazenta|85/100|[from] Leech Seed|[of] p2a: Calyrex\n|upkeep\n|\n|t:|1769220707\n|switch|p2b: Breloom|Breloom, L50, F|100/100\n|switch|p1a: Amoonguss|Amoonguss, L50, F|100/100\n|turn|3\n|\n|t:|1769220744\n|move|p1a: Amoonguss|Spore|p2a: Calyrex\n|-status|p2a: Calyrex|slp|[from] move: Spore\n|cant|p2a: Calyrex|slp\n|move|p2b: Breloom|Spore|p1b: Zamazenta\n|-status|p1b: Zamazenta|slp|[from] move: Spore\n|cant|p1b: Zamazenta|slp\n|\n|-damage|p1b: Zamazenta|73/100 slp|[from] Leech Seed|[of] p2a: Calyrex\n|upkeep\n|turn|4\n|\n|t:|1769220760\n|move|p1a: Amoonguss|Sludge Bomb|p2b: Breloom\n|-supereffective|p2b: Breloom\n|-damage|p2b: Breloom|2/100\n|cant|p2a: Calyrex|slp\n|move|p2b: Breloom|Close Combat|p1b: Zamazenta\n|-supereffective|p1b: Zamazenta\n|-damage|p1b: Zamazenta|27/100 slp\n|-unboost|p2b: Breloom|def|1\n|-unboost|p2b: Breloom|spd|1\n|-curestatus|p1b: Zamazenta|slp|[msg]\n|move|p1b: Zamazenta|Body Press|p2b: Breloom\n|-damage|p2b: Breloom|0 fnt\n|faint|p2b: Breloom\n|\n|-damage|p1b: Zamazenta|15/100|[from] Leech Seed|[of] p2a: Calyrex\n|upkeep\n|\n|t:|1769220771\n|switch|p2b: Kyogre|Kyogre, L50|100/100\n|-weather|RainDance|[from] ability: Drizzle|[of] p2b: Kyogre\n|turn|5\n|\n|t:|1769220785\n|move|p2b: Kyogre|Protect|p2b: Kyogre\n|-singleturn|p2b: Kyogre|Protect\n|move|p1a: Amoonguss|Sludge Bomb|p2a: Calyrex\n|-supereffective|p2a: Calyrex\n|-damage|p2a: Calyrex|66/100 slp\n|-curestatus|p2a: Calyrex|slp|[msg]\n|move|p2a: Calyrex|Glacial Lance|p1a: Amoonguss|[spread] p1a,p1b\n|-supereffective|p1a: Amoonguss\n|-resisted|p1b: Zamazenta\n|-damage|p1a: Amoonguss|17/100\n|-damage|p1b: Zamazenta|6/100\n|move|p1b: Zamazenta|Heavy Slam|p2a: Calyrex\n|-supereffective|p2a: Calyrex\n|-damage|p2a: Calyrex|47/100\n|\n|-weather|RainDance|[upkeep]\n|-heal|p2a: Calyrex|53/100|[from] item: Leftovers\n|-damage|p1b: Zamazenta|0 fnt|[from] Leech Seed|[of] p2a: Calyrex\n|-heal|p2a: Calyrex|58/100|[silent]\n|faint|p1b: Zamazenta\n|-fieldend|move: Trick Room\n|upkeep\n|\n|t:|1769220800\n|switch|p1b: Calyrex|Calyrex-Shadow, L50|100/100\n|-ability|p1b: Calyrex|As One\n|-ability|p1b: Calyrex|Unnerve\n|turn|6\n|\n|t:|1769220828\n|-terastallize|p1b: Calyrex|Ghost\n|move|p1b: Calyrex|Astral Barrage|p2a: Calyrex|[spread] p2a,p2b\n|-crit|p2a: Calyrex\n|-damage|p2a: Calyrex|0 fnt\n|-damage|p2b: Kyogre|55/100\n|faint|p2a: Calyrex\n|-ability|p1b: Calyrex|Grim Neigh|boost\n|-boost|p1b: Calyrex|spa|1\n|move|p2b: Kyogre|Origin Pulse|p1a: Amoonguss|[spread] p1b\n|-miss|p2b: Kyogre|p1a: Amoonguss\n|-damage|p1b: Calyrex|11/100\n|move|p1a: Amoonguss|Sludge Bomb|p2b: Kyogre\n|-damage|p2b: Kyogre|39/100\n|\n|-weather|RainDance|[upkeep]\n|upkeep\n|turn|7\n|c|\u2606Rillabossman|....\n|c|\u2606Rillabossman|crit and miss\n|c|\u2606Unskilled99|that's not matter\n|c|\u2606Rillabossman|:(\n|c|\u2606Unskilled99|right/\n|c|\u2606Unskilled99|right?\n|c|\u2606Rillabossman|252 SpA Tera-Ghost Calyrex-Shadow Rider Astral Barrage vs. 252 HP  / 156 SpD Tera-Fairy Calyrex-Ice Rider: 88-104 (42.5 - 50.2%) -- guaranteed 2HKO\n|c|\u2606Rillabossman|from 58%\n|c|\u2606Rillabossman|ah well\n|c|\u2606Rillabossman|happens, ggs\n|\n|t:|1769220890\n|move|p1b: Calyrex|Astral Barrage|p2b: Kyogre\n|-damage|p2b: Kyogre|0 fnt\n|faint|p2b: Kyogre\n|\n|win|Unskilled99\n|raw|Unskilled99's rating: 1583 &rarr; <strong>1596</strong><br />(+13 for winning)\n|raw|Rillabossman's rating: 1459 &rarr; <strong>1446</strong><br />(-13 for losing)\n|c|\u2606Unskilled99|oh\n|c|\u2606Unskilled99|gg\n|l|\u2606Rillabossman\n|player|p2|\n|l|\u2606Unskilled99\n|player|p1|\n|j|\u2606Rillabossman\n|player|p2|Rillabossman|burglar|\n|l|\u2606Rillabossman\n|player|p2|\n","uploadtime":1769221073,"views":32,"formatid":"gen9vgc2026regi","rating":1446,"private":0,"password":null}