{"id":"gen9vgc2026regi-2540582278","format":"[Gen 9] VGC 2026 Reg I","players":["Articunothegoat","ryo8989"],"log":"|j|\u2606Articunothegoat\n|j|\u2606ryo8989\n|t:|1771221642\n|gametype|doubles\n|player|p1|Articunothegoat|juggler|1340\n|player|p2|ryo8989|erika|1504\n|gen|9\n|tier|[Gen 9] VGC 2026 Reg I\n|rated|\n|rule|Species Clause: Limit one of each Pok\u00e9mon\n|rule|Item Clause: Limit 1 of each item\n|clearpoke\n|poke|p1|Rillaboom, L50, F|\n|poke|p1|Incineroar, L50, M|\n|poke|p1|Zamazenta-*, L50|\n|poke|p1|Clefairy, L50, F|\n|poke|p1|Farigiraf, L50, F|\n|poke|p1|Calyrex-Shadow, L50|\n|poke|p2|Calyrex-Ice, L50|\n|poke|p2|Miraidon, L50|\n|poke|p2|Incineroar, L50, M|\n|poke|p2|Farigiraf, L50, F|\n|poke|p2|Urshifu-*, L50, M|\n|poke|p2|Whimsicott, L50, M|\n|teampreview|4\n|inactive|Battle timer is ON: inactive players will automatically lose when time's up. (requested by Articunothegoat)\n|inactive|Articunothegoat has 60 seconds left.\n|\n|t:|1771221677\n|teamsize|p1|4\n|teamsize|p2|4\n|start\n|switch|p1a: Farigiraf|Farigiraf, L50, F|100/100\n|switch|p1b: Zamazenta|Zamazenta-Crowned, L50|100/100\n|switch|p2a: Miraidon|Miraidon, L50|100/100\n|switch|p2b: Farigiraf|Farigiraf, L50, F|100/100\n|-fieldstart|move: Electric Terrain|[from] ability: Hadron Engine|[of] p2a: Miraidon\n|-enditem|p2b: Farigiraf|Electric Seed\n|-boost|p2b: Farigiraf|def|1|[from] item: Electric Seed\n|-ability|p1b: Zamazenta|Dauntless Shield|boost\n|-boost|p1b: Zamazenta|def|1\n|turn|1\n|\n|t:|1771221699\n|move|p2a: Miraidon|Electro Drift|p1b: Zamazenta\n|-damage|p1b: Zamazenta|23/100\n|move|p1b: Zamazenta|Body Press|p2a: Miraidon\n|-damage|p2a: Miraidon|35/100\n|move|p2b: Farigiraf|Psychic|p1b: Zamazenta\n|-damage|p1b: Zamazenta|1/100\n|move|p1a: Farigiraf|Roar|p2b: Farigiraf\n|-enditem|p1a: Farigiraf|Throat Spray\n|-boost|p1a: Farigiraf|spa|1|[from] item: Throat Spray\n|drag|p2b: Calyrex|Calyrex-Ice, L50|100/100\n|-ability|p2b: Calyrex|As One\n|-ability|p2b: Calyrex|Unnerve\n|\n|upkeep\n|turn|2\n|inactive|Articunothegoat has 30 seconds left.\n|\n|t:|1771221724\n|move|p2a: Miraidon|Volt Switch|p1b: Zamazenta\n|-damage|p1b: Zamazenta|0 fnt\n|faint|p1b: Zamazenta\n|\n|t:|1771221729\n|switch|p2a: Farigiraf|Farigiraf, L50, F|100/100|[from] Volt Switch\n|move|p2b: Calyrex|Glacial Lance|p1a: Farigiraf\n|-damage|p1a: Farigiraf|35/100\n|move|p1a: Farigiraf|Roar|p2b: Calyrex\n|drag|p2b: Incineroar|Incineroar, L50, M|100/100\n|-ability|p2b: Incineroar|Intimidate|boost\n|-unboost|p1a: Farigiraf|atk|1\n|\n|upkeep\n|\n|t:|1771221734\n|switch|p1b: Calyrex|Calyrex-Shadow, L50|100/100\n|-ability|p1b: Calyrex|As One\n|-ability|p1b: Calyrex|Unnerve\n|turn|3\n|\n|t:|1771221756\n|-terastallize|p1b: Calyrex|Fairy\n|move|p1a: Farigiraf|Helping Hand|p1b: Calyrex\n|-singleturn|p1b: Calyrex|Helping Hand|[of] p1a: Farigiraf\n|move|p1b: Calyrex|Draining Kiss|p2a: Farigiraf\n|-damage|p2a: Farigiraf|58/100\n|move|p2b: Incineroar|Knock Off|p1a: Farigiraf\n|-supereffective|p1a: Farigiraf\n|-damage|p1a: Farigiraf|0 fnt\n|faint|p1a: Farigiraf\n|move|p2a: Farigiraf|Foul Play|p1b: Calyrex\n|-resisted|p1b: Calyrex\n|-damage|p1b: Calyrex|92/100\n|\n|upkeep\n|\n|t:|1771221762\n|switch|p1a: Clefairy|Clefairy, L50, F|100/100\n|turn|4\n|\n|t:|1771221777\n|move|p1a: Clefairy|Helping Hand|p1b: Calyrex\n|-singleturn|p1b: Calyrex|Helping Hand|[of] p1a: Clefairy\n|move|p1b: Calyrex|Draining Kiss|p2b: Incineroar\n|-damage|p2b: Incineroar|75/100\n|-heal|p1b: Calyrex|100/100|[from] drain|[of] p2b: Incineroar\n|move|p2b: Incineroar|Knock Off|p1a: Clefairy\n|-resisted|p1a: Clefairy\n|-damage|p1a: Clefairy|82/100\n|-enditem|p1a: Clefairy|Eviolite|[from] move: Knock Off|[of] p2b: Incineroar\n|move|p2a: Farigiraf|Psychic|p1a: Clefairy\n|-damage|p1a: Clefairy|48/100\n|\n|upkeep\n|turn|5\n|\n|t:|1771221802\n|move|p1b: Calyrex|Draining Kiss|p2a: Farigiraf\n|-damage|p2a: Farigiraf|22/100\n|move|p2b: Incineroar|Knock Off|p1a: Clefairy\n|-resisted|p1a: Clefairy\n|-damage|p1a: Clefairy|28/100\n|move|p2a: Farigiraf|Psychic|p1a: Clefairy\n|-damage|p1a: Clefairy|0 fnt\n|faint|p1a: Clefairy\n|\n|-fieldend|move: Electric Terrain\n|upkeep\n|turn|6\n|\n|t:|1771221822\n|switch|p2a: Calyrex|Calyrex-Ice, L50|100/100\n|-ability|p2a: Calyrex|As One\n|-ability|p2a: Calyrex|Unnerve\n|move|p1b: Calyrex|Draining Kiss|p2b: Incineroar\n|-damage|p2b: Incineroar|53/100\n|move|p2b: Incineroar|U-turn|p1b: Calyrex\n|-resisted|p1b: Calyrex\n|-damage|p1b: Calyrex|87/100\n|\n|t:|1771221833\n|switch|p2b: Miraidon|Miraidon, L50|35/100|[from] U-turn\n|-fieldstart|move: Electric Terrain|[from] ability: Hadron Engine|[of] p2b: Miraidon\n|\n|upkeep\n|turn|7\n|\n|t:|1771221841\n|-terastallize|p2a: Calyrex|Fire\n|move|p2b: Miraidon|Protect|p2b: Miraidon\n|-singleturn|p2b: Miraidon|Protect\n|move|p1b: Calyrex|Draining Kiss|p2b: Miraidon\n|-activate|p2b: Miraidon|move: Protect\n|move|p2a: Calyrex|Trick Room|p2a: Calyrex\n|-fieldstart|move: Trick Room|[of] p2a: Calyrex\n|\n|upkeep\n|turn|8\n|-message|Articunothegoat forfeited.\n|\n|win|ryo8989\n|raw|Articunothegoat's rating: 1340 &rarr; <strong>1329</strong><br />(-11 for losing)\n|raw|ryo8989's rating: 1504 &rarr; <strong>1515</strong><br />(+11 for winning)\n|l|\u2606Articunothegoat\n|player|p1|\n|l|\u2606ryo8989\n|player|p2|\n","uploadtime":1771221999,"views":26,"formatid":"gen9vgc2026regi","rating":1329,"private":0,"password":null}