{"id":"gen9vgc2026regi-2553994199","format":"[Gen 9] VGC 2026 Reg I","players":["wasaad5","kiangmiuk"],"log":"|j|\u2606wasaad5\n|j|\u2606kiangmiuk\n|t:|1772908148\n|gametype|doubles\n|player|p1|wasaad5|blue|1204\n|player|p2|kiangmiuk|101|1205\n|gen|9\n|tier|[Gen 9] VGC 2026 Reg I\n|rated|\n|rule|Species Clause: Limit one of each Pok\u00e9mon\n|rule|Item Clause: Limit 1 of each item\n|clearpoke\n|poke|p1|Kyurem-White, L50|\n|poke|p1|Zacian-*, L50|\n|poke|p1|Sableye, L50, F|\n|poke|p1|Urshifu-*, L50, M|\n|poke|p1|Amoonguss, L50, F|\n|poke|p1|Incineroar, L50, M|\n|poke|p2|Farigiraf, L50, F|\n|poke|p2|Whimsicott, L50, M|\n|poke|p2|Kyogre, L50|\n|poke|p2|Raging Bolt, L50|\n|poke|p2|Gholdengo, L50|\n|poke|p2|Calyrex-Ice, L50|\n|teampreview|4\n|inactive|Battle timer is ON: inactive players will automatically lose when time's up. (requested by kiangmiuk)\n|\n|t:|1772908166\n|teamsize|p1|4\n|teamsize|p2|4\n|start\n|switch|p1a: Sableye|Sableye, L50, F|100/100\n|switch|p1b: Kyurem|Kyurem-White, L50, shiny|100/100\n|switch|p2a: Whimsicott|Whimsicott, L50, M|100/100\n|switch|p2b: Gholdengo|Gholdengo, L50|100/100\n|-ability|p1b: Kyurem|Turboblaze\n|turn|1\n|\n|t:|1772908185\n|move|p2b: Gholdengo|Protect|p2b: Gholdengo\n|-singleturn|p2b: Gholdengo|Protect\n|move|p1a: Sableye|Quash|p2b: Gholdengo\n|-activate|p2b: Gholdengo|move: Protect\n|move|p1b: Kyurem|Fusion Flare|p2b: Gholdengo\n|-activate|p2b: Gholdengo|move: Protect\n|move|p2a: Whimsicott|Trick Room|p2a: Whimsicott\n|-fieldstart|move: Trick Room|[of] p2a: Whimsicott\n|\n|upkeep\n|turn|2\n|inactive|kiangmiuk has 30 seconds left.\n|inactive|wasaad5 has 30 seconds left.\n|inactive|kiangmiuk has 20 seconds left.\n|inactive|kiangmiuk has 15 seconds left.\n|inactive|kiangmiuk has 10 seconds left.\n|\n|t:|1772908232\n|move|p1a: Sableye|Encore|p2b: Gholdengo\n|-immune|p2b: Gholdengo|[from] ability: Good as Gold\n|move|p2a: Whimsicott|Encore|p1a: Sableye\n|-hint|Since gen 7, Dark is immune to Prankster moves.\n|-immune|p1a: Sableye\n|move|p2b: Gholdengo|Make It Rain|p1a: Sableye|[spread] p1a,p1b\n|-supereffective|p1b: Kyurem\n|-damage|p1a: Sableye|20/100\n|-damage|p1b: Kyurem|48/100\n|-unboost|p2b: Gholdengo|spa|1\n|move|p1b: Kyurem|Fusion Flare|p2a: Whimsicott\n|-supereffective|p2a: Whimsicott\n|-damage|p2a: Whimsicott|9/100\n|\n|upkeep\n|turn|3\n|\n|t:|1772908254\n|switch|p1a: Incineroar|Incineroar, L50, M|100/100\n|-ability|p1a: Incineroar|Intimidate|boost\n|-unboost|p2a: Whimsicott|atk|1\n|-unboost|p2b: Gholdengo|atk|1\n|move|p2b: Gholdengo|Make It Rain|p1b: Kyurem|[spread] p1a,p1b\n|-resisted|p1a: Incineroar\n|-supereffective|p1b: Kyurem\n|-crit|p1b: Kyurem\n|-damage|p1a: Incineroar|85/100\n|-damage|p1b: Kyurem|0 fnt\n|-unboost|p2b: Gholdengo|spa|1\n|faint|p1b: Kyurem\n|move|p2a: Whimsicott|Giga Drain|p1a: Incineroar\n|-resisted|p1a: Incineroar\n|-damage|p1a: Incineroar|76/100\n|-heal|p2a: Whimsicott|15/100|[from] drain|[of] p1a: Incineroar\n|\n|upkeep\n|\n|t:|1772908268\n|switch|p1b: Zacian|Zacian-Crowned, L50|100/100\n|-ability|p1b: Zacian|Intrepid Sword|boost\n|-boost|p1b: Zacian|atk|1\n|turn|4\n|inactive|kiangmiuk has 30 seconds left.\n|\n|t:|1772908295\n|move|p1b: Zacian|Protect|p1b: Zacian\n|-singleturn|p1b: Zacian|Protect\n|move|p1a: Incineroar|Knock Off|p2b: Gholdengo\n|-supereffective|p2b: Gholdengo\n|-damage|p2b: Gholdengo|25/100\n|-enditem|p2b: Gholdengo|Metronome|[from] move: Knock Off|[of] p1a: Incineroar\n|move|p2b: Gholdengo|Make It Rain|p1b: Zacian|[spread] p1a\n|-activate|p1b: Zacian|move: Protect\n|-resisted|p1a: Incineroar\n|-damage|p1a: Incineroar|67/100\n|-unboost|p2b: Gholdengo|spa|1\n|move|p2a: Whimsicott|Giga Drain|p1b: Zacian\n|-activate|p1b: Zacian|move: Protect\n|\n|upkeep\n|turn|5\n|inactive|kiangmiuk has 30 seconds left.\n|\n|t:|1772908323\n|move|p2a: Whimsicott|Encore|p1b: Zacian\n|-start|p1b: Zacian|Encore\n|move|p1a: Incineroar|Knock Off|p2b: Gholdengo\n|-supereffective|p2b: Gholdengo\n|-damage|p2b: Gholdengo|0 fnt\n|faint|p2b: Gholdengo\n|move|p1b: Zacian|Protect||[still]\n|-fail|p1b: Zacian\n|\n|-fieldend|move: Trick Room\n|upkeep\n|\n|t:|1772908335\n|switch|p2b: Kyogre|Kyogre, L50|100/100\n|-weather|RainDance|[from] ability: Drizzle|[of] p2b: Kyogre\n|turn|6\n|\n|t:|1772908346\n|-terastallize|p2b: Kyogre|Water\n|move|p2a: Whimsicott|Helping Hand|p2b: Kyogre\n|-singleturn|p2b: Kyogre|Helping Hand|[of] p2a: Whimsicott\n|move|p1b: Zacian|Protect|p1b: Zacian\n|-singleturn|p1b: Zacian|Protect\n|move|p2b: Kyogre|Water Spout|p1a: Incineroar|[spread] p1a\n|-activate|p1b: Zacian|move: Protect\n|-supereffective|p1a: Incineroar\n|-damage|p1a: Incineroar|0 fnt\n|faint|p1a: Incineroar\n|\n|-weather|RainDance|[upkeep]\n|upkeep\n|\n|t:|1772908353\n|switch|p1a: Sableye|Sableye, L50, F|20/100\n|turn|7\n|-message|wasaad5 forfeited.\n|\n|win|kiangmiuk\n|raw|wasaad5's rating: 1204 &rarr; <strong>1179</strong><br />(-25 for losing)\n|raw|kiangmiuk's rating: 1205 &rarr; <strong>1230</strong><br />(+25 for winning)\n|l|\u2606wasaad5\n|player|p1|\n|l|\u2606kiangmiuk\n|player|p2|\n","uploadtime":1772908533,"views":15,"formatid":"gen9vgc2026regi","rating":1179,"private":0,"password":null}