{"id":"gen9vgc2026regi-2555336810","format":"[Gen 9] VGC 2026 Reg I","players":["Rypassed You","ArisHazard"],"log":"|j|\u2606Rypassed You\n|j|\u2606ArisHazard\n|t:|1773080241\n|gametype|doubles\n|player|p1|Rypassed You|drayton|1439\n|player|p2|ArisHazard|102|1369\n|gen|9\n|tier|[Gen 9] VGC 2026 Reg I\n|rated|\n|rule|Species Clause: Limit one of each Pok\u00e9mon\n|rule|Item Clause: Limit 1 of each item\n|clearpoke\n|poke|p1|Kyogre, L50|\n|poke|p1|Miraidon, L50|\n|poke|p1|Tornadus, L50, M|\n|poke|p1|Iron Hands, L50|\n|poke|p1|Farigiraf, L50, F|\n|poke|p1|Urshifu-*, L50, M|\n|poke|p2|Calyrex-Ice, L50|\n|poke|p2|Urshifu-*, L50, M|\n|poke|p2|Miraidon, L50|\n|poke|p2|Tornadus, L50, M|\n|poke|p2|Sableye, L50, F|\n|poke|p2|Ursaluna-Bloodmoon, L50, M|\n|teampreview|4\n|inactive|Battle timer is ON: inactive players will automatically lose when time's up. (requested by Rypassed You)\n|c|\u2606Rypassed You|glhf\n|\n|t:|1773080271\n|teamsize|p1|4\n|teamsize|p2|4\n|start\n|switch|p1a: \u30c8\u30eb\u30cd\u30ed\u30b9|Tornadus, L50, M|100/100\n|switch|p1b: Natalia|Miraidon, L50|100/100\n|switch|p2a: Calyrex|Calyrex-Ice, L50|100/100\n|switch|p2b: Miraidon|Miraidon, L50|100/100\n|-ability|p2a: Calyrex|As One\n|-ability|p2a: Calyrex|Unnerve\n|-fieldstart|move: Electric Terrain|[from] ability: Hadron Engine|[of] p1b: Natalia\n|-activate|p2b: Miraidon|ability: Hadron Engine\n|turn|1\n|\n|t:|1773080287\n|-terastallize|p1b: Natalia|Fairy\n|move|p2a: Calyrex|Protect|p2a: Calyrex\n|-singleturn|p2a: Calyrex|Protect\n|move|p1a: \u30c8\u30eb\u30cd\u30ed\u30b9|Taunt|p2a: Calyrex\n|-activate|p2a: Calyrex|move: Protect\n|move|p1b: Natalia|Dazzling Gleam|p2b: Miraidon|[spread] p2b\n|-activate|p2a: Calyrex|move: Protect\n|-supereffective|p2b: Miraidon\n|-damage|p2b: Miraidon|21/100\n|move|p2b: Miraidon|Volt Switch|p1a: \u30c8\u30eb\u30cd\u30ed\u30b9\n|-supereffective|p1a: \u30c8\u30eb\u30cd\u30ed\u30b9\n|-enditem|p1a: \u30c8\u30eb\u30cd\u30ed\u30b9|Focus Sash\n|-damage|p1a: \u30c8\u30eb\u30cd\u30ed\u30b9|1/100\n|\n|t:|1773080303\n|switch|p2b: Sableye|Sableye, L50, F|100/100|[from] Volt Switch\n|\n|upkeep\n|turn|2\n|\n|t:|1773080316\n|switch|p1b: Josy|Farigiraf, L50, F|100/100\n|-enditem|p1b: Josy|Electric Seed\n|-boost|p1b: Josy|def|1|[from] item: Electric Seed\n|move|p1a: \u30c8\u30eb\u30cd\u30ed\u30b9|Taunt|p2a: Calyrex\n|-start|p2a: Calyrex|move: Taunt\n|move|p2b: Sableye|Disable||[still]\n|cant|p1b: Josy|ability: Armor Tail|Disable|[of] p2b: Sableye\n|move|p2a: Calyrex|Glacial Lance|p1b: Josy|[spread] p1a,p1b\n|-supereffective|p1a: \u30c8\u30eb\u30cd\u30ed\u30b9\n|-damage|p1a: \u30c8\u30eb\u30cd\u30ed\u30b9|0 fnt\n|-damage|p1b: Josy|64/100\n|faint|p1a: \u30c8\u30eb\u30cd\u30ed\u30b9\n|-ability|p2a: Calyrex|Chilling Neigh|boost\n|-boost|p2a: Calyrex|atk|1\n|\n|upkeep\n|\n|t:|1773080329\n|switch|p1a: Dhruva|Kyogre, L50|100/100\n|-weather|RainDance|[from] ability: Drizzle|[of] p1a: Dhruva\n|turn|3\n|\n|t:|1773080343\n|move|p1b: Josy|Helping Hand|p1a: Dhruva\n|-singleturn|p1a: Dhruva|Helping Hand|[of] p1b: Josy\n|move|p2b: Sableye|Protect|p2b: Sableye\n|-singleturn|p2b: Sableye|Protect\n|move|p1a: Dhruva|Water Spout|p2a: Calyrex|[spread] p2a\n|-activate|p2b: Sableye|move: Protect\n|-damage|p2a: Calyrex|0 fnt\n|faint|p2a: Calyrex\n|\n|-weather|RainDance|[upkeep]\n|upkeep\n|\n|t:|1773080357\n|switch|p2a: Miraidon|Miraidon, L50|21/100\n|-activate|p2a: Miraidon|ability: Hadron Engine\n|turn|4\n|\n|t:|1773080369\n|-terastallize|p2a: Miraidon|Electric\n|move|p2a: Miraidon|Volt Switch|p1a: Dhruva\n|-supereffective|p1a: Dhruva\n|-damage|p1a: Dhruva|0 fnt\n|faint|p1a: Dhruva\n|\n|t:|1773080375\n|switch|p2a: Ursaluna|Ursaluna-Bloodmoon, L50, M|100/100|[from] Volt Switch\n|move|p1b: Josy|Imprison|p1b: Josy\n|-start|p1b: Josy|move: Imprison\n|cant|p2b: Sableye|move: Imprison|Foul Play\n|\n|-weather|RainDance|[upkeep]\n|upkeep\n|\n|t:|1773080383\n|switch|p1a: Natalia|Miraidon, L50, tera:Fairy|100/100\n|-activate|p1a: Natalia|ability: Hadron Engine\n|turn|5\n|\n|t:|1773080397\n|move|p1b: Josy|Helping Hand|p1a: Natalia\n|-singleturn|p1a: Natalia|Helping Hand|[of] p1b: Josy\n|move|p2b: Sableye|Protect|p2b: Sableye\n|-singleturn|p2b: Sableye|Protect\n|move|p1a: Natalia|Dazzling Gleam|p2b: Sableye|[spread] p2a\n|-activate|p2b: Sableye|move: Protect\n|-damage|p2a: Ursaluna|0 fnt\n|faint|p2a: Ursaluna\n|\n|-weather|RainDance|[upkeep]\n|-fieldend|move: Electric Terrain\n|upkeep\n|-message|ArisHazard forfeited.\n|\n|win|Rypassed You\n|raw|Rypassed You's rating: 1439 &rarr; <strong>1455</strong><br />(+16 for winning)\n|raw|ArisHazard's rating: 1369 &rarr; <strong>1353</strong><br />(-16 for losing)\n|l|\u2606ArisHazard\n|player|p2|\n|l|\u2606Rypassed You\n|player|p1|\n","uploadtime":1773080550,"views":17,"formatid":"gen9vgc2026regi","rating":1353,"private":0,"password":null}