{"id":"gen9vgc2026regi-2543660474","format":"[Gen 9] VGC 2026 Reg I","players":["123456ag","bullgod4ever"],"log":"|j|\u2606123456ag\n|j|\u2606bullgod4ever\n|t:|1771603898\n|gametype|doubles\n|player|p1|123456ag|swimmerf-gen4dp|1445\n|player|p2|bullgod4ever|1|1477\n|gen|9\n|tier|[Gen 9] VGC 2026 Reg I\n|rated|\n|rule|Species Clause: Limit one of each Pok\u00e9mon\n|rule|Item Clause: Limit 1 of each item\n|clearpoke\n|poke|p1|Calyrex-Ice, L50|\n|poke|p1|Miraidon, L50|\n|poke|p1|Incineroar, L50, F|\n|poke|p1|Urshifu-*, L50, M|\n|poke|p1|Grimmsnarl, L50, M|\n|poke|p1|Landorus, L50, M|\n|poke|p2|Calyrex-Shadow, L50|\n|poke|p2|Zamazenta-*, L50|\n|poke|p2|Chien-Pao, L50|\n|poke|p2|Dragonite, L50, M|\n|poke|p2|Amoonguss, L50, M|\n|poke|p2|Ogerpon-Cornerstone, L50, F|\n|teampreview|4\n|\n|t:|1771603938\n|teamsize|p1|4\n|teamsize|p2|4\n|start\n|switch|p1a: Miraidon|Miraidon, L50|100/100\n|switch|p1b: Grimmsnarl|Grimmsnarl, L50, M|100/100\n|switch|p2a: Chien-Pao|Chien-Pao, L50|100/100\n|switch|p2b: Dragonite|Dragonite, L50, M|100/100\n|-fieldstart|move: Electric Terrain|[from] ability: Hadron Engine|[of] p1a: Miraidon\n|-ability|p2a: Chien-Pao|Sword of Ruin\n|turn|1\n|\n|t:|1771603968\n|switch|p1a: Calyrex|Calyrex-Ice, L50|100/100\n|-ability|p1a: Calyrex|As One\n|-ability|p1a: Calyrex|Unnerve\n|-terastallize|p2b: Dragonite|Normal\n|move|p2b: Dragonite|Extreme Speed|p1a: Calyrex\n|-damage|p1a: Calyrex|44/100\n|move|p2a: Chien-Pao|Ice Shard|p1a: Calyrex\n|-resisted|p1a: Calyrex\n|-crit|p1a: Calyrex\n|-damage|p1a: Calyrex|34/100\n|move|p1b: Grimmsnarl|Reflect|p1b: Grimmsnarl\n|-sidestart|p1: 123456ag|Reflect\n|\n|-heal|p1a: Calyrex|40/100|[from] item: Leftovers\n|upkeep\n|turn|2\n|\n|t:|1771604021\n|move|p1a: Calyrex|Protect|p1a: Calyrex\n|-singleturn|p1a: Calyrex|Protect\n|move|p2b: Dragonite|Extreme Speed|p1a: Calyrex\n|-activate|p1a: Calyrex|move: Protect\n|move|p2a: Chien-Pao|Ice Spinner|p1a: Calyrex\n|-activate|p1a: Calyrex|move: Protect\n|move|p1b: Grimmsnarl|Spirit Break|p2a: Chien-Pao\n|-supereffective|p2a: Chien-Pao\n|-damage|p2a: Chien-Pao|30/100\n|-unboost|p2a: Chien-Pao|spa|1\n|\n|-heal|p1a: Calyrex|45/100|[from] item: Leftovers\n|upkeep\n|turn|3\n|\n|t:|1771604049\n|move|p2b: Dragonite|Extreme Speed|p1a: Calyrex\n|-damage|p1a: Calyrex|10/100\n|move|p2a: Chien-Pao|Ice Spinner|p1a: Calyrex\n|-resisted|p1a: Calyrex\n|-damage|p1a: Calyrex|1/100\n|-fieldend|move: Electric Terrain\n|move|p1b: Grimmsnarl|Spirit Break|p2a: Chien-Pao\n|-supereffective|p2a: Chien-Pao\n|-damage|p2a: Chien-Pao|0 fnt\n|faint|p2a: Chien-Pao\n|move|p1a: Calyrex|Glacial Lance|p2b: Dragonite\n|-damage|p2b: Dragonite|29/100\n|\n|-heal|p1a: Calyrex|7/100|[from] item: Leftovers\n|upkeep\n|\n|t:|1771604066\n|switch|p2a: Zamazenta|Zamazenta-Crowned, L50|100/100\n|-ability|p2a: Zamazenta|Dauntless Shield|boost\n|-boost|p2a: Zamazenta|def|1\n|turn|4\n|\n|t:|1771604091\n|move|p2b: Dragonite|Extreme Speed|p1a: Calyrex\n|-crit|p1a: Calyrex\n|-damage|p1a: Calyrex|0 fnt\n|faint|p1a: Calyrex\n|move|p2a: Zamazenta|Body Press|p1b: Grimmsnarl\n|-damage|p1b: Grimmsnarl|56/100\n|move|p1b: Grimmsnarl|Spirit Break|p2b: Dragonite\n|-damage|p2b: Dragonite|0 fnt\n|faint|p2b: Dragonite\n|\n|upkeep\n|\n|t:|1771604118\n|switch|p2b: Calyrex|Calyrex-Shadow, L50|100/100\n|switch|p1a: Miraidon|Miraidon, L50|100/100\n|-ability|p2b: Calyrex|As One\n|-ability|p2b: Calyrex|Unnerve\n|-fieldstart|move: Electric Terrain|[from] ability: Hadron Engine|[of] p1a: Miraidon\n|turn|5\n|\n|t:|1771604141\n|move|p2b: Calyrex|Protect|p2b: Calyrex\n|-singleturn|p2b: Calyrex|Protect\n|move|p2a: Zamazenta|Protect|p2a: Zamazenta\n|-singleturn|p2a: Zamazenta|Protect\n|move|p1b: Grimmsnarl|Light Screen|p1b: Grimmsnarl\n|-sidestart|p1: 123456ag|move: Light Screen\n|move|p1a: Miraidon|Snarl|p2a: Zamazenta|[spread] \n|-activate|p2a: Zamazenta|move: Protect\n|-activate|p2b: Calyrex|move: Protect\n|\n|upkeep\n|turn|6\n|\n|t:|1771604166\n|switch|p1a: Landorus|Landorus, L50, M|100/100\n|move|p2a: Zamazenta|Wide Guard|p2a: Zamazenta\n|-singleturn|p2a: Zamazenta|Wide Guard\n|move|p2b: Calyrex|Encore|p1b: Grimmsnarl\n|-start|p1b: Grimmsnarl|Encore\n|move|p1b: Grimmsnarl|Light Screen||[still]\n|-fail|p1b: Grimmsnarl\n|\n|upkeep\n|turn|7\n|\n|t:|1771604206\n|switch|p1b: Miraidon|Miraidon, L50|100/100\n|-activate|p1b: Miraidon|ability: Hadron Engine\n|-terastallize|p1a: Landorus|Poison\n|move|p2a: Zamazenta|Protect||[still]\n|-fail|p2a: Zamazenta\n|move|p2b: Calyrex|Astral Barrage|p1b: Miraidon|[spread] p1a,p1b\n|-damage|p1a: Landorus|63/100\n|-damage|p1b: Miraidon|72/100\n|move|p1a: Landorus|Sandsear Storm|p2b: Calyrex|[spread] p2a,p2b\n|-supereffective|p2a: Zamazenta\n|-damage|p2a: Zamazenta|16/100\n|-damage|p2b: Calyrex|44/100\n|\n|upkeep\n|turn|8\n|\n|t:|1771604228\n|move|p2a: Zamazenta|Wide Guard|p2a: Zamazenta\n|-singleturn|p2a: Zamazenta|Wide Guard\n|move|p1b: Miraidon|Electro Drift|p2b: Calyrex\n|-damage|p2b: Calyrex|0 fnt\n|faint|p2b: Calyrex\n|move|p1a: Landorus|Earth Power|p2a: Zamazenta\n|-supereffective|p2a: Zamazenta\n|-damage|p2a: Zamazenta|0 fnt\n|faint|p2a: Zamazenta\n|\n|win|123456ag\n|raw|123456ag's rating: 1445 &rarr; <strong>1467</strong><br />(+22 for winning)\n|raw|bullgod4ever's rating: 1477 &rarr; <strong>1455</strong><br />(-22 for losing)\n|l|\u2606123456ag\n|player|p1|\n|l|\u2606bullgod4ever\n|player|p2|\n","uploadtime":1771604490,"views":27,"formatid":"gen9vgc2026regi","rating":1455,"private":0,"password":null}