{"id":"gen9vgc2026regi-2565715882","format":"[Gen 9] VGC 2026 Reg I","players":["Professor Hen","ScribbleScribble"],"log":"|j|\u2606Professor Hen\n|j|\u2606ScribbleScribble\n|t:|1774297831\n|gametype|doubles\n|player|p1|Professor Hen|169|1605\n|player|p2|ScribbleScribble|mina-lgpe|1629\n|gen|9\n|tier|[Gen 9] VGC 2026 Reg I\n|rated|\n|rule|Species Clause: Limit one of each Pok\u00e9mon\n|rule|Item Clause: Limit 1 of each item\n|clearpoke\n|poke|p1|Ditto, L50|\n|poke|p1|Kyogre, L50|\n|poke|p1|Iron Bundle, L50|\n|poke|p1|Grimmsnarl, L50, M|\n|poke|p1|Archaludon, L50, F|\n|poke|p1|Miraidon, L50|\n|poke|p2|Calyrex-Ice, L50|\n|poke|p2|Kyogre, L50|\n|poke|p2|Tornadus, L50, M|\n|poke|p2|Indeedee-F, L50, F|\n|poke|p2|Urshifu-*, L50, F|\n|poke|p2|Landorus, L50, M|\n|teampreview|4\n|inactive|Battle timer is ON: inactive players will automatically lose when time's up. (requested by ScribbleScribble)\nProfessor Hen has agreed to open team sheets.\n|inactive|Professor Hen has 60 seconds left.\n|inactive|Professor Hen has 30 seconds left.\n|inactive|Professor Hen has 20 seconds left.\n|inactive|Professor Hen has 15 seconds left.\n|inactive|Professor Hen has 10 seconds left.\n|\n|t:|1774297912\n|teamsize|p1|4\n|teamsize|p2|4\n|start\n|switch|p1a: Iron Bundle|Iron Bundle, L50|100/100\n|switch|p1b: Miraidon|Miraidon, L50|100/100\n|switch|p2a: Tornadus|Tornadus, L50, M|100/100\n|switch|p2b: Urshifu|Urshifu-Rapid-Strike, L50, F|100/100\n|-fieldstart|move: Electric Terrain|[from] ability: Hadron Engine|[of] p1b: Miraidon\n|-activate|p1a: Iron Bundle|ability: Quark Drive\n|-start|p1a: Iron Bundle|quarkdrivespe\n|turn|1\n|inactive|Professor Hen has 30 seconds left.\n|inactive|Professor Hen has 20 seconds left.\n|inactive|Professor Hen has 15 seconds left.\n|inactive|Professor Hen has 10 seconds left.\n|\n|t:|1774297960\n|move|p2a: Tornadus|Tailwind|p2a: Tornadus\n|-sidestart|p2: ScribbleScribble|move: Tailwind\n|move|p1a: Iron Bundle|Taunt|p2a: Tornadus\n|-start|p2a: Tornadus|move: Taunt\n|move|p2b: Urshifu|Close Combat|p1a: Iron Bundle\n|-supereffective|p1a: Iron Bundle\n|-enditem|p1a: Iron Bundle|Focus Sash\n|-damage|p1a: Iron Bundle|1/100\n|-unboost|p2b: Urshifu|def|1\n|-unboost|p2b: Urshifu|spd|1\n|move|p1b: Miraidon|Volt Switch|p2b: Urshifu\n|-supereffective|p2b: Urshifu\n|-damage|p2b: Urshifu|0 fnt\n|faint|p2b: Urshifu\n|j| Ascitiesdrown\n|\n|t:|1774297970\n|switch|p1b: Ditto|Ditto, L50|100/100|[from] Volt Switch\n|-transform|p1b: Ditto|p2a: Tornadus|[from] ability: Imposter\n|\n|upkeep\n|\n|t:|1774297977\n|switch|p2b: Calyrex|Calyrex-Ice, L50|100/100\n|-ability|p2b: Calyrex|As One\n|-ability|p2b: Calyrex|Unnerve\n|turn|2\n|inactive|Professor Hen has 30 seconds left.\n|\n|t:|1774298005\n|move|p1b: Ditto|Tailwind|p1b: Ditto\n|-sidestart|p1: Professor Hen|move: Tailwind\n|move|p1a: Iron Bundle|Taunt|p2b: Calyrex\n|-start|p2b: Calyrex|move: Taunt\n|move|p2a: Tornadus|Bleakwind Storm|p1b: Ditto|[spread] p1a,p1b\n|-damage|p1a: Iron Bundle|0 fnt\n|-damage|p1b: Ditto|44/100\n|faint|p1a: Iron Bundle\n|-end|p1a: Iron Bundle|Quark Drive|[silent]\n|move|p2b: Calyrex|Glacial Lance|p1b: Ditto\n|-supereffective|p1b: Ditto\n|-damage|p1b: Ditto|0 fnt\n|faint|p1b: Ditto\n|-ability|p2b: Calyrex|Chilling Neigh|boost\n|-boost|p2b: Calyrex|atk|1\n|\n|upkeep\n|\n|t:|1774298018\n|switch|p1a: Miraidon|Miraidon, L50|100/100\n|switch|p1b: Kyogre|Kyogre, L50|100/100\n|-activate|p1a: Miraidon|ability: Hadron Engine\n|-weather|RainDance|[from] ability: Drizzle|[of] p1b: Kyogre\n|turn|3\n|inactive|Professor Hen has 30 seconds left.\n|inactive|Professor Hen has 20 seconds left.\n|inactive|Professor Hen has 15 seconds left.\n|inactive|Professor Hen has 10 seconds left.\n|\n|t:|1774298066\n|-terastallize|p2b: Calyrex|Grass\n|move|p1a: Miraidon|Electro Drift|p2b: Calyrex\n|-resisted|p2b: Calyrex\n|-damage|p2b: Calyrex|45/100\n|move|p2a: Tornadus|Bleakwind Storm|p1a: Miraidon|[spread] p1a,p1b\n|-resisted|p1a: Miraidon\n|-damage|p1a: Miraidon|85/100\n|-damage|p1b: Kyogre|70/100\n|-unboost|p1a: Miraidon|spe|1\n|move|p1b: Kyogre|Thunder|p2b: Calyrex\n|-resisted|p2b: Calyrex\n|-damage|p2b: Calyrex|26/100\n|-status|p2b: Calyrex|par\n|move|p2b: Calyrex|Seed Bomb|p1b: Kyogre\n|-supereffective|p1b: Kyogre\n|-damage|p1b: Kyogre|0 fnt\n|faint|p1b: Kyogre\n|-ability|p2b: Calyrex|Chilling Neigh|boost\n|-boost|p2b: Calyrex|atk|1\n|\n|-weather|RainDance|[upkeep]\n|upkeep\n|turn|4\n|\n|t:|1774298071\n|move|p2a: Tornadus|Bleakwind Storm|p1a: Miraidon\n|-resisted|p1a: Miraidon\n|-damage|p1a: Miraidon|60/100\n|move|p1a: Miraidon|Electro Drift|p2b: Calyrex\n|-resisted|p2b: Calyrex\n|-damage|p2b: Calyrex|0 fnt\n|faint|p2b: Calyrex\n|\n|-weather|RainDance|[upkeep]\n|-end|p2a: Tornadus|move: Taunt\n|-sideend|p2: ScribbleScribble|move: Tailwind\n|upkeep\n|\n|t:|1774298074\n|switch|p2b: Landorus|Landorus, L50, M|100/100\n|turn|5\n|-message|Professor Hen forfeited.\n|\n|win|ScribbleScribble\n|raw|Professor Hen's rating: 1605 &rarr; <strong>1587</strong><br />(-18 for losing)\n|raw|ScribbleScribble's rating: 1646 &rarr; <strong>1664</strong><br />(+18 for winning)\n|l|\u2606Professor Hen\n|player|p1|\n|l|\u2606ScribbleScribble\n|player|p2|\n","uploadtime":1774298245,"views":19,"formatid":"gen9vgc2026regi","rating":1587,"private":0,"password":null}