{"id":"gen9vgc2026regi-2547577533","format":"[Gen 9] VGC 2026 Reg I","players":["blackred123\u6c38\u96cf\u5854\u83f2\u4fa0","Zorse Mentality"],"log":"|j|\u2606blackred123\u6c38\u96cf\u5854\u83f2\u4fa0\n|j|\u2606Zorse Mentality\n|t:|1772111069\n|gametype|doubles\n|player|p1|blackred123\u6c38\u96cf\u5854\u83f2\u4fa0|iono-masters|1482\n|player|p2|Zorse Mentality|1|1397\n|gen|9\n|tier|[Gen 9] VGC 2026 Reg I\n|rated|\n|rule|Species Clause: Limit one of each Pok\u00e9mon\n|rule|Item Clause: Limit 1 of each item\n|clearpoke\n|poke|p1|Zamazenta-*, L50|\n|poke|p1|Calyrex-Shadow, L50|\n|poke|p1|Tornadus, L50, M|\n|poke|p1|Rillaboom, L50, F|\n|poke|p1|Smeargle, L50, F|\n|poke|p1|Raging Bolt, L50|\n|poke|p2|Calyrex-Shadow, L50|\n|poke|p2|Miraidon, L50|\n|poke|p2|Dondozo, L50, F|\n|poke|p2|Tatsugiri, L50, F|\n|poke|p2|Weezing-Galar, L50, M|\n|poke|p2|Raichu-Alola, L50, M|\n|teampreview|4\n|inactive|Battle timer is ON: inactive players will automatically lose when time's up. (requested by blackred123\u6c38\u96cf\u5854\u83f2\u4fa0)\n|\n|t:|1772111093\n|teamsize|p1|4\n|teamsize|p2|4\n|start\n|switch|p1a: \u9a6c\u6b7b\u4e86|Calyrex-Shadow, L50|100/100\n|switch|p1b: \u9694\u58c1\u8001\u738b\u7231\u9001\u8349\u539f|Rillaboom, L50, F|100/100\n|switch|p2a: Raichu|Raichu-Alola, L50, M|100/100\n|switch|p2b: Miraidon|Miraidon, L50|100/100\n|-ability|p1a: \u9a6c\u6b7b\u4e86|As One\n|-ability|p1a: \u9a6c\u6b7b\u4e86|Unnerve\n|-fieldstart|move: Electric Terrain|[from] ability: Hadron Engine|[of] p2b: Miraidon\n|-fieldstart|move: Grassy Terrain|[from] ability: Grassy Surge|[of] p1b: \u9694\u58c1\u8001\u738b\u7231\u9001\u8349\u539f\n|turn|1\n|inactive|Zorse Mentality has 30 seconds left.\n|inactive|Zorse Mentality has 20 seconds left.\n|inactive|Zorse Mentality has 15 seconds left.\n|inactive|Zorse Mentality has 10 seconds left.\n|\n|t:|1772111144\n|move|p2a: Raichu|Fake Out|p1b: \u9694\u58c1\u8001\u738b\u7231\u9001\u8349\u539f\n|-damage|p1b: \u9694\u58c1\u8001\u738b\u7231\u9001\u8349\u539f|94/100\n|cant|p1b: \u9694\u58c1\u8001\u738b\u7231\u9001\u8349\u539f|flinch\n|move|p1a: \u9a6c\u6b7b\u4e86|Astral Barrage|p2b: Miraidon|[spread] p2a,p2b\n|-supereffective|p2a: Raichu\n|-damage|p2a: Raichu|0 fnt\n|-damage|p2b: Miraidon|36/100\n|faint|p2a: Raichu\n|-ability|p1a: \u9a6c\u6b7b\u4e86|Grim Neigh|boost\n|-boost|p1a: \u9a6c\u6b7b\u4e86|spa|1\n|-damage|p1a: \u9a6c\u6b7b\u4e86|91/100|[from] item: Life Orb\n|move|p2b: Miraidon|Volt Switch|p1a: \u9a6c\u6b7b\u4e86\n|-damage|p1a: \u9a6c\u6b7b\u4e86|45/100\n|-damage|p2b: Miraidon|26/100|[from] item: Life Orb\n|\n|t:|1772111160\n|switch|p2b: Dondozo|Dondozo, L50, F|100/100|[from] Volt Switch\n|\n|-heal|p1a: \u9a6c\u6b7b\u4e86|51/100|[from] Grassy Terrain\n|-heal|p1b: \u9694\u58c1\u8001\u738b\u7231\u9001\u8349\u539f|99/100|[from] Grassy Terrain\n|upkeep\n|\n|t:|1772111167\n|switch|p2a: Miraidon|Miraidon, L50|26/100\n|-fieldstart|move: Electric Terrain|[from] ability: Hadron Engine|[of] p2a: Miraidon\n|turn|2\n|inactive|Zorse Mentality has 30 seconds left.\n|\n|t:|1772111196\n|switch|p2a: Tatsugiri|Tatsugiri, L50, F|100/100\n|-activate|p2a: Tatsugiri|ability: Commander|[of] p2b: Dondozo\n|-boost|p2b: Dondozo|atk|2\n|-boost|p2b: Dondozo|spa|2\n|-boost|p2b: Dondozo|spe|2\n|-boost|p2b: Dondozo|def|2\n|-boost|p2b: Dondozo|spd|2\n|-terastallize|p2b: Dondozo|Grass\n|move|p1a: \u9a6c\u6b7b\u4e86|Astral Barrage|p2b: Dondozo|[spread] p2b\n|-miss|p1a: \u9a6c\u6b7b\u4e86|p2a: Tatsugiri\n|-damage|p2b: Dondozo|74/100\n|-damage|p1a: \u9a6c\u6b7b\u4e86|41/100|[from] item: Life Orb\n|move|p2b: Dondozo|Earthquake|p1a: \u9a6c\u6b7b\u4e86|[spread] p1a,p1b\n|-miss|p2b: Dondozo|p2a: Tatsugiri\n|-crit|p1a: \u9a6c\u6b7b\u4e86\n|-resisted|p1b: \u9694\u58c1\u8001\u738b\u7231\u9001\u8349\u539f\n|-damage|p1a: \u9a6c\u6b7b\u4e86|0 fnt\n|-damage|p1b: \u9694\u58c1\u8001\u738b\u7231\u9001\u8349\u539f|85/100\n|faint|p1a: \u9a6c\u6b7b\u4e86\n|move|p1b: \u9694\u58c1\u8001\u738b\u7231\u9001\u8349\u539f|U-turn|p2b: Dondozo\n|-supereffective|p2b: Dondozo\n|-damage|p2b: Dondozo|60/100\n|-damage|p1b: \u9694\u58c1\u8001\u738b\u7231\u9001\u8349\u539f|68/100|[from] item: Rocky Helmet|[of] p2b: Dondozo\n|\n|t:|1772111203\n|switch|p1b: \u556a\u53fd\u556a\uff08\u5657\u53fd\u58f0\uff09|Zamazenta-Crowned, L50|100/100|[from] U-turn\n|-ability|p1b: \u556a\u53fd\u556a\uff08\u5657\u53fd\u58f0\uff09|Dauntless Shield|boost\n|-boost|p1b: \u556a\u53fd\u556a\uff08\u5657\u53fd\u58f0\uff09|def|1\n|\n|upkeep\n|\n|t:|1772111207\n|switch|p1a: \u9694\u58c1\u8001\u738b\u7231\u9001\u8349\u539f|Rillaboom, L50, F|68/100\n|-fieldstart|move: Grassy Terrain|[from] ability: Grassy Surge|[of] p1a: \u9694\u58c1\u8001\u738b\u7231\u9001\u8349\u539f\n|turn|3\n|\n|t:|1772111227\n|move|p1b: \u556a\u53fd\u556a\uff08\u5657\u53fd\u58f0\uff09|Body Press|p2b: Dondozo\n|-damage|p2b: Dondozo|46/100\n|-damage|p1b: \u556a\u53fd\u556a\uff08\u5657\u53fd\u58f0\uff09|84/100|[from] item: Rocky Helmet|[of] p2b: Dondozo\n|move|p2b: Dondozo|Rest|p2b: Dondozo\n|-status|p2b: Dondozo|slp|[from] move: Rest\n|-heal|p2b: Dondozo|100/100 slp|[silent]\n|move|p1a: \u9694\u58c1\u8001\u738b\u7231\u9001\u8349\u539f|U-turn|p2b: Dondozo\n|-supereffective|p2b: Dondozo\n|-damage|p2b: Dondozo|87/100 slp\n|-damage|p1a: \u9694\u58c1\u8001\u738b\u7231\u9001\u8349\u539f|52/100|[from] item: Rocky Helmet|[of] p2b: Dondozo\n|\n|t:|1772111239\n|switch|p1a: \u72d7\u7b14\u517b\u7684|Smeargle, L50, F|100/100|[from] U-turn\n|\n|-heal|p1b: \u556a\u53fd\u556a\uff08\u5657\u53fd\u58f0\uff09|90/100|[from] Grassy Terrain\n|-heal|p2b: Dondozo|93/100 slp|[from] Grassy Terrain\n|-ability|p1a: \u72d7\u7b14\u517b\u7684|Moody|boost\n|-boost|p1a: \u72d7\u7b14\u517b\u7684|spd|2\n|-unboost|p1a: \u72d7\u7b14\u517b\u7684|atk|1\n|upkeep\n|turn|4\n|\n|t:|1772111260\n|move|p1b: \u556a\u53fd\u556a\uff08\u5657\u53fd\u58f0\uff09|Heavy Slam|p2b: Dondozo\n|-damage|p2b: Dondozo|83/100 slp\n|-damage|p1b: \u556a\u53fd\u556a\uff08\u5657\u53fd\u58f0\uff09|73/100|[from] item: Rocky Helmet|[of] p2b: Dondozo\n|move|p1a: \u72d7\u7b14\u517b\u7684|Decorate|p1b: \u556a\u53fd\u556a\uff08\u5657\u53fd\u58f0\uff09\n|-boost|p1b: \u556a\u53fd\u556a\uff08\u5657\u53fd\u58f0\uff09|atk|2\n|-boost|p1b: \u556a\u53fd\u556a\uff08\u5657\u53fd\u58f0\uff09|spa|2\n|cant|p2b: Dondozo|slp\n|move|p2b: Dondozo|Sleep Talk|p2b: Dondozo\n|move|p2b: Dondozo|Rest||[from] move: Sleep Talk|[still]\n|-fail|p2b: Dondozo\n|\n|-heal|p1b: \u556a\u53fd\u556a\uff08\u5657\u53fd\u58f0\uff09|79/100|[from] Grassy Terrain\n|-heal|p2b: Dondozo|89/100 slp|[from] Grassy Terrain\n|-ability|p1a: \u72d7\u7b14\u517b\u7684|Moody|boost\n|-boost|p1a: \u72d7\u7b14\u517b\u7684|spd|2\n|-unboost|p1a: \u72d7\u7b14\u517b\u7684|spe|1\n|upkeep\n|turn|5\n|\n|t:|1772111278\n|move|p1b: \u556a\u53fd\u556a\uff08\u5657\u53fd\u58f0\uff09|Heavy Slam|p2b: Dondozo\n|-damage|p2b: Dondozo|79/100 slp\n|-damage|p1b: \u556a\u53fd\u556a\uff08\u5657\u53fd\u58f0\uff09|63/100|[from] item: Rocky Helmet|[of] p2b: Dondozo\n|cant|p2b: Dondozo|slp\n|move|p2b: Dondozo|Sleep Talk|p2b: Dondozo\n|move|p2b: Dondozo|Order Up|p1a: \u72d7\u7b14\u517b\u7684|[from] move: Sleep Talk\n|-damage|p1a: \u72d7\u7b14\u517b\u7684|32/100\n|-boost|p2b: Dondozo|atk|1\n|move|p1a: \u72d7\u7b14\u517b\u7684|Decorate|p1b: \u556a\u53fd\u556a\uff08\u5657\u53fd\u58f0\uff09\n|-boost|p1b: \u556a\u53fd\u556a\uff08\u5657\u53fd\u58f0\uff09|atk|2\n|-boost|p1b: \u556a\u53fd\u556a\uff08\u5657\u53fd\u58f0\uff09|spa|2\n|\n|-heal|p1b: \u556a\u53fd\u556a\uff08\u5657\u53fd\u58f0\uff09|69/100|[from] Grassy Terrain\n|-heal|p2b: Dondozo|85/100 slp|[from] Grassy Terrain\n|-heal|p1a: \u72d7\u7b14\u517b\u7684|38/100|[from] Grassy Terrain\n|-ability|p1a: \u72d7\u7b14\u517b\u7684|Moody|boost\n|-boost|p1a: \u72d7\u7b14\u517b\u7684|spa|2\n|-unboost|p1a: \u72d7\u7b14\u517b\u7684|def|1\n|upkeep\n|turn|6\n|\n|t:|1772111300\n|move|p1b: \u556a\u53fd\u556a\uff08\u5657\u53fd\u58f0\uff09|Heavy Slam|p2b: Dondozo\n|-damage|p2b: Dondozo|76/100 slp\n|-damage|p1b: \u556a\u53fd\u556a\uff08\u5657\u53fd\u58f0\uff09|52/100|[from] item: Rocky Helmet|[of] p2b: Dondozo\n|-curestatus|p2b: Dondozo|slp|[msg]\n|move|p2b: Dondozo|Rest|p2b: Dondozo\n|-status|p2b: Dondozo|slp|[from] move: Rest\n|-heal|p2b: Dondozo|100/100 slp|[silent]\n|move|p1a: \u72d7\u7b14\u517b\u7684|Decorate|p1b: \u556a\u53fd\u556a\uff08\u5657\u53fd\u58f0\uff09\n|-boost|p1b: \u556a\u53fd\u556a\uff08\u5657\u53fd\u58f0\uff09|atk|2\n|-boost|p1b: \u556a\u53fd\u556a\uff08\u5657\u53fd\u58f0\uff09|spa|2\n|\n|-heal|p1b: \u556a\u53fd\u556a\uff08\u5657\u53fd\u58f0\uff09|58/100|[from] Grassy Terrain\n|-heal|p1a: \u72d7\u7b14\u517b\u7684|44/100|[from] Grassy Terrain\n|-ability|p1a: \u72d7\u7b14\u517b\u7684|Moody|boost\n|-boost|p1a: \u72d7\u7b14\u517b\u7684|spa|2\n|-unboost|p1a: \u72d7\u7b14\u517b\u7684|atk|1\n|upkeep\n|turn|7\n|\n|t:|1772111318\n|switch|p1a: \u9694\u58c1\u8001\u738b\u7231\u9001\u8349\u539f|Rillaboom, L50, F|52/100\n|move|p1b: \u556a\u53fd\u556a\uff08\u5657\u53fd\u58f0\uff09|Body Press|p2b: Dondozo\n|-damage|p2b: Dondozo|86/100 slp\n|-damage|p1b: \u556a\u53fd\u556a\uff08\u5657\u53fd\u58f0\uff09|41/100|[from] item: Rocky Helmet|[of] p2b: Dondozo\n|cant|p2b: Dondozo|slp\n|move|p2b: Dondozo|Sleep Talk|p2b: Dondozo\n|move|p2b: Dondozo|Earthquake|p1a: \u9694\u58c1\u8001\u738b\u7231\u9001\u8349\u539f|[from] move: Sleep Talk|[spread] p1a,p1b\n|-miss|p2b: Dondozo|p2a: Tatsugiri\n|-resisted|p1a: \u9694\u58c1\u8001\u738b\u7231\u9001\u8349\u539f\n|-supereffective|p1b: \u556a\u53fd\u556a\uff08\u5657\u53fd\u58f0\uff09\n|-damage|p1a: \u9694\u58c1\u8001\u738b\u7231\u9001\u8349\u539f|43/100\n|-damage|p1b: \u556a\u53fd\u556a\uff08\u5657\u53fd\u58f0\uff09|16/100\n|\n|-heal|p1b: \u556a\u53fd\u556a\uff08\u5657\u53fd\u58f0\uff09|22/100|[from] Grassy Terrain\n|-heal|p2b: Dondozo|92/100 slp|[from] Grassy Terrain\n|-heal|p1a: \u9694\u58c1\u8001\u738b\u7231\u9001\u8349\u539f|48/100|[from] Grassy Terrain\n|-fieldend|move: Grassy Terrain\n|upkeep\n|turn|8\n|inactive|blackred123\u6c38\u96cf\u5854\u83f2\u4fa0 has 30 seconds left.\n|inactive|blackred123\u6c38\u96cf\u5854\u83f2\u4fa0 has 20 seconds left.\n|\n|t:|1772111354\n|switch|p1a: \u72d7\u7b14\u517b\u7684|Smeargle, L50, F|44/100\n|move|p1b: \u556a\u53fd\u556a\uff08\u5657\u53fd\u58f0\uff09|Protect|p1b: \u556a\u53fd\u556a\uff08\u5657\u53fd\u58f0\uff09\n|-singleturn|p1b: \u556a\u53fd\u556a\uff08\u5657\u53fd\u58f0\uff09|Protect\n|cant|p2b: Dondozo|slp\n|move|p2b: Dondozo|Sleep Talk|p2b: Dondozo\n|move|p2b: Dondozo|Rest||[from] move: Sleep Talk|[still]\n|-fail|p2b: Dondozo\n|\n|-ability|p1a: \u72d7\u7b14\u517b\u7684|Moody|boost\n|-boost|p1a: \u72d7\u7b14\u517b\u7684|def|2\n|-unboost|p1a: \u72d7\u7b14\u517b\u7684|spd|1\n|upkeep\n|turn|9\n|\n|t:|1772111372\n|switch|p1a: \u9694\u58c1\u8001\u738b\u7231\u9001\u8349\u539f|Rillaboom, L50, F|48/100\n|-fieldstart|move: Grassy Terrain|[from] ability: Grassy Surge|[of] p1a: \u9694\u58c1\u8001\u738b\u7231\u9001\u8349\u539f\n|move|p1b: \u556a\u53fd\u556a\uff08\u5657\u53fd\u58f0\uff09|Protect||[still]\n|-fail|p1b: \u556a\u53fd\u556a\uff08\u5657\u53fd\u58f0\uff09\n|-curestatus|p2b: Dondozo|slp|[msg]\n|move|p2b: Dondozo|Order Up|p1a: \u9694\u58c1\u8001\u738b\u7231\u9001\u8349\u539f\n|-damage|p1a: \u9694\u58c1\u8001\u738b\u7231\u9001\u8349\u539f|5/100\n|-boost|p2b: Dondozo|atk|1\n|\n|-heal|p1b: \u556a\u53fd\u556a\uff08\u5657\u53fd\u58f0\uff09|28/100|[from] Grassy Terrain\n|-heal|p2b: Dondozo|99/100|[from] Grassy Terrain\n|-heal|p1a: \u9694\u58c1\u8001\u738b\u7231\u9001\u8349\u539f|11/100|[from] Grassy Terrain\n|upkeep\n|turn|10\n|-message|blackred123\u6c38\u96cf\u5854\u83f2\u4fa0 forfeited.\n|\n|win|Zorse Mentality\n|raw|blackred123\u6c38\u96cf\u5854\u83f2\u4fa0's rating: 1482 &rarr; <strong>1457</strong><br />(-25 for losing)\n|raw|Zorse Mentality's rating: 1397 &rarr; <strong>1422</strong><br />(+25 for winning)\n|l|\u2606blackred123\u6c38\u96cf\u5854\u83f2\u4fa0\n|player|p1|\n|l|\u2606Zorse Mentality\n|player|p2|\n","uploadtime":1772111630,"views":13,"formatid":"gen9vgc2026regi","rating":1422,"private":0,"password":null}