{"id":"gen9vgc2026regi-2521021494","format":"[Gen 9] VGC 2026 Reg I","players":["blackred123","Kenobi_1"],"log":"|j|\u2606blackred123\n|j|\u2606Kenobi_1\n|t:|1768713119\n|gametype|doubles\n|player|p1|blackred123|iono-masters|1179\n|player|p2|Kenobi_1|ash-alola|1133\n|gen|9\n|tier|[Gen 9] VGC 2026 Reg I\n|rated|\n|rule|Species Clause: Limit one of each Pok\u00e9mon\n|rule|Item Clause: Limit 1 of each item\n|clearpoke\n|poke|p1|Zacian-*, L50|\n|poke|p1|Kyogre, L50|\n|poke|p1|Amoonguss, L50, M|\n|poke|p1|Incineroar, L50, F|\n|poke|p1|Urshifu-*, L50, M|\n|poke|p1|Iron Jugulis, L50|\n|poke|p2|Calyrex-Shadow, L50|\n|poke|p2|Zamazenta-*, L50|\n|poke|p2|Smeargle, L50, M|\n|poke|p2|Raging Bolt, L50|\n|poke|p2|Rillaboom, L50, F|\n|poke|p2|Tornadus, L50, M|\n|teampreview|4\n|inactive|Battle timer is ON: inactive players will automatically lose when time's up. (requested by blackred123)\n|j| Yancy0902\u56fe\u56fe\u72ac\u4fa0\n|\n|t:|1768713150\n|teamsize|p1|4\n|teamsize|p2|4\n|start\n|switch|p1a: \u55f7\u545c\uff5e|Iron Jugulis, L50|100/100\n|switch|p1b: \u4e3b\u4eba\ud83d\ude2d\ud83e\udd75|Incineroar, L50, F|100/100\n|switch|p2a: Smeargle|Smeargle, L50, M, shiny|100/100\n|switch|p2b: Tornadus|Tornadus, L50, M, shiny|100/100\n|-ability|p1b: \u4e3b\u4eba\ud83d\ude2d\ud83e\udd75|Intimidate|boost\n|-unboost|p2a: Smeargle|atk|1\n|-unboost|p2b: Tornadus|atk|1\n|-enditem|p1a: \u55f7\u545c\uff5e|Booster Energy\n|-activate|p1a: \u55f7\u545c\uff5e|ability: Quark Drive|[fromitem]\n|-start|p1a: \u55f7\u545c\uff5e|quarkdrivespe\n|turn|1\n|inactive|blackred123 has 30 seconds left.\n|inactive|Kenobi_1 has 30 seconds left.\n|\n|t:|1768713178\n|move|p1b: \u4e3b\u4eba\ud83d\ude2d\ud83e\udd75|Fake Out|p2a: Smeargle\n|-crit|p2a: Smeargle\n|-damage|p2a: Smeargle|72/100\n|move|p2b: Tornadus|Tailwind|p2b: Tornadus\n|-sidestart|p2: Kenobi_1|move: Tailwind\n|cant|p2a: Smeargle|flinch\n|move|p1a: \u55f7\u545c\uff5e|Tailwind|p1a: \u55f7\u545c\uff5e\n|-sidestart|p1: blackred123|move: Tailwind\n|\n|-ability|p2a: Smeargle|Moody|boost\n|-boost|p2a: Smeargle|spd|2\n|-unboost|p2a: Smeargle|def|1\n|upkeep\n|turn|2\n|inactive|blackred123 has 30 seconds left.\n|inactive|blackred123 has 20 seconds left.\n|inactive|blackred123 has 15 seconds left.\n|\n|t:|1768713220\n|move|p2b: Tornadus|Protect|p2b: Tornadus\n|-singleturn|p2b: Tornadus|Protect\n|move|p1a: \u55f7\u545c\uff5e|Hurricane|p2a: Smeargle|[miss]\n|-miss|p1a: \u55f7\u545c\uff5e|p2a: Smeargle\n|move|p2a: Smeargle|Spore|p1a: \u55f7\u545c\uff5e\n|-status|p1a: \u55f7\u545c\uff5e|slp|[from] move: Spore\n|move|p1b: \u4e3b\u4eba\ud83d\ude2d\ud83e\udd75|Knock Off|p2b: Tornadus\n|-activate|p2b: Tornadus|move: Protect\n|\n|-ability|p2a: Smeargle|Moody|boost\n|-boost|p2a: Smeargle|spe|2\n|-unboost|p2a: Smeargle|spd|1\n|upkeep\n|turn|3\n|\n|t:|1768713239\n|move|p2a: Smeargle|Decorate|p2b: Tornadus\n|-boost|p2b: Tornadus|atk|2\n|-boost|p2b: Tornadus|spa|2\n|cant|p1a: \u55f7\u545c\uff5e|slp\n|move|p2b: Tornadus|Bleakwind Storm|p1b: \u4e3b\u4eba\ud83d\ude2d\ud83e\udd75|[spread] p1a,p1b\n|-damage|p1a: \u55f7\u545c\uff5e|17/100 slp\n|-damage|p1b: \u4e3b\u4eba\ud83d\ude2d\ud83e\udd75|19/100\n|move|p1b: \u4e3b\u4eba\ud83d\ude2d\ud83e\udd75|Knock Off|p2a: Smeargle\n|-damage|p2a: Smeargle|0 fnt\n|-enditem|p2a: Smeargle|Focus Sash|[from] move: Knock Off|[of] p1b: \u4e3b\u4eba\ud83d\ude2d\ud83e\udd75\n|faint|p2a: Smeargle\n|\n|upkeep\n|\n|t:|1768713251\n|switch|p2a: Calyrex|Calyrex-Shadow, L50|100/100\n|-ability|p2a: Calyrex|As One\n|-ability|p2a: Calyrex|Unnerve\n|turn|4\n|\n|t:|1768713266\n|-terastallize|p2a: Calyrex|Dark\n|-curestatus|p1a: \u55f7\u545c\uff5e|slp|[msg]\n|move|p1a: \u55f7\u545c\uff5e|Protect|p1a: \u55f7\u545c\uff5e\n|-singleturn|p1a: \u55f7\u545c\uff5e|Protect\n|move|p2a: Calyrex|Astral Barrage|p1a: \u55f7\u545c\uff5e|[spread] p1b\n|-activate|p1a: \u55f7\u545c\uff5e|move: Protect\n|-resisted|p1b: \u4e3b\u4eba\ud83d\ude2d\ud83e\udd75\n|-damage|p1b: \u4e3b\u4eba\ud83d\ude2d\ud83e\udd75|0 fnt\n|faint|p1b: \u4e3b\u4eba\ud83d\ude2d\ud83e\udd75\n|-ability|p2a: Calyrex|Grim Neigh|boost\n|-boost|p2a: Calyrex|spa|1\n|-damage|p2a: Calyrex|91/100|[from] item: Life Orb\n|move|p2b: Tornadus|Bleakwind Storm|p1a: \u55f7\u545c\uff5e\n|-activate|p1a: \u55f7\u545c\uff5e|move: Protect\n|\n|-sideend|p2: Kenobi_1|move: Tailwind\n|-sideend|p1: blackred123|move: Tailwind\n|upkeep\n|\n|t:|1768713276\n|switch|p1b: \u9a6c\u5243\u5929\u7231\u661f|Kyogre, L50, shiny|100/100\n|-weather|RainDance|[from] ability: Drizzle|[of] p1b: \u9a6c\u5243\u5929\u7231\u661f\n|turn|5\n|\n|t:|1768713286\n|move|p2b: Tornadus|Tailwind|p2b: Tornadus\n|-sidestart|p2: Kenobi_1|move: Tailwind\n|move|p2a: Calyrex|Astral Barrage|p1a: \u55f7\u545c\uff5e|[spread] p1a,p1b\n|-resisted|p1a: \u55f7\u545c\uff5e\n|-damage|p1a: \u55f7\u545c\uff5e|0 fnt\n|-damage|p1b: \u9a6c\u5243\u5929\u7231\u661f|58/100\n|faint|p1a: \u55f7\u545c\uff5e\n|-end|p1a: \u55f7\u545c\uff5e|Quark Drive|[silent]\n|-ability|p2a: Calyrex|Grim Neigh|boost\n|-boost|p2a: Calyrex|spa|1\n|-damage|p2a: Calyrex|82/100|[from] item: Life Orb\n|move|p1b: \u9a6c\u5243\u5929\u7231\u661f|Origin Pulse|p2b: Tornadus|[spread] p2a,p2b\n|-damage|p2a: Calyrex|17/100\n|-damage|p2b: Tornadus|27/100\n|\n|-weather|RainDance|[upkeep]\n|upkeep\n|\n|t:|1768713292\n|switch|p1a: \u963f\u5c14\u6258\u8389\u96c5|Zacian-Crowned, L50, shiny|100/100\n|-ability|p1a: \u963f\u5c14\u6258\u8389\u96c5|Intrepid Sword|boost\n|-boost|p1a: \u963f\u5c14\u6258\u8389\u96c5|atk|1\n|turn|6\n|\n|t:|1768713301\n|-terastallize|p1a: \u963f\u5c14\u6258\u8389\u96c5|Normal\n|move|p2a: Calyrex|Astral Barrage|p1a: \u963f\u5c14\u6258\u8389\u96c5|[spread] p1b\n|-immune|p1a: \u963f\u5c14\u6258\u8389\u96c5\n|-damage|p1b: \u9a6c\u5243\u5929\u7231\u661f|0 fnt\n|faint|p1b: \u9a6c\u5243\u5929\u7231\u661f\n|-ability|p2a: Calyrex|Grim Neigh|boost\n|-boost|p2a: Calyrex|spa|1\n|-damage|p2a: Calyrex|8/100|[from] item: Life Orb\n|move|p2b: Tornadus|Bleakwind Storm|p1a: \u963f\u5c14\u6258\u8389\u96c5\n|-damage|p1a: \u963f\u5c14\u6258\u8389\u96c5|0 fnt\n|faint|p1a: \u963f\u5c14\u6258\u8389\u96c5\n|\n|win|Kenobi_1\n|raw|blackred123's rating: 1179 &rarr; <strong>1151</strong><br />(-28 for losing)\n|raw|Kenobi_1's rating: 1133 &rarr; <strong>1161</strong><br />(+28 for winning)\n|l|\u2606Kenobi_1\n|player|p2|\n|l| Yancy0902\u56fe\u56fe\u72ac\u4fa0\n","uploadtime":1768713649,"views":11,"formatid":"gen9vgc2026regi","rating":1151,"private":0,"password":null}