{"id":"gen9vgc2026regi-2579732476","format":"[Gen 9] VGC 2026 Reg I","players":["sunny_zong4","henitusec"],"log":"|j|\u2606sunny_zong4\n|j|\u2606henitusec\n|t:|1775822459\n|gametype|doubles\n|player|p1|sunny_zong4|2|1357\n|player|p2|henitusec|diantha|1381\n|gen|9\n|tier|[Gen 9] VGC 2026 Reg I\n|rated|\n|rule|Species Clause: Limit one of each Pok\u00e9mon\n|rule|Item Clause: Limit 1 of each item\n|clearpoke\n|poke|p1|Typhlosion-Hisui, L50, F|\n|poke|p1|Miraidon, L50|\n|poke|p1|Calyrex-Shadow, L50|\n|poke|p1|Scizor, L50, M|\n|poke|p1|Rillaboom, L50, F|\n|poke|p1|Urshifu-*, L50, F|\n|poke|p2|Lunala, L50|\n|poke|p2|Ursaluna, L50, F|\n|poke|p2|Urshifu-*, L50, F|\n|poke|p2|Miraidon, L50|\n|poke|p2|Grimmsnarl, L50, M|\n|poke|p2|Incineroar, L50, F|\n|teampreview|4\n|inactive|Battle timer is ON: inactive players will automatically lose when time's up. (requested by sunny_zong4)\n|inactive|henitusec also wants the timer to be on.\nhenitusec rejected open team sheets.\n|inactive|sunny_zong4 has 60 seconds left.\n|\n|t:|1775822493\n|teamsize|p1|4\n|teamsize|p2|4\n|start\n|switch|p1a: Calyrex|Calyrex-Shadow, L50|100/100\n|switch|p1b: Miraidon|Miraidon, L50|100/100\n|switch|p2a: Lunala|Lunala, L50|100/100\n|switch|p2b: Grimmsnarl|Grimmsnarl, L50, M|100/100\n|-ability|p1a: Calyrex|As One\n|-ability|p1a: Calyrex|Unnerve\n|-fieldstart|move: Electric Terrain|[from] ability: Hadron Engine|[of] p1b: Miraidon\n|-enditem|p2a: Lunala|Electric Seed\n|-boost|p2a: Lunala|def|1|[from] item: Electric Seed\n|turn|1\n|l|\u2606sunny_zong4\n|inactive|sunny_zong4 disconnected and has a minute to reconnect!\n|player|p1|\n|j|\u2606sunny_zong4\n|inactive|sunny_zong4 reconnected and has 40 seconds left.\n|player|p1|sunny_zong4|2|\n|\n|t:|1775822516\n|-terastallize|p2a: Lunala|Fairy\n|move|p2b: Grimmsnarl|Light Screen|p2b: Grimmsnarl\n|-sidestart|p2: henitusec|move: Light Screen\n|move|p1a: Calyrex|Taunt|p2a: Lunala\n|-start|p2a: Lunala|move: Taunt\n|move|p1b: Miraidon|Electro Drift|p2b: Grimmsnarl\n|-damage|p2b: Grimmsnarl|16/100\n|move|p2a: Lunala|Moongeist Beam|p1a: Calyrex\n|-supereffective|p1a: Calyrex\n|-damage|p1a: Calyrex|0 fnt\n|faint|p1a: Calyrex\n|\n|upkeep\n|\n|t:|1775822532\n|switch|p1a: Urshifu|Urshifu-Rapid-Strike, L50, F|100/100\n|turn|2\n|\n|t:|1775822542\n|move|p2b: Grimmsnarl|Thunder Wave|p1a: Urshifu\n|-status|p1a: Urshifu|par\n|move|p1b: Miraidon|Electro Drift|p2a: Lunala\n|-damage|p2a: Lunala|64/100\n|move|p2a: Lunala|Moonblast|p1b: Miraidon\n|-supereffective|p1b: Miraidon\n|-crit|p1b: Miraidon\n|-damage|p1b: Miraidon|0 fnt\n|faint|p1b: Miraidon\n|move|p1a: Urshifu|Surging Strikes|p2a: Lunala\n|-crit|p2a: Lunala\n|-damage|p2a: Lunala|42/100\n|-crit|p2a: Lunala\n|-damage|p2a: Lunala|19/100\n|-crit|p2a: Lunala\n|-damage|p2a: Lunala|0 fnt\n|faint|p2a: Lunala\n|-hitcount|p2: Lunala|3\n|\n|upkeep\n|\n|t:|1775822561\n|switch|p1b: Rillaboom|Rillaboom, L50, F|100/100\n|switch|p2a: Incineroar|Incineroar, L50, F|100/100\n|-fieldstart|move: Grassy Terrain|[from] ability: Grassy Surge|[of] p1b: Rillaboom\n|-ability|p2a: Incineroar|Intimidate|boost\n|-unboost|p1a: Urshifu|atk|1\n|-unboost|p1b: Rillaboom|atk|1\n|turn|3\n|\n|t:|1775822572\n|move|p1b: Rillaboom|Fake Out|p2a: Incineroar\n|-damage|p2a: Incineroar|94/100\n|-damage|p1b: Rillaboom|84/100|[from] item: Rocky Helmet|[of] p2a: Incineroar\n|move|p2b: Grimmsnarl|Reflect|p2b: Grimmsnarl\n|-sidestart|p2: henitusec|Reflect\n|cant|p2a: Incineroar|flinch\n|move|p1a: Urshifu|Surging Strikes|p2a: Incineroar\n|-supereffective|p2a: Incineroar\n|-crit|p2a: Incineroar\n|-damage|p2a: Incineroar|51/100\n|-damage|p1a: Urshifu|84/100 par|[from] item: Rocky Helmet|[of] p2a: Incineroar\n|-supereffective|p2a: Incineroar\n|-crit|p2a: Incineroar\n|-damage|p2a: Incineroar|3/100\n|-damage|p1a: Urshifu|68/100 par|[from] item: Rocky Helmet|[of] p2a: Incineroar\n|-supereffective|p2a: Incineroar\n|-crit|p2a: Incineroar\n|-damage|p2a: Incineroar|0 fnt\n|-damage|p1a: Urshifu|51/100 par|[from] item: Rocky Helmet|[of] p2a: Incineroar\n|faint|p2a: Incineroar\n|-hitcount|p2: Incineroar|3\n|\n|-heal|p1b: Rillaboom|90/100|[from] Grassy Terrain\n|-heal|p2b: Grimmsnarl|22/100|[from] Grassy Terrain\n|-heal|p1a: Urshifu|57/100 par|[from] Grassy Terrain\n|upkeep\n|\n|t:|1775822582\n|switch|p2a: Miraidon|Miraidon, L50|100/100\n|-fieldstart|move: Electric Terrain|[from] ability: Hadron Engine|[of] p2a: Miraidon\n|turn|4\n|\n|t:|1775822591\n|-terastallize|p1a: Urshifu|Fighting\n|move|p2b: Grimmsnarl|Thunder Wave|p1b: Rillaboom\n|-status|p1b: Rillaboom|par\n|move|p2a: Miraidon|Electro Drift|p1a: Urshifu\n|-damage|p1a: Urshifu|0 fnt\n|faint|p1a: Urshifu\n|move|p1b: Rillaboom|Wood Hammer|p2a: Miraidon\n|-resisted|p2a: Miraidon\n|-damage|p2a: Miraidon|88/100\n|-damage|p1b: Rillaboom|86/100 par|[from] Recoil\n|\n|upkeep\n|turn|5\n|-message|sunny_zong4 forfeited.\n|\n|win|henitusec\n|raw|sunny_zong4's rating: 1357 &rarr; <strong>1338</strong><br />(-19 for losing)\n|raw|henitusec's rating: 1381 &rarr; <strong>1400</strong><br />(+19 for winning)\n|l|\u2606sunny_zong4\n|player|p1|\n","uploadtime":1775822599,"views":8,"formatid":"gen9vgc2026regi","rating":1338,"private":0,"password":null}