{"id":"gen9vgc2026regi-2523060665","format":"[Gen 9] VGC 2026 Reg I","players":["GoofyRonald756","Nohan Laki"],"log":"|j|\u2606GoofyRonald756\n|j|\u2606Nohan Laki\n|t:|1768980249\n|gametype|doubles\n|player|p1|GoofyRonald756|266|1094\n|player|p2|Nohan Laki|palmer|1175\n|gen|9\n|tier|[Gen 9] VGC 2026 Reg I\n|rated|\n|rule|Species Clause: Limit one of each Pok\u00e9mon\n|rule|Item Clause: Limit 1 of each item\n|clearpoke\n|poke|p1|Eternatus, L50|\n|poke|p1|Ho-Oh, L50|\n|poke|p1|Rillaboom, L50, M|\n|poke|p1|Incineroar, L50, M|\n|poke|p1|Ting-Lu, L50|\n|poke|p1|Vaporeon, L50, F|\n|poke|p2|Mimikyu, L50, M|\n|poke|p2|Incineroar, L50, M|\n|poke|p2|Calyrex-Ice, L50|\n|poke|p2|Amoonguss, L50, M|\n|poke|p2|Indeedee-F, L50, F|\n|poke|p2|Rillaboom, L50, M|\n|teampreview|4\n|inactive|Battle timer is ON: inactive players will automatically lose when time's up. (requested by Nohan Laki)\n|inactive|GoofyRonald756 has 60 seconds left.\n|\n|t:|1768980288\n|teamsize|p1|4\n|teamsize|p2|4\n|start\n|switch|p1a: Eternatus|Eternatus, L50|100/100\n|switch|p1b: Vaporeon|Vaporeon, L50, F|100/100\n|switch|p2a: Indeedee|Indeedee-F, L50, F|100/100\n|switch|p2b: Calyrex|Calyrex-Ice, L50|100/100\n|-ability|p2b: Calyrex|As One\n|-ability|p2b: Calyrex|Unnerve\n|-ability|p1a: Eternatus|Pressure\n|-fieldstart|move: Psychic Terrain|[from] ability: Psychic Surge|[of] p2a: Indeedee\n|turn|1\n|\n|t:|1768980308\n|move|p2b: Calyrex|Protect|p2b: Calyrex\n|-singleturn|p2b: Calyrex|Protect\n|move|p1a: Eternatus|Toxic Spikes|p2b: Calyrex\n|-sidestart|p2: Nohan Laki|move: Toxic Spikes\n|move|p1b: Vaporeon|Yawn|p2b: Calyrex\n|-activate|p2b: Calyrex|move: Protect\n|move|p2a: Indeedee|Trick Room|p2a: Indeedee\n|-fieldstart|move: Trick Room|[of] p2a: Indeedee\n|\n|upkeep\n|turn|2\n|\n|t:|1768980322\n|move|p2a: Indeedee|Helping Hand|p2b: Calyrex\n|-singleturn|p2b: Calyrex|Helping Hand|[of] p2a: Indeedee\n|move|p1a: Eternatus|Protect|p1a: Eternatus\n|-singleturn|p1a: Eternatus|Protect\n|move|p2b: Calyrex|Glacial Lance|p1a: Eternatus|[spread] p1b\n|-activate|p1a: Eternatus|move: Protect\n|-resisted|p1b: Vaporeon\n|-damage|p1b: Vaporeon|69/100\n|move|p1b: Vaporeon|Yawn|p2b: Calyrex\n|-start|p2b: Calyrex|move: Yawn|[of] p1b: Vaporeon\n|\n|upkeep\n|turn|3\n|\n|t:|1768980338\n|switch|p1a: Incineroar|Incineroar, L50, M|100/100\n|-ability|p1a: Incineroar|Intimidate|boost\n|-unboost|p2a: Indeedee|atk|1\n|-fail|p2b: Calyrex|unboost|[from] item: Clear Amulet|[of] p2b: Calyrex\n|-terastallize|p2b: Calyrex|Water\n|move|p2a: Indeedee|Helping Hand|p2b: Calyrex\n|-singleturn|p2b: Calyrex|Helping Hand|[of] p2a: Indeedee\n|move|p2b: Calyrex|Glacial Lance|p1a: Incineroar|[spread] p1a,p1b\n|-resisted|p1a: Incineroar\n|-resisted|p1b: Vaporeon\n|-damage|p1a: Incineroar|64/100\n|-damage|p1b: Vaporeon|38/100\n|move|p1b: Vaporeon|Yawn|p2a: Indeedee\n|-start|p2a: Indeedee|move: Yawn|[of] p1b: Vaporeon\n|\n|-end|p2b: Calyrex|move: Yawn|[silent]\n|-status|p2b: Calyrex|slp\n|upkeep\n|turn|4\n|\n|t:|1768980358\n|switch|p2a: Amoonguss|Amoonguss, L50, M|100/100\n|-sideend|p2: Nohan Laki|move: Toxic Spikes|[of] p2a: Amoonguss\n|cant|p2b: Calyrex|slp\n|move|p1a: Incineroar|Knock Off|p2b: Calyrex\n|-damage|p2b: Calyrex|77/100 slp\n|-enditem|p2b: Calyrex|Clear Amulet|[from] move: Knock Off|[of] p1a: Incineroar\n|move|p1b: Vaporeon|Whirlpool|p2b: Calyrex\n|-resisted|p2b: Calyrex\n|-damage|p2b: Calyrex|73/100 slp\n|-activate|p2b: Calyrex|move: Whirlpool|[of] p1b: Vaporeon\n|\n|-damage|p2b: Calyrex|61/100 slp|[from] move: Whirlpool|[partiallytrapped]\n|upkeep\n|turn|5\n|\n|t:|1768980373\n|move|p2a: Amoonguss|Pollen Puff|p2b: Calyrex\n|-heal|p2b: Calyrex|100/100 slp\n|cant|p2b: Calyrex|slp\n|move|p1a: Incineroar|Parting Shot|p2b: Calyrex\n|-unboost|p2b: Calyrex|atk|1\n|-unboost|p2b: Calyrex|spa|1\n|\n|t:|1768980379\n|switch|p1a: Ho-Oh|Ho-Oh, L50|100/100|[from] Parting Shot\n|move|p1b: Vaporeon|Yawn|p2a: Amoonguss\n|-start|p2a: Amoonguss|move: Yawn|[of] p1b: Vaporeon\n|\n|-damage|p2b: Calyrex|88/100 slp|[from] move: Whirlpool|[partiallytrapped]\n|-fieldend|move: Trick Room\n|-fieldend|move: Psychic Terrain\n|upkeep\n|turn|6\n|\n|t:|1768980396\n|switch|p1b: Incineroar|Incineroar, L50, M|64/100\n|-ability|p1b: Incineroar|Intimidate|boost\n|-unboost|p2a: Amoonguss|atk|1\n|-unboost|p2b: Calyrex|atk|1\n|switch|p2a: Indeedee|Indeedee-F, L50, F|100/100\n|-fieldstart|move: Psychic Terrain|[from] ability: Psychic Surge|[of] p2a: Indeedee\n|move|p1a: Ho-Oh|Sacred Fire|p2a: Indeedee\n|-damage|p2a: Indeedee|56/100\n|-status|p2a: Indeedee|brn\n|cant|p2b: Calyrex|slp\n|\n|-damage|p2a: Indeedee|50/100 brn|[from] brn\n|-end|p2b: Calyrex|Whirlpool|[partiallytrapped]|[silent]\n|upkeep\n|turn|7\n|\n|t:|1768980413\n|move|p1b: Incineroar|Parting Shot|p2b: Calyrex\n|-unboost|p2b: Calyrex|atk|1\n|-unboost|p2b: Calyrex|spa|1\n|\n|t:|1768980415\n|switch|p1b: Vaporeon|Vaporeon, L50, F|38/100|[from] Parting Shot\n|-curestatus|p2b: Calyrex|slp|[msg]\n|move|p2b: Calyrex|Glacial Lance|p1b: Vaporeon|[spread] p1a,p1b\n|-resisted|p1b: Vaporeon\n|-damage|p1a: Ho-Oh|85/100\n|-damage|p1b: Vaporeon|30/100\n|-enditem|p1a: Ho-Oh|Red Card|[of] p2b: Calyrex\n|drag|p2b: Rillaboom|Rillaboom, L50, M|100/100\n|-fieldstart|move: Grassy Terrain|[from] ability: Grassy Surge|[of] p2b: Rillaboom\n|move|p1a: Ho-Oh|Whirlwind|p2a: Indeedee\n|drag|p2a: Calyrex|Calyrex-Ice, L50, tera:Water|88/100\n|-ability|p2a: Calyrex|As One\n|-ability|p2a: Calyrex|Unnerve\n|\n|-heal|p1b: Vaporeon|36/100|[from] Grassy Terrain\n|-heal|p2a: Calyrex|94/100|[from] Grassy Terrain\n|upkeep\n|turn|8\n|\n|t:|1768980430\n|switch|p1b: Incineroar|Incineroar, L50, M|64/100\n|-ability|p1b: Incineroar|Intimidate|boost\n|-unboost|p2a: Calyrex|atk|1\n|-unboost|p2b: Rillaboom|atk|1\n|move|p2b: Rillaboom|Grassy Glide|p1b: Incineroar\n|-resisted|p1b: Incineroar\n|-damage|p1b: Incineroar|46/100\n|-damage|p2b: Rillaboom|84/100|[from] item: Rocky Helmet|[of] p1b: Incineroar\n|move|p1a: Ho-Oh|Life Dew|p1a: Ho-Oh|[spread] p1a,p1b\n|-heal|p1a: Ho-Oh|100/100\n|-heal|p1b: Incineroar|71/100\n|move|p2a: Calyrex|Trick Room|p2a: Calyrex\n|-fieldstart|move: Trick Room|[of] p2a: Calyrex\n|\n|-heal|p2a: Calyrex|99/100|[from] Grassy Terrain\n|-heal|p1b: Incineroar|77/100|[from] Grassy Terrain\n|-heal|p2b: Rillaboom|90/100|[from] Grassy Terrain\n|upkeep\n|turn|9\n|\n|t:|1768980455\n|switch|p2a: Amoonguss|Amoonguss, L50, M|100/100\n|switch|p2b: Indeedee|Indeedee-F, L50, F|50/100 brn\n|-fieldstart|move: Psychic Terrain|[from] ability: Psychic Surge|[of] p2b: Indeedee\n|move|p1b: Incineroar|Parting Shot|p2a: Amoonguss\n|-unboost|p2a: Amoonguss|atk|1\n|-unboost|p2a: Amoonguss|spa|1\n|\n|t:|1768980466\n|switch|p1b: Vaporeon|Vaporeon, L50, F|36/100|[from] Parting Shot\n|move|p1a: Ho-Oh|Life Dew||[still]|[spread] \n|-heal|p1b: Vaporeon|61/100|[from] ability: Water Absorb|[of] p1a: Ho-Oh\n|-fail|p1a: Ho-Oh|heal\n|\n|-damage|p2b: Indeedee|43/100 brn|[from] brn\n|upkeep\n|turn|10\n|\n|t:|1768980485\n|switch|p2b: Rillaboom|Rillaboom, L50, M|90/100\n|-fieldstart|move: Grassy Terrain|[from] ability: Grassy Surge|[of] p2b: Rillaboom\n|move|p1a: Ho-Oh|Protect|p1a: Ho-Oh\n|-singleturn|p1a: Ho-Oh|Protect\n|move|p2a: Amoonguss|Spore|p1b: Vaporeon\n|-activate|p1b: Vaporeon|item: Safety Goggles|Spore\n|move|p1b: Vaporeon|Yawn|p2a: Amoonguss\n|-start|p2a: Amoonguss|move: Yawn|[of] p1b: Vaporeon\n|\n|-heal|p1b: Vaporeon|67/100|[from] Grassy Terrain\n|-heal|p2b: Rillaboom|95/100|[from] Grassy Terrain\n|upkeep\n|turn|11\n|\n|t:|1768980504\n|switch|p2a: Calyrex|Calyrex-Ice, L50, tera:Water|99/100\n|-ability|p2a: Calyrex|As One\n|-ability|p2a: Calyrex|Unnerve\n|move|p1b: Vaporeon|Detect|p1b: Vaporeon\n|-singleturn|p1b: Vaporeon|Protect\n|move|p1a: Ho-Oh|Sacred Fire|p2b: Rillaboom\n|-supereffective|p2b: Rillaboom\n|-damage|p2b: Rillaboom|3/100\n|move|p2b: Rillaboom|Knock Off|p1b: Vaporeon\n|-activate|p1b: Vaporeon|move: Protect\n|\n|-heal|p2a: Calyrex|100/100|[from] Grassy Terrain\n|-heal|p1b: Vaporeon|73/100|[from] Grassy Terrain\n|-heal|p2b: Rillaboom|8/100|[from] Grassy Terrain\n|upkeep\n|turn|12\n|inactive|GoofyRonald756 has 30 seconds left.\n|inactive|GoofyRonald756 has 20 seconds left.\n|inactive|GoofyRonald756 has 15 seconds left.\n|inactive|GoofyRonald756 has 10 seconds left.\n|inactive|GoofyRonald756 has 5 seconds left.\n|\n|t:|1768980559\n|move|p2a: Calyrex|Glacial Lance|p1a: Ho-Oh|[spread] p1a,p1b\n|-resisted|p1b: Vaporeon\n|-damage|p1a: Ho-Oh|62/100\n|-damage|p1b: Vaporeon|52/100\n|move|p1b: Vaporeon|Scald|p2b: Rillaboom\n|-resisted|p2b: Rillaboom\n|-damage|p2b: Rillaboom|0 fnt\n|faint|p2b: Rillaboom\n|move|p1a: Ho-Oh|Sacred Fire|p2a: Calyrex\n|-resisted|p2a: Calyrex\n|-damage|p2a: Calyrex|87/100\n|-status|p2a: Calyrex|brn\n|\n|-heal|p2a: Calyrex|93/100 brn|[from] Grassy Terrain\n|-heal|p1b: Vaporeon|57/100|[from] Grassy Terrain\n|-damage|p2a: Calyrex|87/100 brn|[from] brn\n|-fieldend|move: Trick Room\n|upkeep\n|\n|t:|1768980573\n|switch|p2b: Amoonguss|Amoonguss, L50, M|100/100\n|turn|13\n|\n|t:|1768980580\n|switch|p1b: Incineroar|Incineroar, L50, M|77/100\n|-ability|p1b: Incineroar|Intimidate|boost\n|-unboost|p2a: Calyrex|atk|1\n|-unboost|p2b: Amoonguss|atk|1\n|move|p2a: Calyrex|Protect|p2a: Calyrex\n|-singleturn|p2a: Calyrex|Protect\n|move|p1a: Ho-Oh|Sacred Fire|p2b: Amoonguss\n|-supereffective|p2b: Amoonguss\n|-damage|p2b: Amoonguss|29/100\n|move|p2b: Amoonguss|Spore|p1b: Incineroar\n|-status|p1b: Incineroar|slp|[from] move: Spore\n|\n|-heal|p1b: Incineroar|83/100 slp|[from] Grassy Terrain\n|-heal|p2a: Calyrex|93/100 brn|[from] Grassy Terrain\n|-heal|p2b: Amoonguss|35/100|[from] Grassy Terrain\n|-damage|p2a: Calyrex|87/100 brn|[from] brn\n|upkeep\n|turn|14\n|\n|t:|1768980598\n|switch|p2b: Indeedee|Indeedee-F, L50, F|43/100 brn\n|-fieldstart|move: Psychic Terrain|[from] ability: Psychic Surge|[of] p2b: Indeedee\n|move|p1a: Ho-Oh|Sacred Fire|p2b: Indeedee\n|-damage|p2b: Indeedee|4/100 brn\n|cant|p1b: Incineroar|slp\n|move|p2a: Calyrex|Glacial Lance|p1b: Incineroar|[spread] p1a,p1b\n|-resisted|p1b: Incineroar\n|-damage|p1a: Ho-Oh|49/100\n|-damage|p1b: Incineroar|75/100 slp\n|\n|-damage|p2b: Indeedee|0 fnt|[from] brn\n|faint|p2b: Indeedee\n|-damage|p2a: Calyrex|81/100 brn|[from] brn\n|upkeep\n|\n|t:|1768980600\n|switch|p2b: Amoonguss|Amoonguss, L50, M|69/100\n|turn|15\n|\n|t:|1768980617\n|move|p1a: Ho-Oh|Sacred Fire|p2b: Amoonguss\n|-supereffective|p2b: Amoonguss\n|-damage|p2b: Amoonguss|8/100\n|-curestatus|p1b: Incineroar|slp|[msg]\n|move|p1b: Incineroar|Knock Off|p2b: Amoonguss\n|-damage|p2b: Amoonguss|0 fnt\n|-damage|p1b: Incineroar|59/100|[from] item: Rocky Helmet|[of] p2b: Amoonguss\n|-enditem|p2b: Amoonguss|Rocky Helmet|[from] move: Knock Off|[of] p1b: Incineroar\n|faint|p2b: Amoonguss\n|move|p2a: Calyrex|Glacial Lance|p1b: Incineroar|[spread] p1a,p1b\n|-resisted|p1b: Incineroar\n|-damage|p1a: Ho-Oh|38/100\n|-damage|p1b: Incineroar|50/100\n|\n|-damage|p2a: Calyrex|75/100 brn|[from] brn\n|upkeep\n|turn|16\n|\n|t:|1768980632\n|move|p1a: Ho-Oh|Life Dew|p1a: Ho-Oh|[spread] p1a,p1b\n|-heal|p1a: Ho-Oh|62/100\n|-heal|p1b: Incineroar|76/100\n|move|p1b: Incineroar|Parting Shot|p2a: Calyrex\n|-unboost|p2a: Calyrex|atk|1\n|-unboost|p2a: Calyrex|spa|1\n|-message|Nohan Laki forfeited.\n|\n|win|GoofyRonald756\n|raw|GoofyRonald756's rating: 1094 &rarr; <strong>1126</strong><br />(+32 for winning)\n|raw|Nohan Laki's rating: 1175 &rarr; <strong>1144</strong><br />(-31 for losing)\n|l|\u2606GoofyRonald756\n|player|p1|\n","uploadtime":1768980920,"views":11,"formatid":"gen9vgc2026regi","rating":1126,"private":0,"password":null}