{"id":"gen9vgc2026regi-2552362931","format":"[Gen 9] VGC 2026 Reg I","players":["CHR1SPHX","IanBomitin"],"log":"|j|\u2606CHR1SPHX\n|j|\u2606IanBomitin\n|t:|1772713564\n|gametype|doubles\n|player|p1|CHR1SPHX|hilbert|1233\n|player|p2|IanBomitin|2|1206\n|gen|9\n|tier|[Gen 9] VGC 2026 Reg I\n|rated|\n|rule|Species Clause: Limit one of each Pok\u00e9mon\n|rule|Item Clause: Limit 1 of each item\n|clearpoke\n|poke|p1|Lunala, L50|\n|poke|p1|Amoonguss, L50, M|\n|poke|p1|Ursaluna-Bloodmoon, L50, M|\n|poke|p1|Incineroar, L50, M|\n|poke|p1|Koraidon, L50|\n|poke|p1|Flutter Mane, L50|\n|poke|p2|Calyrex-Shadow, L50|\n|poke|p2|Chien-Pao, L50|\n|poke|p2|Rillaboom, L50, F|\n|poke|p2|Urshifu-*, L50, M|\n|poke|p2|Ogerpon-Hearthflame, L50, F|\n|poke|p2|Zamazenta-*, L50|\n|teampreview|4\n|inactive|Battle timer is ON: inactive players will automatically lose when time's up. (requested by CHR1SPHX)\n|\n|t:|1772713574\n|teamsize|p1|4\n|teamsize|p2|4\n|start\n|switch|p1a: Lunala|Lunala, L50, shiny|100/100\n|switch|p1b: Ursaluna|Ursaluna-Bloodmoon, L50, M|100/100\n|switch|p2a: Chien-Pao|Chien-Pao, L50|100/100\n|switch|p2b: Rillaboom|Rillaboom, L50, F|100/100\n|-ability|p2a: Chien-Pao|Sword of Ruin\n|-fieldstart|move: Grassy Terrain|[from] ability: Grassy Surge|[of] p2b: Rillaboom\n|turn|1\n|\n|t:|1772713592\n|switch|p1b: Amoonguss|Amoonguss, L50, M, shiny|100/100\n|-terastallize|p1a: Lunala|Fairy\n|move|p2a: Chien-Pao|Ice Spinner|p1b: Amoonguss\n|-supereffective|p1b: Amoonguss\n|-damage|p1b: Amoonguss|10/100\n|-damage|p2a: Chien-Pao|84/100|[from] item: Rocky Helmet|[of] p1b: Amoonguss\n|-fieldend|move: Grassy Terrain\n|move|p2b: Rillaboom|Wood Hammer|p1b: Amoonguss\n|-resisted|p1b: Amoonguss\n|-damage|p1b: Amoonguss|0 fnt\n|-damage|p2b: Rillaboom|84/100|[from] item: Rocky Helmet|[of] p1b: Amoonguss\n|faint|p1b: Amoonguss\n|-damage|p2b: Rillaboom|80/100|[from] Recoil\n|move|p1a: Lunala|Trick Room|p1a: Lunala\n|-fieldstart|move: Trick Room|[of] p1a: Lunala\n|\n|upkeep\n|inactive|CHR1SPHX has 30 seconds left.\n|\n|t:|1772713619\n|switch|p1b: Ursaluna|Ursaluna-Bloodmoon, L50, M|100/100\n|turn|2\n|\n|t:|1772713649\n|switch|p1b: Incineroar|Incineroar, L50, M|100/100\n|-ability|p1b: Incineroar|Intimidate|boost\n|-unboost|p2a: Chien-Pao|atk|1\n|-unboost|p2b: Rillaboom|atk|1\n|move|p2a: Chien-Pao|Protect|p2a: Chien-Pao\n|-singleturn|p2a: Chien-Pao|Protect\n|move|p1a: Lunala|Moonblast|p2b: Rillaboom\n|-damage|p2b: Rillaboom|44/100\n|-unboost|p2b: Rillaboom|spa|1\n|move|p2b: Rillaboom|Wood Hammer|p1b: Incineroar\n|-resisted|p1b: Incineroar\n|-damage|p1b: Incineroar|81/100\n|-damage|p2b: Rillaboom|37/100|[from] Recoil\n|\n|upkeep\n|turn|3\n|inactive|IanBomitin has 30 seconds left.\n|inactive|IanBomitin has 20 seconds left.\n|\n|t:|1772713687\n|switch|p2a: Zamazenta|Zamazenta-Crowned, L50|100/100\n|-ability|p2a: Zamazenta|Dauntless Shield|boost\n|-boost|p2a: Zamazenta|def|1\n|move|p1b: Incineroar|Parting Shot|p2b: Rillaboom\n|-unboost|p2b: Rillaboom|atk|1\n|-unboost|p2b: Rillaboom|spa|1\n|\n|t:|1772713694\n|switch|p1b: Ursaluna|Ursaluna-Bloodmoon, L50, M|100/100|[from] Parting Shot\n|move|p1a: Lunala|Moonblast|p2a: Zamazenta\n|-damage|p2a: Zamazenta|59/100\n|move|p2b: Rillaboom|High Horsepower|p1b: Ursaluna\n|-crit|p1b: Ursaluna\n|-damage|p1b: Ursaluna|71/100\n|\n|upkeep\n|turn|4\n|inactive|IanBomitin has 30 seconds left.\n|\n|t:|1772713728\n|switch|p2b: Chien-Pao|Chien-Pao, L50|84/100\n|-ability|p2b: Chien-Pao|Sword of Ruin\n|move|p1b: Ursaluna|Earth Power|p2a: Zamazenta\n|-supereffective|p2a: Zamazenta\n|-damage|p2a: Zamazenta|0 fnt\n|faint|p2a: Zamazenta\n|-damage|p1b: Ursaluna|61/100|[from] item: Life Orb\n|move|p1a: Lunala|Moonblast|p2b: Chien-Pao\n|-supereffective|p2b: Chien-Pao\n|-damage|p2b: Chien-Pao|0 fnt\n|faint|p2b: Chien-Pao\n|\n|upkeep\n|\n|t:|1772713739\n|switch|p2a: Calyrex|Calyrex-Shadow, L50|100/100\n|switch|p2b: Rillaboom|Rillaboom, L50, F|37/100\n|-ability|p2a: Calyrex|As One\n|-ability|p2a: Calyrex|Unnerve\n|-fieldstart|move: Grassy Terrain|[from] ability: Grassy Surge|[of] p2b: Rillaboom\n|turn|5\n|inactive|IanBomitin has 30 seconds left.\n|\n|t:|1772713772\n|switch|p1b: Incineroar|Incineroar, L50, M|81/100\n|-ability|p1b: Incineroar|Intimidate|boost\n|-unboost|p2a: Calyrex|atk|1\n|-unboost|p2b: Rillaboom|atk|1\n|move|p2b: Rillaboom|Fake Out|p1b: Incineroar\n|-damage|p1b: Incineroar|73/100\n|move|p1a: Lunala|Moonblast|p2b: Rillaboom\n|-damage|p2b: Rillaboom|0 fnt\n|faint|p2b: Rillaboom\n|move|p2a: Calyrex|Astral Barrage|p1a: Lunala|[spread] p1a,p1b\n|-resisted|p1b: Incineroar\n|-crit|p1b: Incineroar\n|-damage|p1a: Lunala|78/100\n|-damage|p1b: Incineroar|33/100\n|-damage|p2a: Calyrex|91/100|[from] item: Life Orb\n|\n|-heal|p1b: Incineroar|39/100|[from] Grassy Terrain\n|-heal|p1a: Lunala|84/100|[from] Grassy Terrain\n|-heal|p2a: Calyrex|97/100|[from] Grassy Terrain\n|-fieldend|move: Trick Room\n|upkeep\n|turn|6\n|\n|t:|1772713794\n|-terastallize|p2a: Calyrex|Fairy\n|move|p1a: Lunala|Wide Guard|p1a: Lunala\n|-singleturn|p1a: Lunala|Wide Guard\n|move|p2a: Calyrex|Nasty Plot|p2a: Calyrex\n|-boost|p2a: Calyrex|spa|2\n|move|p1b: Incineroar|Knock Off|p2a: Calyrex\n|-resisted|p2a: Calyrex\n|-damage|p2a: Calyrex|73/100\n|-enditem|p2a: Calyrex|Life Orb|[from] move: Knock Off|[of] p1b: Incineroar\n|\n|-heal|p2a: Calyrex|79/100|[from] Grassy Terrain\n|-heal|p1a: Lunala|90/100|[from] Grassy Terrain\n|-heal|p1b: Incineroar|45/100|[from] Grassy Terrain\n|upkeep\n|turn|7\n|\n|t:|1772713816\n|move|p1a: Lunala|Wide Guard|p1a: Lunala\n|-singleturn|p1a: Lunala|Wide Guard\n|move|p2a: Calyrex|Psychic|p1a: Lunala\n|-damage|p1a: Lunala|15/100\n|move|p1b: Incineroar|Parting Shot|p2a: Calyrex\n|-unboost|p2a: Calyrex|atk|1\n|-unboost|p2a: Calyrex|spa|1\n|\n|t:|1772713824\n|switch|p1b: Ursaluna|Ursaluna-Bloodmoon, L50, M|61/100|[from] Parting Shot\n|\n|-heal|p2a: Calyrex|86/100|[from] Grassy Terrain\n|-heal|p1a: Lunala|21/100|[from] Grassy Terrain\n|-heal|p1b: Ursaluna|67/100|[from] Grassy Terrain\n|upkeep\n|turn|8\n|\n|t:|1772713837\n|move|p2a: Calyrex|Nasty Plot|p2a: Calyrex\n|-boost|p2a: Calyrex|spa|2\n|move|p1a: Lunala|Moonblast|p2a: Calyrex\n|-damage|p2a: Calyrex|33/100\n|-unboost|p2a: Calyrex|spa|1\n|move|p1b: Ursaluna|Blood Moon|p2a: Calyrex\n|-crit|p2a: Calyrex\n|-damage|p2a: Calyrex|0 fnt\n|faint|p2a: Calyrex\n|-damage|p1b: Ursaluna|58/100|[from] item: Life Orb\n|\n|win|CHR1SPHX\n|raw|CHR1SPHX's rating: 1233 &rarr; <strong>1256</strong><br />(+23 for winning)\n|raw|IanBomitin's rating: 1206 &rarr; <strong>1183</strong><br />(-23 for losing)\n|l|\u2606IanBomitin\n|player|p2|\n","uploadtime":1772713855,"views":12,"formatid":"gen9vgc2026regi","rating":1183,"private":0,"password":null}