{"id":"gen9vgc2026regi-2544018667","format":"[Gen 9] VGC 2026 Reg I","players":["perk1","xiaoliyunVGC"],"log":"|j|\u2606perk1\n|j|\u2606xiaoliyunVGC\n|t:|1771643429\n|gametype|doubles\n|player|p1|perk1|1|1249\n|player|p2|xiaoliyunVGC|liko|1391\n|gen|9\n|tier|[Gen 9] VGC 2026 Reg I\n|rated|\n|rule|Species Clause: Limit one of each Pok\u00e9mon\n|rule|Item Clause: Limit 1 of each item\n|clearpoke\n|poke|p1|Miraidon, L50|\n|poke|p1|Zamazenta-*, L50|\n|poke|p1|Moltres-Galar, L50|\n|poke|p1|Chien-Pao, L50|\n|poke|p1|Iron Leaves, L50|\n|poke|p1|Flutter Mane, L50|\n|poke|p2|Zamazenta-*, L50|\n|poke|p2|Kyogre, L50|\n|poke|p2|Raichu, L50, F|\n|poke|p2|Flutter Mane, L50|\n|poke|p2|Tornadus, L50, M|\n|poke|p2|Kingambit, L50, F|\n|teampreview|4\n|inactive|Battle timer is ON: inactive players will automatically lose when time's up. (requested by xiaoliyunVGC)\n|\n|t:|1771643453\n|teamsize|p1|4\n|teamsize|p2|4\n|start\n|switch|p1a: Miraidon|Miraidon, L50|100/100\n|switch|p1b: Iron Leaves|Iron Leaves, L50|100/100\n|switch|p2a: Zamazenta|Zamazenta-Crowned, L50, shiny|100/100\n|switch|p2b: Raichu|Raichu, L50, F|100/100\n|-fieldstart|move: Electric Terrain|[from] ability: Hadron Engine|[of] p1a: Miraidon\n|-activate|p1b: Iron Leaves|ability: Quark Drive\n|-start|p1b: Iron Leaves|quarkdrivespe\n|-ability|p2a: Zamazenta|Dauntless Shield|boost\n|-boost|p2a: Zamazenta|def|1\n|turn|1\n|\n|t:|1771643475\n|move|p2b: Raichu|Fake Out|p1b: Iron Leaves\n|-damage|p1b: Iron Leaves|91/100\n|move|p1a: Miraidon|Dragon Pulse|p2b: Raichu\n|-damage|p2b: Raichu|19/100\n|cant|p1b: Iron Leaves|flinch\n|move|p2a: Zamazenta|Body Press|p1a: Miraidon\n|-damage|p1a: Miraidon|32/100\n|\n|upkeep\n|turn|2\n|\n|t:|1771643494\n|switch|p2b: Kingambit|Kingambit, L50, F|100/100\n|-terastallize|p1a: Miraidon|Ghost\n|move|p1a: Miraidon|Dragon Pulse|p2b: Kingambit\n|-resisted|p2b: Kingambit\n|-damage|p2b: Kingambit|71/100\n|move|p1b: Iron Leaves|Psyblade|p2a: Zamazenta\n|-damage|p2a: Zamazenta|74/100\n|-damage|p1b: Iron Leaves|82/100|[from] item: Life Orb\n|move|p2a: Zamazenta|Body Press|p1a: Miraidon\n|-immune|p1a: Miraidon\n|\n|upkeep\n|turn|3\n|inactive|perk1 has 30 seconds left.\n|inactive|xiaoliyunVGC has 30 seconds left.\n|\n|t:|1771643524\n|switch|p1a: Zamazenta|Zamazenta, L50|100/100\n|-ability|p1a: Zamazenta|Dauntless Shield|boost\n|-boost|p1a: Zamazenta|def|1\n|-enditem|p1a: Zamazenta|Electric Seed\n|-boost|p1a: Zamazenta|def|1|[from] item: Electric Seed\n|move|p2b: Kingambit|Sucker Punch|p1b: Iron Leaves\n|-supereffective|p1b: Iron Leaves\n|-crit|p1b: Iron Leaves\n|-damage|p1b: Iron Leaves|0 fnt\n|faint|p1b: Iron Leaves\n|-end|p1b: Iron Leaves|Quark Drive|[silent]\n|move|p2a: Zamazenta|Body Press|p1a: Zamazenta\n|-damage|p1a: Zamazenta|79/100\n|\n|upkeep\n|\n|t:|1771643540\n|switch|p1b: Chien-Pao|Chien-Pao, L50|100/100\n|-ability|p1b: Chien-Pao|Sword of Ruin\n|turn|4\n|\n|t:|1771643555\n|switch|p2b: Raichu|Raichu, L50, F|19/100\n|move|p2a: Zamazenta|Protect|p2a: Zamazenta\n|-singleturn|p2a: Zamazenta|Protect\n|move|p1b: Chien-Pao|Sacred Sword|p2a: Zamazenta\n|-activate|p2a: Zamazenta|move: Protect\n|move|p1a: Zamazenta|Body Press|p2b: Raichu\n|-damage|p2b: Raichu|0 fnt\n|faint|p2b: Raichu\n|\n|upkeep\n|\n|t:|1771643566\n|switch|p2b: Kyogre|Kyogre, L50|100/100\n|-weather|RainDance|[from] ability: Drizzle|[of] p2b: Kyogre\n|turn|5\n|inactive|perk1 has 30 seconds left.\n|inactive|xiaoliyunVGC has 30 seconds left.\n|inactive|perk1 has 20 seconds left.\n|inactive|perk1 has 15 seconds left.\n|inactive|perk1 has 10 seconds left.\n|\n|t:|1771643614\n|-terastallize|p2b: Kyogre|Water\n|move|p1a: Zamazenta|Wide Guard|p1a: Zamazenta\n|-singleturn|p1a: Zamazenta|Wide Guard\n|move|p2b: Kyogre|Origin Pulse|p1a: Zamazenta|[spread] \n|-activate|p1a: Zamazenta|move: Wide Guard\n|-activate|p1b: Chien-Pao|move: Wide Guard\n|move|p1b: Chien-Pao|Sacred Sword|p2a: Zamazenta\n|-supereffective|p2a: Zamazenta\n|-damage|p2a: Zamazenta|31/100\n|move|p2a: Zamazenta|Behemoth Bash|p1b: Chien-Pao\n|-supereffective|p1b: Chien-Pao\n|-enditem|p1b: Chien-Pao|Focus Sash\n|-damage|p1b: Chien-Pao|1/100\n|\n|-weather|RainDance|[upkeep]\n|-fieldend|move: Electric Terrain\n|upkeep\n|turn|6\n|inactive|perk1 has 30 seconds left.\n|\n|t:|1771643640\n|move|p2a: Zamazenta|Protect|p2a: Zamazenta\n|-singleturn|p2a: Zamazenta|Protect\n|move|p1a: Zamazenta|Wide Guard|p1a: Zamazenta\n|-singleturn|p1a: Zamazenta|Wide Guard\n|move|p2b: Kyogre|Origin Pulse|p1a: Zamazenta|[spread] \n|-activate|p1a: Zamazenta|move: Wide Guard\n|-activate|p1b: Chien-Pao|move: Wide Guard\n|move|p1b: Chien-Pao|Sacred Sword|p2a: Zamazenta\n|-activate|p2a: Zamazenta|move: Protect\n|\n|-weather|RainDance|[upkeep]\n|upkeep\n|turn|7\n|\n|t:|1771643657\n|move|p1a: Zamazenta|Wide Guard|p1a: Zamazenta\n|-singleturn|p1a: Zamazenta|Wide Guard\n|move|p2b: Kyogre|Origin Pulse|p1a: Zamazenta|[spread] \n|-activate|p1a: Zamazenta|move: Wide Guard\n|-activate|p1b: Chien-Pao|move: Wide Guard\n|move|p1b: Chien-Pao|Sacred Sword|p2a: Zamazenta\n|-supereffective|p2a: Zamazenta\n|-damage|p2a: Zamazenta|0 fnt\n|faint|p2a: Zamazenta\n|\n|-weather|RainDance|[upkeep]\n|upkeep\n|\n|t:|1771643662\n|switch|p2a: Kingambit|Kingambit, L50, F|71/100\n|turn|8\n|\n|t:|1771643678\n|move|p1a: Zamazenta|Wide Guard|p1a: Zamazenta\n|-singleturn|p1a: Zamazenta|Wide Guard\n|move|p1b: Chien-Pao|Sucker Punch|p2b: Kyogre\n|-damage|p2b: Kyogre|46/100\n|move|p2a: Kingambit|Sucker Punch||[still]\n|-fail|p2a: Kingambit\n|move|p2b: Kyogre|Origin Pulse|p1b: Chien-Pao|[spread] \n|-activate|p1a: Zamazenta|move: Wide Guard\n|-activate|p1b: Chien-Pao|move: Wide Guard\n|\n|-weather|RainDance|[upkeep]\n|upkeep\n|turn|9\n|-message|xiaoliyunVGC forfeited.\n|\n|win|perk1\n|raw|perk1's rating: 1249 &rarr; <strong>1284</strong><br />(+35 for winning)\n|raw|xiaoliyunVGC's rating: 1391 &rarr; <strong>1363</strong><br />(-28 for losing)\n|l|\u2606xiaoliyunVGC\n|player|p2|\n|l|\u2606perk1\n|player|p1|\n","uploadtime":1771643859,"views":13,"formatid":"gen9vgc2026regi","rating":1284,"private":0,"password":null}