{"id":"gen9vgc2026regi-2550587198","format":"[Gen 9] VGC 2026 Reg I","players":["blackred123","Cello L."],"log":"|j|\u2606blackred123\n|j|\u2606Cello L.\n|t:|1772503577\n|gametype|doubles\n|player|p1|blackred123|iono-masters|1409\n|player|p2|Cello L.|psychic-gen4|1476\n|gen|9\n|tier|[Gen 9] VGC 2026 Reg I\n|rated|\n|rule|Species Clause: Limit one of each Pok\u00e9mon\n|rule|Item Clause: Limit 1 of each item\n|clearpoke\n|poke|p1|Kyogre, L50|\n|poke|p1|Zamazenta-*, L50|\n|poke|p1|Chien-Pao, L50|\n|poke|p1|Amoonguss, L50, M|\n|poke|p1|Dragonite, L50, F|\n|poke|p1|Rillaboom, L50, M|\n|poke|p2|Kyogre, L50|\n|poke|p2|Calyrex-Ice, L50|\n|poke|p2|Flutter Mane, L50|\n|poke|p2|Basculegion, L50, M|\n|poke|p2|Amoonguss, L50, F|\n|poke|p2|Grimmsnarl, L50, M|\n|teampreview|4\n|inactive|Battle timer is ON: inactive players will automatically lose when time's up. (requested by blackred123)\n|\n|t:|1772503601\n|teamsize|p1|4\n|teamsize|p2|4\n|start\n|switch|p1a: Zamazenta|Zamazenta-Crowned, L50|100/100\n|switch|p1b: Chien-Pao|Chien-Pao, L50|100/100\n|switch|p2a: Calyrex|Calyrex-Ice, L50|100/100\n|switch|p2b: Grimmsnarl|Grimmsnarl, L50, M|100/100\n|-ability|p2a: Calyrex|As One\n|-ability|p2a: Calyrex|Unnerve\n|-ability|p1b: Chien-Pao|Sword of Ruin\n|-ability|p1a: Zamazenta|Dauntless Shield|boost\n|-boost|p1a: Zamazenta|def|1\n|turn|1\n|\n|t:|1772503616\n|-terastallize|p2a: Calyrex|Fairy\n|move|p2b: Grimmsnarl|Reflect|p2b: Grimmsnarl\n|-sidestart|p2: Cello L.|Reflect\n|move|p1b: Chien-Pao|Taunt|p2a: Calyrex\n|-start|p2a: Calyrex|move: Taunt\n|move|p1a: Zamazenta|Heavy Slam|p2b: Grimmsnarl\n|-supereffective|p2b: Grimmsnarl\n|-damage|p2b: Grimmsnarl|5/100\n|cant|p2a: Calyrex|move: Taunt|Trick Room\n|\n|upkeep\n|turn|2\n|inactive|blackred123 has 30 seconds left.\n|\n|t:|1772503642\n|move|p2b: Grimmsnarl|Thunder Wave|p1a: Zamazenta\n|-status|p1a: Zamazenta|par\n|move|p1b: Chien-Pao|Ice Spinner|p2a: Calyrex\n|-damage|p2a: Calyrex|80/100\n|cant|p1a: Zamazenta|par\n|move|p2a: Calyrex|Glacial Lance|p1b: Chien-Pao|[spread] p1a,p1b\n|-resisted|p1a: Zamazenta\n|-resisted|p1b: Chien-Pao\n|-damage|p1a: Zamazenta|86/100 par\n|-damage|p1b: Chien-Pao|65/100\n|\n|-heal|p2a: Calyrex|86/100|[from] item: Leftovers\n|upkeep\n|turn|3\n|\n|t:|1772503661\n|move|p2b: Grimmsnarl|Light Screen|p2b: Grimmsnarl\n|-sidestart|p2: Cello L.|move: Light Screen\n|move|p1b: Chien-Pao|Ice Spinner|p2a: Calyrex\n|-damage|p2a: Calyrex|66/100\n|move|p1a: Zamazenta|Body Press|p2b: Grimmsnarl\n|-damage|p2b: Grimmsnarl|0 fnt\n|faint|p2b: Grimmsnarl\n|move|p2a: Calyrex|Glacial Lance|p1b: Chien-Pao|[spread] p1a,p1b\n|-resisted|p1a: Zamazenta\n|-resisted|p1b: Chien-Pao\n|-damage|p1a: Zamazenta|72/100 par\n|-damage|p1b: Chien-Pao|29/100\n|\n|-heal|p2a: Calyrex|72/100|[from] item: Leftovers\n|-end|p2a: Calyrex|move: Taunt\n|upkeep\n|\n|t:|1772503674\n|switch|p2b: Kyogre|Kyogre, L50|100/100\n|-weather|RainDance|[from] ability: Drizzle|[of] p2b: Kyogre\n|turn|4\n|\n|t:|1772503683\n|move|p1a: Zamazenta|Wide Guard|p1a: Zamazenta\n|-singleturn|p1a: Zamazenta|Wide Guard\n|move|p1b: Chien-Pao|Sucker Punch|p2b: Kyogre\n|-damage|p2b: Kyogre|66/100\n|move|p2b: Kyogre|Hydro Pump|p1b: Chien-Pao\n|-damage|p1b: Chien-Pao|0 fnt\n|faint|p1b: Chien-Pao\n|move|p2a: Calyrex|Glacial Lance|p1a: Zamazenta\n|-activate|p1a: Zamazenta|move: Wide Guard\n|\n|-weather|RainDance|[upkeep]\n|-heal|p2a: Calyrex|78/100|[from] item: Leftovers\n|upkeep\n|\n|t:|1772503696\n|switch|p1b: Kyogre|Kyogre, L50|100/100\n|turn|5\n|\n|t:|1772503707\n|move|p1b: Kyogre|Water Spout|p2b: Kyogre|[spread] p2a,p2b\n|-resisted|p2b: Kyogre\n|-damage|p2a: Calyrex|38/100\n|-damage|p2b: Kyogre|44/100\n|move|p2b: Kyogre|Hydro Pump|p1a: Zamazenta\n|-damage|p1a: Zamazenta|0 fnt\n|faint|p1a: Zamazenta\n|move|p2a: Calyrex|Trick Room|p2a: Calyrex\n|-fieldstart|move: Trick Room|[of] p2a: Calyrex\n|\n|-weather|RainDance|[upkeep]\n|-heal|p2a: Calyrex|44/100|[from] item: Leftovers\n|upkeep\n|\n|t:|1772503713\n|switch|p1a: Dragonite|Dragonite, L50, F|100/100\n|turn|6\n|\n|t:|1772503728\n|-terastallize|p1a: Dragonite|Normal\n|move|p1a: Dragonite|Extreme Speed|p2b: Kyogre\n|-damage|p2b: Kyogre|0 fnt\n|faint|p2b: Kyogre\n|move|p2a: Calyrex|Glacial Lance|p1b: Kyogre|[spread] p1a,p1b\n|-resisted|p1b: Kyogre\n|-damage|p1a: Dragonite|45/100\n|-damage|p1b: Kyogre|76/100\n|move|p1b: Kyogre|Water Spout|p2a: Calyrex\n|-damage|p2a: Calyrex|9/100\n|\n|-weather|RainDance|[upkeep]\n|-heal|p2a: Calyrex|15/100|[from] item: Leftovers\n|upkeep\n|\n|t:|1772503740\n|switch|p2b: Basculegion|Basculegion, L50, M|100/100\n|turn|7\n|inactive|Cello L. has 30 seconds left.\n|inactive|Cello L. has 20 seconds left.\n|inactive|Cello L. has 15 seconds left.\n|\n|t:|1772503784\n|move|p1a: Dragonite|Extreme Speed|p2a: Calyrex\n|-damage|p2a: Calyrex|0 fnt\n|faint|p2a: Calyrex\n|move|p2b: Basculegion|Last Respects|p1b: Kyogre\n|-damage|p1b: Kyogre|0 fnt\n|faint|p1b: Kyogre\n|-damage|p2b: Basculegion|91/100|[from] item: Life Orb\n|\n|-weather|RainDance|[upkeep]\n|upkeep\n|turn|8\n|-message|blackred123 forfeited.\n|\n|win|Cello L.\n|raw|blackred123's rating: 1409 &rarr; <strong>1393</strong><br />(-16 for losing)\n|raw|Cello L.'s rating: 1476 &rarr; <strong>1492</strong><br />(+16 for winning)\n|l|\u2606blackred123\n|player|p1|\n","uploadtime":1772503794,"views":13,"formatid":"gen9vgc2026regi","rating":1393,"private":0,"password":null}