{"id":"gen9vgc2026regi-2574917978","format":"[Gen 9] VGC 2026 Reg I","players":["fogdocker","xinshouok"],"log":"|j|\u2606fogdocker\n|j|\u2606xinshouok\n|t:|1775295840\n|gametype|doubles\n|player|p1|fogdocker|2|1505\n|player|p2|xinshouok|lucas|1406\n|gen|9\n|tier|[Gen 9] VGC 2026 Reg I\n|rated|\n|rule|Species Clause: Limit one of each Pok\u00e9mon\n|rule|Item Clause: Limit 1 of each item\n|clearpoke\n|poke|p1|Calyrex-Ice, L50|\n|poke|p1|Koraidon, L50|\n|poke|p1|Flutter Mane, L50|\n|poke|p1|Incineroar, L50, M|\n|poke|p1|Rillaboom, L50, F|\n|poke|p1|Volcarona, L50, M|\n|poke|p2|Solgaleo, L50|\n|poke|p2|Sandy Shocks, L50|\n|poke|p2|Koraidon, L50|\n|poke|p2|Incineroar, L50, F|\n|poke|p2|Farigiraf, L50, M|\n|poke|p2|Ursaluna, L50, F|\n|teampreview|4\n|inactive|Battle timer is ON: inactive players will automatically lose when time's up. (requested by xinshouok)\n|inactive|fogdocker has 60 seconds left.\n|\n|t:|1775295879\n|teamsize|p1|4\n|teamsize|p2|4\n|start\n|switch|p1a: Koraidon|Koraidon, L50|100/100\n|switch|p1b: Volcarona|Volcarona, L50, M|100/100\n|switch|p2a: Solgaleo|Solgaleo, L50|100/100\n|switch|p2b: Sandy Shocks|Sandy Shocks, L50|100/100\n|-weather|SunnyDay|[from] ability: Orichalcum Pulse|[of] p1a: Koraidon\n|-activate|p2b: Sandy Shocks|ability: Protosynthesis\n|-start|p2b: Sandy Shocks|protosynthesisspe\n|-activate|p1a: Koraidon|Orichalcum Pulse|[source]\n|turn|1\n|inactive|xinshouok has 30 seconds left.\n|inactive|xinshouok has 20 seconds left.\n|inactive|xinshouok has 15 seconds left.\n|inactive|xinshouok has 10 seconds left.\n|\n|t:|1775295926\n|move|p1a: Koraidon|Protect|p1a: Koraidon\n|-singleturn|p1a: Koraidon|Protect\n|move|p2a: Solgaleo|Protect|p2a: Solgaleo\n|-singleturn|p2a: Solgaleo|Protect\n|move|p2b: Sandy Shocks|Thunder Wave|p1b: Volcarona\n|-status|p1b: Volcarona|par\n|cant|p1b: Volcarona|par\n|\n|-weather|SunnyDay|[upkeep]\n|upkeep\n|turn|2\n|\n|t:|1775295940\n|move|p2b: Sandy Shocks|Protect|p2b: Sandy Shocks\n|-singleturn|p2b: Sandy Shocks|Protect\n|cant|p1b: Volcarona|par\n|move|p1a: Koraidon|Flare Blitz|p2a: Solgaleo\n|-supereffective|p2a: Solgaleo\n|-damage|p2a: Solgaleo|0 fnt\n|faint|p2a: Solgaleo\n|-damage|p1a: Koraidon|60/100|[from] Recoil\n|-damage|p1a: Koraidon|51/100|[from] item: Life Orb\n|\n|-weather|SunnyDay|[upkeep]\n|upkeep\n|\n|t:|1775295948\n|switch|p2a: Koraidon|Koraidon, L50|100/100\n|-activate|p2a: Koraidon|ability: Orichalcum Pulse\n|turn|3\n|\n|t:|1775295965\n|move|p1b: Volcarona|Rage Powder|p1b: Volcarona\n|-singleturn|p1b: Volcarona|move: Rage Powder\n|move|p2b: Sandy Shocks|Earth Power|p1b: Volcarona\n|-damage|p1b: Volcarona|70/100 par\n|move|p1a: Koraidon|Flare Blitz|p2b: Sandy Shocks\n|-damage|p2b: Sandy Shocks|0 fnt\n|faint|p2b: Sandy Shocks\n|-end|p2b: Sandy Shocks|Protosynthesis|[silent]\n|-damage|p1a: Koraidon|15/100|[from] Recoil\n|-damage|p1a: Koraidon|5/100|[from] item: Life Orb\n|move|p2a: Koraidon|Collision Course|p1b: Volcarona\n|-resisted|p1b: Volcarona\n|-damage|p1b: Volcarona|35/100 par\n|-damage|p2a: Koraidon|84/100|[from] item: Rocky Helmet|[of] p1b: Volcarona\n|\n|-weather|SunnyDay|[upkeep]\n|upkeep\n|\n|t:|1775295970\n|switch|p2b: Incineroar|Incineroar, L50, F|100/100\n|-ability|p2b: Incineroar|Intimidate|boost\n|-unboost|p1a: Koraidon|atk|1\n|-unboost|p1b: Volcarona|atk|1\n|turn|4\n|\n|t:|1775295989\n|move|p1a: Koraidon|Protect|p1a: Koraidon\n|-singleturn|p1a: Koraidon|Protect\n|move|p1b: Volcarona|Protect|p1b: Volcarona\n|-singleturn|p1b: Volcarona|Protect\n|move|p2b: Incineroar|Fake Out|p1a: Koraidon\n|-activate|p1a: Koraidon|move: Protect\n|move|p2a: Koraidon|Flame Charge|p1b: Volcarona\n|-activate|p1b: Volcarona|move: Protect\n|\n|-weather|SunnyDay|[upkeep]\n|upkeep\n|turn|5\n|\n|t:|1775296001\n|move|p1b: Volcarona|Rage Powder|p1b: Volcarona\n|-singleturn|p1b: Volcarona|move: Rage Powder\n|move|p1a: Koraidon|Close Combat|p2b: Incineroar\n|-supereffective|p2b: Incineroar\n|-damage|p2b: Incineroar|0 fnt\n|-unboost|p1a: Koraidon|def|1\n|-unboost|p1a: Koraidon|spd|1\n|faint|p2b: Incineroar\n|-damage|p1a: Koraidon|0 fnt|[from] item: Life Orb\n|faint|p1a: Koraidon\n|move|p2a: Koraidon|Flame Charge|p1b: Volcarona\n|-damage|p1b: Volcarona|3/100 par\n|-boost|p2a: Koraidon|spe|1\n|-damage|p2a: Koraidon|67/100|[from] item: Rocky Helmet|[of] p1b: Volcarona\n|-status|p2a: Koraidon|brn|[from] ability: Flame Body|[of] p1b: Volcarona\n|\n|-weather|none\n|-damage|p2a: Koraidon|61/100 brn|[from] brn\n|upkeep\n|\n|t:|1775296007\n|switch|p1a: Calyrex|Calyrex-Ice, L50|100/100\n|-ability|p1a: Calyrex|As One\n|-ability|p1a: Calyrex|Unnerve\n|turn|6\n|-message|xinshouok forfeited.\n|\n|win|fogdocker\n|raw|fogdocker's rating: 1505 &rarr; <strong>1519</strong><br />(+14 for winning)\n|raw|xinshouok's rating: 1406 &rarr; <strong>1392</strong><br />(-14 for losing)\n|l|\u2606xinshouok\n|player|p2|\n|j| thundersnd77\n","uploadtime":1775296022,"views":7,"formatid":"gen9vgc2026regi","rating":1392,"private":0,"password":null}