{"id":"gen9vgc2026regi-2542856744","format":"[Gen 9] VGC 2026 Reg I","players":["kazu1003","fogdocker"],"log":"|j|\u2606kazu1003\n|j|\u2606fogdocker\n|t:|1771507038\n|gametype|doubles\n|player|p1|kazu1003|ethan|1431\n|player|p2|fogdocker|169|1479\n|gen|9\n|tier|[Gen 9] VGC 2026 Reg I\n|rated|\n|rule|Species Clause: Limit one of each Pok\u00e9mon\n|rule|Item Clause: Limit 1 of each item\n|clearpoke\n|poke|p1|Miraidon, L50|\n|poke|p1|Calyrex-Ice, L50|\n|poke|p1|Incineroar, L50, M|\n|poke|p1|Urshifu-*, L50, F|\n|poke|p1|Whimsicott, L50, M|\n|poke|p1|Volcarona, L50, M|\n|poke|p2|Calyrex-Ice, L50|\n|poke|p2|Koraidon, L50|\n|poke|p2|Flutter Mane, L50|\n|poke|p2|Incineroar, L50, M|\n|poke|p2|Rillaboom, L50, M|\n|poke|p2|Volcarona, L50, M|\n|teampreview|4\n|inactive|Battle timer is ON: inactive players will automatically lose when time's up. (requested by kazu1003)\n|inactive|fogdocker has 60 seconds left.\n|inactive|fogdocker has 30 seconds left.\n|inactive|fogdocker has 20 seconds left.\n|\n|t:|1771507109\n|teamsize|p1|4\n|teamsize|p2|4\n|start\n|switch|p1a: Miraidon|Miraidon, L50, shiny|100/100\n|switch|p1b: Whimsicott|Whimsicott, L50, M|100/100\n|switch|p2a: Koraidon|Koraidon, L50|100/100\n|switch|p2b: Rillaboom|Rillaboom, L50, M|100/100\n|-weather|SunnyDay|[from] ability: Orichalcum Pulse|[of] p2a: Koraidon\n|-activate|p2a: Koraidon|Orichalcum Pulse|[source]\n|-fieldstart|move: Electric Terrain|[from] ability: Hadron Engine|[of] p1a: Miraidon\n|-fieldstart|move: Grassy Terrain|[from] ability: Grassy Surge|[of] p2b: Rillaboom\n|turn|1\n|\n|t:|1771507134\n|-terastallize|p2a: Koraidon|Fire\n|move|p1a: Miraidon|Protect|p1a: Miraidon\n|-singleturn|p1a: Miraidon|Protect\n|move|p2b: Rillaboom|Fake Out|p1a: Miraidon\n|-activate|p1a: Miraidon|move: Protect\n|move|p1b: Whimsicott|Tailwind|p1b: Whimsicott\n|-sidestart|p1: kazu1003|move: Tailwind\n|move|p2a: Koraidon|Flame Charge|p1b: Whimsicott\n|-supereffective|p1b: Whimsicott\n|-damage|p1b: Whimsicott|0 fnt\n|-boost|p2a: Koraidon|spe|1\n|faint|p1b: Whimsicott\n|-damage|p2a: Koraidon|91/100|[from] item: Life Orb\n|\n|-weather|SunnyDay|[upkeep]\n|-heal|p2a: Koraidon|96/100|[from] Grassy Terrain\n|upkeep\n|\n|t:|1771507144\n|switch|p1b: Calyrex|Calyrex-Ice, L50|100/100\n|-ability|p1b: Calyrex|As One\n|-ability|p1b: Calyrex|Unnerve\n|turn|2\n|\n|t:|1771507158\n|switch|p2b: Volcarona|Volcarona, L50, M|100/100\n|-terastallize|p1a: Miraidon|Electric\n|move|p2a: Koraidon|Protect|p2a: Koraidon\n|-singleturn|p2a: Koraidon|Protect\n|move|p1a: Miraidon|Electro Drift|p2a: Koraidon\n|-activate|p2a: Koraidon|move: Protect\n|move|p1b: Calyrex|Glacial Lance|p2a: Koraidon|[spread] p2b\n|-activate|p2a: Koraidon|move: Protect\n|-resisted|p2b: Volcarona\n|-damage|p2b: Volcarona|73/100\n|\n|-weather|SunnyDay|[upkeep]\n|-heal|p2a: Koraidon|100/100|[from] Grassy Terrain\n|-heal|p2b: Volcarona|80/100|[from] Grassy Terrain\n|upkeep\n|turn|3\n|inactive|fogdocker has 30 seconds left.\n|\n|t:|1771507187\n|move|p2b: Volcarona|Rage Powder|p2b: Volcarona\n|-singleturn|p2b: Volcarona|move: Rage Powder\n|move|p1a: Miraidon|Volt Switch|p2b: Volcarona\n|-damage|p2b: Volcarona|21/100\n|-damage|p1a: Miraidon|91/100|[from] item: Life Orb\n|\n|t:|1771507197\n|switch|p1a: Incineroar|Incineroar, L50, M|100/100|[from] Volt Switch\n|-ability|p1a: Incineroar|Intimidate|boost\n|-unboost|p2a: Koraidon|atk|1\n|-unboost|p2b: Volcarona|atk|1\n|move|p2a: Koraidon|Flare Blitz|p1a: Incineroar\n|-resisted|p1a: Incineroar\n|-damage|p1a: Incineroar|59/100\n|-damage|p2a: Koraidon|84/100|[from] Recoil\n|-damage|p2a: Koraidon|75/100|[from] item: Life Orb\n|move|p1b: Calyrex|Glacial Lance|p2a: Koraidon|[spread] p2a,p2b\n|-resisted|p2a: Koraidon\n|-resisted|p2b: Volcarona\n|-damage|p2a: Koraidon|51/100\n|-damage|p2b: Volcarona|0 fnt\n|faint|p2b: Volcarona\n|-ability|p1b: Calyrex|Chilling Neigh|boost\n|-boost|p1b: Calyrex|atk|1\n|\n|-weather|SunnyDay|[upkeep]\n|-heal|p2a: Koraidon|56/100|[from] Grassy Terrain\n|-heal|p1a: Incineroar|65/100|[from] Grassy Terrain\n|upkeep\n|\n|t:|1771507206\n|switch|p2b: Rillaboom|Rillaboom, L50, M|100/100\n|turn|4\n|\n|t:|1771507221\n|move|p1a: Incineroar|Fake Out|p2a: Koraidon\n|-damage|p2a: Koraidon|47/100\n|move|p2b: Rillaboom|Fake Out|p1b: Calyrex\n|-damage|p1b: Calyrex|92/100\n|cant|p2a: Koraidon|flinch\n|cant|p1b: Calyrex|flinch\n|\n|-weather|SunnyDay|[upkeep]\n|-heal|p2a: Koraidon|53/100|[from] Grassy Terrain\n|-heal|p1b: Calyrex|98/100|[from] Grassy Terrain\n|-heal|p1a: Incineroar|71/100|[from] Grassy Terrain\n|-sideend|p1: kazu1003|move: Tailwind\n|upkeep\n|turn|5\n|\n|t:|1771507246\n|switch|p2b: Calyrex|Calyrex-Ice, L50|100/100\n|-ability|p2b: Calyrex|As One\n|-ability|p2b: Calyrex|Unnerve\n|move|p1b: Calyrex|Protect|p1b: Calyrex\n|-singleturn|p1b: Calyrex|Protect\n|move|p2a: Koraidon|Close Combat|p1a: Incineroar\n|-supereffective|p1a: Incineroar\n|-damage|p1a: Incineroar|0 fnt\n|-unboost|p2a: Koraidon|def|1\n|-unboost|p2a: Koraidon|spd|1\n|faint|p1a: Incineroar\n|-damage|p2a: Koraidon|43/100|[from] item: Life Orb\n|\n|-weather|none\n|-heal|p2a: Koraidon|49/100|[from] Grassy Terrain\n|-heal|p1b: Calyrex|100/100|[from] Grassy Terrain\n|-fieldend|move: Grassy Terrain\n|upkeep\n|\n|t:|1771507249\n|switch|p1a: Miraidon|Miraidon, L50, shiny, tera:Electric|91/100\n|-fieldstart|move: Electric Terrain|[from] ability: Hadron Engine|[of] p1a: Miraidon\n|turn|6\n|inactive|fogdocker has 30 seconds left.\n|\n|t:|1771507281\n|move|p2a: Koraidon|Flare Blitz|p1b: Calyrex\n|-supereffective|p1b: Calyrex\n|-damage|p1b: Calyrex|29/100\n|-damage|p2a: Koraidon|21/100|[from] Recoil\n|-damage|p2a: Koraidon|11/100|[from] item: Life Orb\n|move|p1a: Miraidon|Electro Drift|p2a: Koraidon\n|-damage|p2a: Koraidon|0 fnt\n|faint|p2a: Koraidon\n|-damage|p1a: Miraidon|82/100|[from] item: Life Orb\n|move|p1b: Calyrex|Glacial Lance|p2b: Calyrex\n|-resisted|p2b: Calyrex\n|-damage|p2b: Calyrex|71/100\n|move|p2b: Calyrex|Glacial Lance|p1a: Miraidon|[spread] p1a,p1b\n|-resisted|p1b: Calyrex\n|-crit|p1b: Calyrex\n|-damage|p1a: Miraidon|32/100\n|-damage|p1b: Calyrex|9/100\n|\n|-heal|p2b: Calyrex|77/100|[from] item: Leftovers\n|upkeep\n|\n|t:|1771507295\n|switch|p2a: Rillaboom|Rillaboom, L50, M|100/100\n|-fieldstart|move: Grassy Terrain|[from] ability: Grassy Surge|[of] p2a: Rillaboom\n|turn|7\n|\n|t:|1771507306\n|move|p1a: Miraidon|Protect|p1a: Miraidon\n|-singleturn|p1a: Miraidon|Protect\n|move|p1b: Calyrex|Protect|p1b: Calyrex\n|-singleturn|p1b: Calyrex|Protect\n|move|p2a: Rillaboom|Fake Out|p1b: Calyrex\n|-activate|p1b: Calyrex|move: Protect\n|move|p2b: Calyrex|Trick Room|p2b: Calyrex\n|-fieldstart|move: Trick Room|[of] p2b: Calyrex\n|\n|-heal|p2b: Calyrex|83/100|[from] Grassy Terrain\n|-heal|p2b: Calyrex|88/100|[from] item: Leftovers\n|-heal|p1b: Calyrex|15/100|[from] Grassy Terrain\n|-heal|p1a: Miraidon|38/100|[from] Grassy Terrain\n|upkeep\n|turn|8\n|inactive|kazu1003 has 30 seconds left.\n|\n|t:|1771507333\n|move|p1b: Calyrex|Protect||[still]\n|-fail|p1b: Calyrex\n|move|p1a: Miraidon|Protect||[still]\n|-fail|p1a: Miraidon\n|move|p2a: Rillaboom|Grassy Glide|p1b: Calyrex\n|-damage|p1b: Calyrex|0 fnt\n|faint|p1b: Calyrex\n|move|p2b: Calyrex|Glacial Lance|p1a: Miraidon\n|-damage|p1a: Miraidon|0 fnt\n|faint|p1a: Miraidon\n|\n|win|fogdocker\n|raw|kazu1003's rating: 1431 &rarr; <strong>1414</strong><br />(-17 for losing)\n|raw|fogdocker's rating: 1479 &rarr; <strong>1496</strong><br />(+17 for winning)\n","uploadtime":1771507339,"views":14,"formatid":"gen9vgc2026regi","rating":1414,"private":0,"password":null}