{"id":"gen9vgc2026regi-2566940941","format":"[Gen 9] VGC 2026 Reg I","players":["shecallmedada","QBkiller55"],"log":"|j|\u2606shecallmedada\n|j|\u2606QBkiller55\n|t:|1774432709\n|gametype|doubles\n|player|p1|shecallmedada|burglar-gen1rb|1314\n|player|p2|QBkiller55|lance|1310\n|gen|9\n|tier|[Gen 9] VGC 2026 Reg I\n|rated|\n|rule|Species Clause: Limit one of each Pok\u00e9mon\n|rule|Item Clause: Limit 1 of each item\n|clearpoke\n|poke|p1|Dondozo, L50, M|\n|poke|p1|Calyrex-Ice, L50|\n|poke|p1|Miraidon, L50|\n|poke|p1|Tatsugiri-Droopy, L50, F|\n|poke|p1|Weezing, L50, M|\n|poke|p1|Landorus, L50, M|\n|poke|p2|Calyrex-Ice, L50|\n|poke|p2|Miraidon, L50|\n|poke|p2|Annihilape, L50, M|\n|poke|p2|Ursaluna, L50, M|\n|poke|p2|Farigiraf, L50, M|\n|poke|p2|Iron Hands, L50|\n|teampreview|4\n|\n|t:|1774432749\n|teamsize|p1|4\n|teamsize|p2|4\n|start\n|switch|p1a: Goobnut|Weezing, L50, M|100/100\n|switch|p1b: Giant Threat|Calyrex-Ice, L50|100/100\n|switch|p2a: Miraidon|Miraidon, L50|100/100\n|switch|p2b: Iron Hands|Iron Hands, L50|100/100\n|-ability|p1a: Goobnut|Neutralizing Gas\n|-ability|p1b: Giant Threat|As One\n|-ability|p1b: Giant Threat|Unnerve\n|turn|1\n|\n|t:|1774432755\n|move|p1a: Goobnut|Protect|p1a: Goobnut\n|-singleturn|p1a: Goobnut|Protect\n|move|p1b: Giant Threat|Protect|p1b: Giant Threat\n|-singleturn|p1b: Giant Threat|Protect\n|move|p2b: Iron Hands|Fake Out|p1a: Goobnut\n|-activate|p1a: Goobnut|move: Protect\n|move|p2a: Miraidon|Electro Drift|p1b: Giant Threat\n|-activate|p1b: Giant Threat|move: Protect\n|\n|upkeep\n|turn|2\n|\n|t:|1774432771\n|switch|p2a: Calyrex|Calyrex-Ice, L50|100/100\n|-ability|p2a: Calyrex|As One\n|-ability|p2a: Calyrex|Unnerve\n|move|p1a: Goobnut|Toxic Spikes|p2a: Calyrex\n|-sidestart|p2: QBkiller55|move: Toxic Spikes\n|move|p1b: Giant Threat|Glacial Lance|p2b: Iron Hands|[spread] p2a,p2b\n|-resisted|p2a: Calyrex\n|-damage|p2a: Calyrex|86/100\n|-damage|p2b: Iron Hands|62/100\n|move|p2b: Iron Hands|Drain Punch|p1b: Giant Threat\n|-damage|p1b: Giant Threat|74/100\n|-heal|p2b: Iron Hands|73/100|[from] drain|[of] p1b: Giant Threat\n|\n|upkeep\n|turn|3\n|inactive|Battle timer is ON: inactive players will automatically lose when time's up. (requested by shecallmedada)\n|\n|t:|1774432787\n|move|p1a: Goobnut|Poison Gas|p2a: Calyrex|[spread] p2a,p2b\n|-status|p2a: Calyrex|psn\n|-status|p2b: Iron Hands|psn\n|move|p1b: Giant Threat|Glacial Lance|p2b: Iron Hands|[spread] p2a,p2b\n|-resisted|p2a: Calyrex\n|-damage|p2a: Calyrex|72/100 psn\n|-damage|p2b: Iron Hands|33/100 psn\n|move|p2b: Iron Hands|Drain Punch|p1b: Giant Threat\n|-damage|p1b: Giant Threat|48/100\n|-heal|p2b: Iron Hands|44/100 psn|[from] drain|[of] p1b: Giant Threat\n|move|p2a: Calyrex|Glacial Lance|p1b: Giant Threat|[spread] p1a,p1b\n|-resisted|p1b: Giant Threat\n|-damage|p1a: Goobnut|60/100\n|-damage|p1b: Giant Threat|34/100\n|\n|-damage|p2b: Iron Hands|32/100 psn|[from] psn\n|-damage|p2a: Calyrex|60/100 psn|[from] psn\n|upkeep\n|turn|4\n|\n|t:|1774432801\n|move|p1a: Goobnut|Protect|p1a: Goobnut\n|-singleturn|p1a: Goobnut|Protect\n|move|p1b: Giant Threat|Protect|p1b: Giant Threat\n|-singleturn|p1b: Giant Threat|Protect\n|move|p2b: Iron Hands|Heavy Slam|p1a: Goobnut\n|-activate|p1a: Goobnut|move: Protect\n|move|p2a: Calyrex|Glacial Lance|p1b: Giant Threat|[spread] \n|-activate|p1a: Goobnut|move: Protect\n|-activate|p1b: Giant Threat|move: Protect\n|\n|-damage|p2b: Iron Hands|19/100 psn|[from] psn\n|-damage|p2a: Calyrex|48/100 psn|[from] psn\n|upkeep\n|turn|5\n|\n|t:|1774432823\n|move|p1a: Goobnut|Sludge Bomb|p2a: Calyrex\n|-damage|p2a: Calyrex|30/100 psn\n|move|p1b: Giant Threat|Glacial Lance|p2b: Iron Hands|[spread] p2a,p2b\n|-resisted|p2a: Calyrex\n|-damage|p2a: Calyrex|16/100 psn\n|-damage|p2b: Iron Hands|0 fnt\n|faint|p2b: Iron Hands\n|-end|p2b: Iron Hands|Quark Drive|[silent]\n|-ability|p1b: Giant Threat|Chilling Neigh|boost\n|-boost|p1b: Giant Threat|atk|1\n|move|p2a: Calyrex|Glacial Lance|p1a: Goobnut|[spread] p1a,p1b\n|-resisted|p1b: Giant Threat\n|-damage|p1a: Goobnut|19/100\n|-damage|p1b: Giant Threat|20/100\n|\n|-damage|p2a: Calyrex|4/100 psn|[from] psn\n|upkeep\n|\n|t:|1774432830\n|switch|p2b: Miraidon|Miraidon, L50|100/100\n|-status|p2b: Miraidon|psn\n|turn|6\n|inactive|QBkiller55 has 30 seconds left.\n|inactive|shecallmedada has 30 seconds left.\n|\n|t:|1774432867\n|move|p1b: Giant Threat|Protect|p1b: Giant Threat\n|-singleturn|p1b: Giant Threat|Protect\n|move|p2b: Miraidon|Electro Drift|p1b: Giant Threat\n|-activate|p1b: Giant Threat|move: Protect\n|move|p1a: Goobnut|Sludge Bomb|p2b: Miraidon\n|-damage|p2b: Miraidon|76/100 psn\n|move|p2a: Calyrex|Glacial Lance|p1b: Giant Threat|[spread] p1a\n|-activate|p1b: Giant Threat|move: Protect\n|-damage|p1a: Goobnut|0 fnt\n|faint|p1a: Goobnut\n|-end|p1a: Goobnut|ability: Neutralizing Gas\n|-fieldstart|move: Electric Terrain|[from] ability: Hadron Engine|[of] p2b: Miraidon\n|-ability|p2a: Calyrex|Chilling Neigh|boost\n|-boost|p2a: Calyrex|atk|1\n|\n|-damage|p2b: Miraidon|64/100 psn|[from] psn\n|-damage|p2a: Calyrex|0 fnt|[from] psn\n|faint|p2a: Calyrex\n|upkeep\n|\n|t:|1774432880\n|switch|p1a: Sheist|Dondozo, L50, M|100/100\n|switch|p2a: Annihilape|Annihilape, L50, M|100/100\n|-status|p2a: Annihilape|psn\n|turn|7\n|\n|t:|1774432899\n|switch|p1b: Raw|Tatsugiri-Droopy, L50, F|100/100\n|-activate|p1b: Raw|ability: Commander|[of] p1a: Sheist\n|-boost|p1a: Sheist|atk|2\n|-boost|p1a: Sheist|spa|2\n|-boost|p1a: Sheist|spe|2\n|-boost|p1a: Sheist|def|2\n|-boost|p1a: Sheist|spd|2\n|move|p1a: Sheist|Protect|p1a: Sheist\n|-singleturn|p1a: Sheist|Protect\n|move|p2a: Annihilape|Final Gambit|p1a: Sheist\n|-activate|p1a: Sheist|move: Protect\n|move|p2b: Miraidon|Electro Drift|p1a: Sheist\n|-activate|p1a: Sheist|move: Protect\n|\n|-damage|p2a: Annihilape|88/100 psn|[from] psn\n|-damage|p2b: Miraidon|52/100 psn|[from] psn\n|upkeep\n|turn|8\n|\n|t:|1774432915\n|-terastallize|p1a: Sheist|Grass\n|move|p2a: Annihilape|Final Gambit|p1a: Sheist\n|-damage|p1a: Sheist|22/100\n|faint|p2a: Annihilape\n|move|p2b: Miraidon|Electro Drift|p1a: Sheist\n|-resisted|p1a: Sheist\n|-damage|p1a: Sheist|0 fnt\n|faint|p1a: Sheist\n|\n|-damage|p2b: Miraidon|40/100 psn|[from] psn\n|upkeep\n|\n|t:|1774432923\n|switch|p1a: Giant Threat|Calyrex-Ice, L50|20/100\n|-ability|p1a: Giant Threat|As One\n|-ability|p1a: Giant Threat|Unnerve\n|turn|9\n|\n|t:|1774432928\n|move|p2b: Miraidon|Electro Drift|p1b: Raw\n|-enditem|p1b: Raw|Focus Sash\n|-damage|p1b: Raw|1/100\n|move|p1b: Raw|Icy Wind|p2b: Miraidon\n|-supereffective|p2b: Miraidon\n|-damage|p2b: Miraidon|7/100 psn\n|-unboost|p2b: Miraidon|spe|1\n|move|p1a: Giant Threat|Glacial Lance|p2b: Miraidon\n|-supereffective|p2b: Miraidon\n|-damage|p2b: Miraidon|0 fnt\n|faint|p2b: Miraidon\n|\n|win|shecallmedada\n|raw|shecallmedada's rating: 1314 &rarr; <strong>1334</strong><br />(+20 for winning)\n|raw|QBkiller55's rating: 1310 &rarr; <strong>1290</strong><br />(-20 for losing)\n|l|\u2606shecallmedada\n|player|p1|\n|l|\u2606QBkiller55\n|player|p2|\n","uploadtime":1774433173,"views":15,"formatid":"gen9vgc2026regi","rating":1290,"private":0,"password":null}