{"id":"gen9vgc2026regi-2553395055","format":"[Gen 9] VGC 2026 Reg I","players":["g0dGun","Zoossef"],"log":"|j|\u2606g0dGun\n|j|\u2606Zoossef\n|t:|1772826890\n|gametype|doubles\n|player|p1|g0dGun|blue|1240\n|player|p2|Zoossef|drayden|1296\n|gen|9\n|tier|[Gen 9] VGC 2026 Reg I\n|rated|\n|rule|Species Clause: Limit one of each Pok\u00e9mon\n|rule|Item Clause: Limit 1 of each item\n|clearpoke\n|poke|p1|Hitmontop, L50, M|\n|poke|p1|Terapagos, L50, M|\n|poke|p1|Calyrex-Shadow, L50|\n|poke|p1|Ogerpon-Cornerstone, L50, F|\n|poke|p1|Urshifu-*, L50, F|\n|poke|p1|Whimsicott, L50, F|\n|poke|p2|Calyrex-Shadow, L50|\n|poke|p2|Koraidon, L50|\n|poke|p2|Chi-Yu, L50|\n|poke|p2|Walking Wake, L50|\n|poke|p2|Brute Bonnet, L50|\n|poke|p2|Weezing-Galar, L50, M|\n|teampreview|4\n|inactive|Battle timer is ON: inactive players will automatically lose when time's up. (requested by g0dGun)\n|inactive|Zoossef also wants the timer to be on.\n|inactive|Zoossef has 60 seconds left.\n|\n|t:|1772826940\n|teamsize|p1|4\n|teamsize|p2|4\n|start\n|switch|p1a: Hitmontop|Hitmontop, L50, M|100/100\n|switch|p1b: Terapagos|Terapagos, L50, M|100/100\n|switch|p2a: Weezing|Weezing-Galar, L50, M, shiny|100/100\n|switch|p2b: Chi-Yu|Chi-Yu, L50|100/100\n|-ability|p2a: Weezing|Neutralizing Gas\n|-activate|p1b: Terapagos|ability: Tera Shift\n|detailschange|p1b: Terapagos|Terapagos-Terastal, L50, M\n|-heal|p1b: Terapagos|100/100|[silent]\n|turn|1\n|inactive|g0dGun has 30 seconds left.\n|\n|t:|1772826973\n|-terastallize|p2b: Chi-Yu|Ghost\n|-terastallize|p1b: Terapagos|Stellar\n|detailschange|p1b: Terapagos|Terapagos-Stellar, L50, M, tera:Stellar\n|-heal|p1b: Terapagos|100/100|[silent]\n|move|p1a: Hitmontop|Vacuum Wave|p1b: Terapagos\n|-supereffective|p1b: Terapagos\n|-damage|p1b: Terapagos|95/100\n|-enditem|p1b: Terapagos|Weakness Policy\n|-boost|p1b: Terapagos|atk|2|[from] item: Weakness Policy\n|-boost|p1b: Terapagos|spa|2|[from] item: Weakness Policy\n|move|p2b: Chi-Yu|Snarl|p1a: Hitmontop|[spread] p1a,p1b\n|-resisted|p1a: Hitmontop\n|-damage|p1a: Hitmontop|93/100\n|-damage|p1b: Terapagos|80/100\n|-unboost|p1a: Hitmontop|spa|1\n|-unboost|p1b: Terapagos|spa|1\n|-enditem|p1a: Hitmontop|Eject Button\n|\n|t:|1772826989\n|switch|p1a: Whimsicott|Whimsicott, L50, F|100/100\n|move|p1b: Terapagos|Tera Starstorm|p2a: Weezing|[spread] p2a,p2b\n|-supereffective|p2b: Chi-Yu\n|-damage|p2a: Weezing|28/100\n|-damage|p2b: Chi-Yu|0 fnt\n|faint|p2b: Chi-Yu\n|move|p2a: Weezing|Poison Gas|p1a: Whimsicott|[spread] p1a,p1b\n|-status|p1a: Whimsicott|psn\n|-status|p1b: Terapagos|psn\n|\n|-damage|p1a: Whimsicott|88/100 psn|[from] psn\n|-damage|p1b: Terapagos|68/100 psn|[from] psn\n|upkeep\n|\n|t:|1772827002\n|switch|p2b: Walking Wake|Walking Wake, L50|100/100\n|turn|2\n|\n|t:|1772827015\n|-end|p2a: Weezing|ability: Neutralizing Gas\n|switch|p2a: Koraidon|Koraidon, L50|100/100\n|-weather|SunnyDay|[from] ability: Orichalcum Pulse|[of] p2a: Koraidon\n|-activate|p2b: Walking Wake|ability: Protosynthesis\n|-start|p2b: Walking Wake|protosynthesisspe\n|-activate|p2a: Koraidon|Orichalcum Pulse|[source]\n|move|p1a: Whimsicott|Tailwind|p1a: Whimsicott\n|-sidestart|p1: g0dGun|move: Tailwind\n|move|p2b: Walking Wake|Snarl|p1a: Whimsicott|[spread] p1a,p1b\n|-resisted|p1a: Whimsicott\n|-damage|p1a: Whimsicott|80/100 psn\n|-damage|p1b: Terapagos|60/100 psn\n|-unboost|p1b: Terapagos|spa|1\n|move|p1b: Terapagos|Tera Starstorm|p2b: Walking Wake|[spread] p2a,p2b\n|-damage|p2a: Koraidon|69/100\n|-damage|p2b: Walking Wake|55/100\n|\n|-weather|SunnyDay|[upkeep]\n|-damage|p1a: Whimsicott|68/100 psn|[from] psn\n|-damage|p1b: Terapagos|47/100 psn|[from] psn\n|upkeep\n|turn|3\n|inactive|g0dGun has 30 seconds left.\n|\n|t:|1772827042\n|move|p2a: Koraidon|Protect|p2a: Koraidon\n|-singleturn|p2a: Koraidon|Protect\n|move|p1a: Whimsicott|Moonblast|p2a: Koraidon\n|-activate|p2a: Koraidon|move: Protect\n|move|p2b: Walking Wake|Snarl|p1b: Terapagos|[spread] p1a,p1b\n|-resisted|p1a: Whimsicott\n|-damage|p1a: Whimsicott|60/100 psn\n|-damage|p1b: Terapagos|40/100 psn\n|-unboost|p1b: Terapagos|spa|1\n|move|p1b: Terapagos|Tera Starstorm|p2b: Walking Wake|[spread] p2b\n|-activate|p2a: Koraidon|move: Protect\n|-damage|p2b: Walking Wake|13/100\n|\n|-weather|SunnyDay|[upkeep]\n|-damage|p1a: Whimsicott|48/100 psn|[from] psn\n|-damage|p1b: Terapagos|27/100 psn|[from] psn\n|upkeep\n|turn|4\n|\n|t:|1772827063\n|switch|p2a: Weezing|Weezing-Galar, L50, M, shiny|28/100\n|-ability|p2a: Weezing|Neutralizing Gas\n|move|p1a: Whimsicott|Moonblast|p2b: Walking Wake\n|-supereffective|p2b: Walking Wake\n|-damage|p2b: Walking Wake|0 fnt\n|faint|p2b: Walking Wake\n|-end|p2b: Walking Wake|Protosynthesis|[silent]\n|move|p1b: Terapagos|Tera Starstorm|p2a: Weezing\n|-damage|p2a: Weezing|0 fnt\n|faint|p2a: Weezing\n|-end|p2a: Weezing|ability: Neutralizing Gas\n|\n|-weather|SunnyDay|[upkeep]\n|-damage|p1a: Whimsicott|36/100 psn|[from] psn\n|-damage|p1b: Terapagos|15/100 psn|[from] psn\n|upkeep\n|\n|t:|1772827073\n|switch|p2b: Koraidon|Koraidon, L50|69/100\n|-activate|p2b: Koraidon|ability: Orichalcum Pulse\n|turn|5\n|\n|t:|1772827084\n|switch|p1b: Calyrex|Calyrex-Shadow, L50|100/100\n|-ability|p1b: Calyrex|As One\n|-ability|p1b: Calyrex|Unnerve\n|move|p1a: Whimsicott|Moonblast|p2b: Koraidon\n|-supereffective|p2b: Koraidon\n|-damage|p2b: Koraidon|0 fnt\n|faint|p2b: Koraidon\n|\n|win|g0dGun\n|raw|g0dGun's rating: 1240 &rarr; <strong>1269</strong><br />(+29 for winning)\n|raw|Zoossef's rating: 1296 &rarr; <strong>1267</strong><br />(-29 for losing)\n","uploadtime":1772827099,"views":12,"formatid":"gen9vgc2026regi","rating":1267,"private":0,"password":null}