{"id":"gen9vgc2026regi-2544201327","format":"[Gen 9] VGC 2026 Reg I","players":["BanKingambit69247","natsuki7974"],"log":"|j|\u2606BanKingambit69247\n|j|\u2606natsuki7974\n|t:|1771677026\n|gametype|doubles\n|player|p1|BanKingambit69247|102|1326\n|player|p2|natsuki7974|101|1433\n|gen|9\n|tier|[Gen 9] VGC 2026 Reg I\n|rated|\n|rule|Species Clause: Limit one of each Pok\u00e9mon\n|rule|Item Clause: Limit 1 of each item\n|clearpoke\n|poke|p1|Calyrex-Shadow, L50|\n|poke|p1|Zamazenta-*, L50|\n|poke|p1|Chien-Pao, L50|\n|poke|p1|Dragonite, L50, M|\n|poke|p1|Rillaboom, L50, M|\n|poke|p1|Incineroar, L50, M|\n|poke|p2|Calyrex-Shadow, L50|\n|poke|p2|Rillaboom, L50, F|\n|poke|p2|Incineroar, L50, M|\n|poke|p2|Clefairy, L50, F|\n|poke|p2|Miraidon, L50|\n|poke|p2|Smeargle, L50, M|\n|teampreview|4\n|inactive|Battle timer is ON: inactive players will automatically lose when time's up. (requested by natsuki7974)\n|\n|t:|1771677043\n|teamsize|p1|4\n|teamsize|p2|4\n|start\n|switch|p1a: \u8ba9\u4f60\u4eec\u770b\u770b\u672c\u79d1\u751f\u7684\u542b\u91d1\u91cf\ud83d\udc37\ud83d\udc37\ud83d\udc37|Chien-Pao, L50|100/100\n|switch|p1b: \u70ab\u70ab\u70ab\u70ab\u70ab\u70ab\u70ab\u70ab\ud83d\udc36\ud83d\udc36\ud83d\udc36|Zamazenta-Crowned, L50|100/100\n|switch|p2a: Calyrex|Calyrex-Shadow, L50|100/100\n|switch|p2b: Incineroar|Incineroar, L50, M|100/100\n|-ability|p2a: Calyrex|As One\n|-ability|p2a: Calyrex|Unnerve\n|-ability|p1a: \u8ba9\u4f60\u4eec\u770b\u770b\u672c\u79d1\u751f\u7684\u542b\u91d1\u91cf\ud83d\udc37\ud83d\udc37\ud83d\udc37|Sword of Ruin\n|-ability|p1b: \u70ab\u70ab\u70ab\u70ab\u70ab\u70ab\u70ab\u70ab\ud83d\udc36\ud83d\udc36\ud83d\udc36|Dauntless Shield|boost\n|-boost|p1b: \u70ab\u70ab\u70ab\u70ab\u70ab\u70ab\u70ab\u70ab\ud83d\udc36\ud83d\udc36\ud83d\udc36|def|1\n|-ability|p2b: Incineroar|Intimidate|boost\n|-unboost|p1a: \u8ba9\u4f60\u4eec\u770b\u770b\u672c\u79d1\u751f\u7684\u542b\u91d1\u91cf\ud83d\udc37\ud83d\udc37\ud83d\udc37|atk|1\n|-unboost|p1b: \u70ab\u70ab\u70ab\u70ab\u70ab\u70ab\u70ab\u70ab\ud83d\udc36\ud83d\udc36\ud83d\udc36|atk|1\n|turn|1\n|\n|t:|1771677068\n|move|p2b: Incineroar|Fake Out|p1b: \u70ab\u70ab\u70ab\u70ab\u70ab\u70ab\u70ab\u70ab\ud83d\udc36\ud83d\udc36\ud83d\udc36\n|-resisted|p1b: \u70ab\u70ab\u70ab\u70ab\u70ab\u70ab\u70ab\u70ab\ud83d\udc36\ud83d\udc36\ud83d\udc36\n|-damage|p1b: \u70ab\u70ab\u70ab\u70ab\u70ab\u70ab\u70ab\u70ab\ud83d\udc36\ud83d\udc36\ud83d\udc36|98/100\n|move|p1a: \u8ba9\u4f60\u4eec\u770b\u770b\u672c\u79d1\u751f\u7684\u542b\u91d1\u91cf\ud83d\udc37\ud83d\udc37\ud83d\udc37|Icy Wind|p2b: Incineroar|[spread] p2a,p2b\n|-resisted|p2b: Incineroar\n|-damage|p2a: Calyrex|89/100\n|-damage|p2b: Incineroar|95/100\n|-unboost|p2b: Incineroar|spe|1\n|move|p2a: Calyrex|Calm Mind|p2a: Calyrex\n|-boost|p2a: Calyrex|spa|1\n|-boost|p2a: Calyrex|spd|1\n|cant|p1b: \u70ab\u70ab\u70ab\u70ab\u70ab\u70ab\u70ab\u70ab\ud83d\udc36\ud83d\udc36\ud83d\udc36|flinch\n|\n|upkeep\n|turn|2\n|inactive|natsuki7974 has 30 seconds left.\n|inactive|BanKingambit69247 has 30 seconds left.\n|inactive|natsuki7974 has 20 seconds left.\n|inactive|natsuki7974 has 15 seconds left.\n|inactive|natsuki7974 has 10 seconds left.\n|inactive|natsuki7974 has 5 seconds left.\n|\n|t:|1771677120\n|-terastallize|p1a: \u8ba9\u4f60\u4eec\u770b\u770b\u672c\u79d1\u751f\u7684\u542b\u91d1\u91cf\ud83d\udc37\ud83d\udc37\ud83d\udc37|Grass\n|-terastallize|p2b: Incineroar|Grass\n|move|p2a: Calyrex|Protect|p2a: Calyrex\n|-singleturn|p2a: Calyrex|Protect\n|move|p1a: \u8ba9\u4f60\u4eec\u770b\u770b\u672c\u79d1\u751f\u7684\u542b\u91d1\u91cf\ud83d\udc37\ud83d\udc37\ud83d\udc37|Ruination|p2b: Incineroar\n|-damage|p2b: Incineroar|48/100\n|move|p1b: \u70ab\u70ab\u70ab\u70ab\u70ab\u70ab\u70ab\u70ab\ud83d\udc36\ud83d\udc36\ud83d\udc36|Body Press|p2b: Incineroar\n|-damage|p2b: Incineroar|0 fnt\n|-damage|p1b: \u70ab\u70ab\u70ab\u70ab\u70ab\u70ab\u70ab\u70ab\ud83d\udc36\ud83d\udc36\ud83d\udc36|81/100|[from] item: Rocky Helmet|[of] p2b: Incineroar\n|faint|p2b: Incineroar\n|\n|upkeep\n|\n|t:|1771677136\n|switch|p2b: Smeargle|Smeargle, L50, M|100/100\n|turn|3\n|\n|t:|1771677150\n|move|p2b: Smeargle|Follow Me|p2b: Smeargle\n|-singleturn|p2b: Smeargle|move: Follow Me\n|move|p1a: \u8ba9\u4f60\u4eec\u770b\u770b\u672c\u79d1\u751f\u7684\u542b\u91d1\u91cf\ud83d\udc37\ud83d\udc37\ud83d\udc37|Icy Wind|p2a: Calyrex|[spread] p2a,p2b\n|-damage|p2a: Calyrex|83/100\n|-damage|p2b: Smeargle|82/100\n|-unboost|p2b: Smeargle|spe|1\n|move|p2a: Calyrex|Astral Barrage|p1b: \u70ab\u70ab\u70ab\u70ab\u70ab\u70ab\u70ab\u70ab\ud83d\udc36\ud83d\udc36\ud83d\udc36|[spread] p1a,p1b\n|-damage|p1a: \u8ba9\u4f60\u4eec\u770b\u770b\u672c\u79d1\u751f\u7684\u542b\u91d1\u91cf\ud83d\udc37\ud83d\udc37\ud83d\udc37|16/100\n|-damage|p1b: \u70ab\u70ab\u70ab\u70ab\u70ab\u70ab\u70ab\u70ab\ud83d\udc36\ud83d\udc36\ud83d\udc36|27/100\n|move|p1b: \u70ab\u70ab\u70ab\u70ab\u70ab\u70ab\u70ab\u70ab\ud83d\udc36\ud83d\udc36\ud83d\udc36|Heavy Slam|p2b: Smeargle\n|-damage|p2b: Smeargle|0 fnt\n|faint|p2b: Smeargle\n|\n|upkeep\n|\n|t:|1771677166\n|switch|p2b: Miraidon|Miraidon, L50|100/100\n|-fieldstart|move: Electric Terrain|[from] ability: Hadron Engine|[of] p2b: Miraidon\n|turn|4\n|\n|t:|1771677182\n|move|p1b: \u70ab\u70ab\u70ab\u70ab\u70ab\u70ab\u70ab\u70ab\ud83d\udc36\ud83d\udc36\ud83d\udc36|Wide Guard|p1b: \u70ab\u70ab\u70ab\u70ab\u70ab\u70ab\u70ab\u70ab\ud83d\udc36\ud83d\udc36\ud83d\udc36\n|-singleturn|p1b: \u70ab\u70ab\u70ab\u70ab\u70ab\u70ab\u70ab\u70ab\ud83d\udc36\ud83d\udc36\ud83d\udc36|Wide Guard\n|move|p2b: Miraidon|Electro Drift|p1a: \u8ba9\u4f60\u4eec\u770b\u770b\u672c\u79d1\u751f\u7684\u542b\u91d1\u91cf\ud83d\udc37\ud83d\udc37\ud83d\udc37\n|-resisted|p1a: \u8ba9\u4f60\u4eec\u770b\u770b\u672c\u79d1\u751f\u7684\u542b\u91d1\u91cf\ud83d\udc37\ud83d\udc37\ud83d\udc37\n|-damage|p1a: \u8ba9\u4f60\u4eec\u770b\u770b\u672c\u79d1\u751f\u7684\u542b\u91d1\u91cf\ud83d\udc37\ud83d\udc37\ud83d\udc37|0 fnt\n|faint|p1a: \u8ba9\u4f60\u4eec\u770b\u770b\u672c\u79d1\u751f\u7684\u542b\u91d1\u91cf\ud83d\udc37\ud83d\udc37\ud83d\udc37\n|move|p2a: Calyrex|Calm Mind|p2a: Calyrex\n|-boost|p2a: Calyrex|spa|1\n|-boost|p2a: Calyrex|spd|1\n|\n|upkeep\n|\n|t:|1771677190\n|switch|p1a: \u9999\u2642\u8549\u541b|Rillaboom, L50, M|100/100\n|-fieldstart|move: Grassy Terrain|[from] ability: Grassy Surge|[of] p1a: \u9999\u2642\u8549\u541b\n|turn|5\n|\n|t:|1771677201\n|move|p1b: \u70ab\u70ab\u70ab\u70ab\u70ab\u70ab\u70ab\u70ab\ud83d\udc36\ud83d\udc36\ud83d\udc36|Wide Guard|p1b: \u70ab\u70ab\u70ab\u70ab\u70ab\u70ab\u70ab\u70ab\ud83d\udc36\ud83d\udc36\ud83d\udc36\n|-singleturn|p1b: \u70ab\u70ab\u70ab\u70ab\u70ab\u70ab\u70ab\u70ab\ud83d\udc36\ud83d\udc36\ud83d\udc36|Wide Guard\n|move|p2b: Miraidon|Electro Drift|p1a: \u9999\u2642\u8549\u541b\n|-resisted|p1a: \u9999\u2642\u8549\u541b\n|-crit|p1a: \u9999\u2642\u8549\u541b\n|-damage|p1a: \u9999\u2642\u8549\u541b|74/100\n|move|p2a: Calyrex|Draining Kiss|p1b: \u70ab\u70ab\u70ab\u70ab\u70ab\u70ab\u70ab\u70ab\ud83d\udc36\ud83d\udc36\ud83d\udc36\n|-damage|p1b: \u70ab\u70ab\u70ab\u70ab\u70ab\u70ab\u70ab\u70ab\ud83d\udc36\ud83d\udc36\ud83d\udc36|0 fnt\n|-heal|p2a: Calyrex|100/100|[from] drain|[of] p1b: \u70ab\u70ab\u70ab\u70ab\u70ab\u70ab\u70ab\u70ab\ud83d\udc36\ud83d\udc36\ud83d\udc36\n|faint|p1b: \u70ab\u70ab\u70ab\u70ab\u70ab\u70ab\u70ab\u70ab\ud83d\udc36\ud83d\udc36\ud83d\udc36\n|-ability|p2a: Calyrex|Grim Neigh|boost\n|-boost|p2a: Calyrex|spa|1\n|move|p1a: \u9999\u2642\u8549\u541b|Wood Hammer|p2a: Calyrex\n|-damage|p2a: Calyrex|37/100\n|-damage|p1a: \u9999\u2642\u8549\u541b|54/100|[from] Recoil\n|\n|-heal|p2a: Calyrex|44/100|[from] Grassy Terrain\n|-heal|p1a: \u9999\u2642\u8549\u541b|60/100|[from] Grassy Terrain\n|upkeep\n|\n|t:|1771677211\n|switch|p1b: \u90a3\u6211\u7f3a\u7684\u5636\u9e23\u8fd9\u4e00\u5757\u8c01\u7ed9\u6211\u8865\u554a\u267f\u267f\u267f|Calyrex-Shadow, L50|100/100\n|-ability|p1b: \u90a3\u6211\u7f3a\u7684\u5636\u9e23\u8fd9\u4e00\u5757\u8c01\u7ed9\u6211\u8865\u554a\u267f\u267f\u267f|As One\n|-ability|p1b: \u90a3\u6211\u7f3a\u7684\u5636\u9e23\u8fd9\u4e00\u5757\u8c01\u7ed9\u6211\u8865\u554a\u267f\u267f\u267f|Unnerve\n|turn|6\n|\n|t:|1771677228\n|move|p1b: \u90a3\u6211\u7f3a\u7684\u5636\u9e23\u8fd9\u4e00\u5757\u8c01\u7ed9\u6211\u8865\u554a\u267f\u267f\u267f|Protect|p1b: \u90a3\u6211\u7f3a\u7684\u5636\u9e23\u8fd9\u4e00\u5757\u8c01\u7ed9\u6211\u8865\u554a\u267f\u267f\u267f\n|-singleturn|p1b: \u90a3\u6211\u7f3a\u7684\u5636\u9e23\u8fd9\u4e00\u5757\u8c01\u7ed9\u6211\u8865\u554a\u267f\u267f\u267f|Protect\n|move|p2a: Calyrex|Protect|p2a: Calyrex\n|-singleturn|p2a: Calyrex|Protect\n|move|p2b: Miraidon|Electro Drift|p1b: \u90a3\u6211\u7f3a\u7684\u5636\u9e23\u8fd9\u4e00\u5757\u8c01\u7ed9\u6211\u8865\u554a\u267f\u267f\u267f\n|-activate|p1b: \u90a3\u6211\u7f3a\u7684\u5636\u9e23\u8fd9\u4e00\u5757\u8c01\u7ed9\u6211\u8865\u554a\u267f\u267f\u267f|move: Protect\n|move|p1a: \u9999\u2642\u8549\u541b|Wood Hammer|p2a: Calyrex\n|-activate|p2a: Calyrex|move: Protect\n|\n|-heal|p2a: Calyrex|50/100|[from] Grassy Terrain\n|-heal|p1a: \u9999\u2642\u8549\u541b|66/100|[from] Grassy Terrain\n|upkeep\n|turn|7\n|\n|t:|1771677246\n|move|p2a: Calyrex|Protect||[still]\n|-fail|p2a: Calyrex\n|move|p2b: Miraidon|Electro Drift|p1b: \u90a3\u6211\u7f3a\u7684\u5636\u9e23\u8fd9\u4e00\u5757\u8c01\u7ed9\u6211\u8865\u554a\u267f\u267f\u267f\n|-damage|p1b: \u90a3\u6211\u7f3a\u7684\u5636\u9e23\u8fd9\u4e00\u5757\u8c01\u7ed9\u6211\u8865\u554a\u267f\u267f\u267f|48/100\n|move|p1b: \u90a3\u6211\u7f3a\u7684\u5636\u9e23\u8fd9\u4e00\u5757\u8c01\u7ed9\u6211\u8865\u554a\u267f\u267f\u267f|Encore|p2a: Calyrex\n|-start|p2a: Calyrex|Encore\n|move|p1a: \u9999\u2642\u8549\u541b|Wood Hammer|p2a: Calyrex\n|-damage|p2a: Calyrex|0 fnt\n|faint|p2a: Calyrex\n|-damage|p1a: \u9999\u2642\u8549\u541b|50/100|[from] Recoil\n|\n|-heal|p1b: \u90a3\u6211\u7f3a\u7684\u5636\u9e23\u8fd9\u4e00\u5757\u8c01\u7ed9\u6211\u8865\u554a\u267f\u267f\u267f|54/100|[from] Grassy Terrain\n|-heal|p1a: \u9999\u2642\u8549\u541b|56/100|[from] Grassy Terrain\n|upkeep\n|turn|8\n|\n|t:|1771677270\n|move|p1b: \u90a3\u6211\u7f3a\u7684\u5636\u9e23\u8fd9\u4e00\u5757\u8c01\u7ed9\u6211\u8865\u554a\u267f\u267f\u267f|Protect|p1b: \u90a3\u6211\u7f3a\u7684\u5636\u9e23\u8fd9\u4e00\u5757\u8c01\u7ed9\u6211\u8865\u554a\u267f\u267f\u267f\n|-singleturn|p1b: \u90a3\u6211\u7f3a\u7684\u5636\u9e23\u8fd9\u4e00\u5757\u8c01\u7ed9\u6211\u8865\u554a\u267f\u267f\u267f|Protect\n|move|p2b: Miraidon|Electro Drift|p1b: \u90a3\u6211\u7f3a\u7684\u5636\u9e23\u8fd9\u4e00\u5757\u8c01\u7ed9\u6211\u8865\u554a\u267f\u267f\u267f\n|-activate|p1b: \u90a3\u6211\u7f3a\u7684\u5636\u9e23\u8fd9\u4e00\u5757\u8c01\u7ed9\u6211\u8865\u554a\u267f\u267f\u267f|move: Protect\n|move|p1a: \u9999\u2642\u8549\u541b|Wood Hammer|p2b: Miraidon\n|-resisted|p2b: Miraidon\n|-damage|p2b: Miraidon|65/100\n|-damage|p1a: \u9999\u2642\u8549\u541b|46/100|[from] Recoil\n|\n|-heal|p2b: Miraidon|71/100|[from] Grassy Terrain\n|-heal|p1b: \u90a3\u6211\u7f3a\u7684\u5636\u9e23\u8fd9\u4e00\u5757\u8c01\u7ed9\u6211\u8865\u554a\u267f\u267f\u267f|60/100|[from] Grassy Terrain\n|-heal|p1a: \u9999\u2642\u8549\u541b|52/100|[from] Grassy Terrain\n|upkeep\n|turn|9\n|\n|t:|1771677285\n|move|p2b: Miraidon|Electro Drift|p1b: \u90a3\u6211\u7f3a\u7684\u5636\u9e23\u8fd9\u4e00\u5757\u8c01\u7ed9\u6211\u8865\u554a\u267f\u267f\u267f\n|-damage|p1b: \u90a3\u6211\u7f3a\u7684\u5636\u9e23\u8fd9\u4e00\u5757\u8c01\u7ed9\u6211\u8865\u554a\u267f\u267f\u267f|10/100\n|move|p1b: \u90a3\u6211\u7f3a\u7684\u5636\u9e23\u8fd9\u4e00\u5757\u8c01\u7ed9\u6211\u8865\u554a\u267f\u267f\u267f|Astral Barrage|p2b: Miraidon\n|-damage|p2b: Miraidon|11/100\n|move|p1a: \u9999\u2642\u8549\u541b|Wood Hammer|p2b: Miraidon\n|-resisted|p2b: Miraidon\n|-damage|p2b: Miraidon|0 fnt\n|faint|p2b: Miraidon\n|-damage|p1a: \u9999\u2642\u8549\u541b|49/100|[from] Recoil\n|\n|win|BanKingambit69247\n|raw|BanKingambit69247's rating: 1326 &rarr; <strong>1352</strong><br />(+26 for winning)\n|raw|natsuki7974's rating: 1433 &rarr; <strong>1407</strong><br />(-26 for losing)\n","uploadtime":1771677288,"views":15,"formatid":"gen9vgc2026regi","rating":1352,"private":0,"password":null}