{"id":"gen9vgc2026regi-2576338880","format":"[Gen 9] VGC 2026 Reg I","players":["SycrasisEU","jstestng"],"log":"|j|\u2606SycrasisEU\n|j|\u2606jstestng\n|t:|1775458057\n|gametype|doubles\n|player|p1|SycrasisEU|backpacker|1227\n|player|p2|jstestng|170|1218\n|gen|9\n|tier|[Gen 9] VGC 2026 Reg I\n|rated|\n|rule|Species Clause: Limit one of each Pok\u00e9mon\n|rule|Item Clause: Limit 1 of each item\n|clearpoke\n|poke|p1|Koraidon, L50|\n|poke|p1|Brute Bonnet, L50|\n|poke|p1|Lunala, L50|\n|poke|p1|Heatran, L50, M|\n|poke|p1|Indeedee-F, L50, F|\n|poke|p1|Slither Wing, L50|\n|poke|p2|Calyrex-Shadow, L50|\n|poke|p2|Koraidon, L50|\n|poke|p2|Rillaboom, L50, F|\n|poke|p2|Incineroar, L50, M|\n|poke|p2|Volcarona, L50, M|\n|poke|p2|Regieleki, L50|\n|teampreview|4\n|inactive|Battle timer is ON: inactive players will automatically lose when time's up. (requested by jstestng)\n|inactive|jstestng has 60 seconds left.\n|\n|t:|1775458092\n|teamsize|p1|4\n|teamsize|p2|4\n|start\n|switch|p1a: Koraidon|Koraidon, L50, shiny|100/100\n|switch|p1b: Brute Bonnet|Brute Bonnet, L50|100/100\n|switch|p2a: Koraidon|Koraidon, L50|100/100\n|switch|p2b: Incineroar|Incineroar, L50, M|100/100\n|-weather|SunnyDay|[from] ability: Orichalcum Pulse|[of] p1a: Koraidon\n|-activate|p1b: Brute Bonnet|ability: Protosynthesis\n|-start|p1b: Brute Bonnet|protosynthesisspd\n|-activate|p1a: Koraidon|Orichalcum Pulse|[source]\n|-activate|p2a: Koraidon|ability: Orichalcum Pulse\n|-ability|p2b: Incineroar|Intimidate|boost\n|-fail|p1a: Koraidon|unboost|[from] item: Clear Amulet|[of] p1a: Koraidon\n|-unboost|p1b: Brute Bonnet|atk|1\n|turn|1\n|\n|t:|1775458117\n|switch|p1a: Indeedee|Indeedee-F, L50, F|100/100\n|-fieldstart|move: Psychic Terrain|[from] ability: Psychic Surge|[of] p1a: Indeedee\n|switch|p2b: Calyrex|Calyrex-Shadow, L50|100/100\n|-ability|p2b: Calyrex|As One\n|-ability|p2b: Calyrex|Unnerve\n|-terastallize|p1b: Brute Bonnet|Fire\n|move|p2a: Koraidon|Collision Course|p1b: Brute Bonnet\n|-damage|p1b: Brute Bonnet|41/100\n|move|p1b: Brute Bonnet|Spore|p2a: Koraidon\n|-status|p2a: Koraidon|slp|[from] move: Spore\n|\n|-weather|SunnyDay|[upkeep]\n|upkeep\n|turn|2\n|inactive|SycrasisEU has 30 seconds left.\n|inactive|SycrasisEU has 20 seconds left.\n|inactive|SycrasisEU has 15 seconds left.\n|inactive|SycrasisEU has 10 seconds left.\n|inactive|SycrasisEU has 5 seconds left.\n|\n|t:|1775458168\n|switch|p2a: Incineroar|Incineroar, L50, M|100/100\n|-ability|p2a: Incineroar|Intimidate|boost\n|-unboost|p1a: Indeedee|atk|1\n|-unboost|p1b: Brute Bonnet|atk|1\n|move|p1a: Indeedee|Protect|p1a: Indeedee\n|-singleturn|p1a: Indeedee|Protect\n|move|p2b: Calyrex|Astral Barrage|p1a: Indeedee|[spread] p1b\n|-activate|p1a: Indeedee|move: Protect\n|-damage|p1b: Brute Bonnet|12/100\n|-damage|p2b: Calyrex|91/100|[from] item: Life Orb\n|move|p1b: Brute Bonnet|Spore|p2b: Calyrex\n|-status|p2b: Calyrex|slp|[from] move: Spore\n|\n|-weather|SunnyDay|[upkeep]\n|upkeep\n|turn|3\n|inactive|SycrasisEU has 30 seconds left.\n|inactive|SycrasisEU has 20 seconds left.\n|inactive|SycrasisEU has 15 seconds left.\n|inactive|jstestng has 30 seconds left.\n|inactive|SycrasisEU has 10 seconds left.\n|\n|t:|1775458218\n|switch|p1a: Koraidon|Koraidon, L50, shiny|100/100\n|-activate|p1a: Koraidon|ability: Orichalcum Pulse\n|cant|p2b: Calyrex|slp\n|move|p1b: Brute Bonnet|Protect|p1b: Brute Bonnet\n|-singleturn|p1b: Brute Bonnet|Protect\n|move|p2a: Incineroar|Parting Shot|p1b: Brute Bonnet\n|-activate|p1b: Brute Bonnet|move: Protect\n|\n|-weather|SunnyDay|[upkeep]\n|upkeep\n|turn|4\n|inactive|SycrasisEU has 30 seconds left.\n|inactive|SycrasisEU has 20 seconds left.\n|\n|t:|1775458257\n|switch|p2a: Koraidon|Koraidon, L50|100/100 slp\n|-activate|p2a: Koraidon|ability: Orichalcum Pulse\n|-end|p1b: Brute Bonnet|Protosynthesis|[silent]\n|switch|p1b: Lunala|Lunala, L50|100/100\n|cant|p2b: Calyrex|slp\n|move|p1a: Koraidon|Flame Charge|p2b: Calyrex\n|-damage|p2b: Calyrex|54/100 slp\n|-boost|p1a: Koraidon|spe|1\n|\n|-weather|SunnyDay|[upkeep]\n|upkeep\n|turn|5\n|inactive|SycrasisEU has 30 seconds left.\n|inactive|jstestng has 30 seconds left.\n|\n|t:|1775458285\n|-terastallize|p2a: Koraidon|Fire\n|-curestatus|p2b: Calyrex|slp|[msg]\n|move|p2b: Calyrex|Protect|p2b: Calyrex\n|-singleturn|p2b: Calyrex|Protect\n|move|p1a: Koraidon|Flare Blitz|p2b: Calyrex\n|-activate|p2b: Calyrex|move: Protect\n|cant|p2a: Koraidon|slp\n|move|p1b: Lunala|Moonblast|p2a: Koraidon\n|-resisted|p2a: Koraidon\n|-damage|p2a: Koraidon|83/100 slp\n|\n|-weather|none\n|-fieldend|move: Psychic Terrain\n|upkeep\n|turn|6\n|inactive|SycrasisEU has 30 seconds left.\n|inactive|SycrasisEU has 20 seconds left.\n|inactive|SycrasisEU has 15 seconds left.\n|inactive|SycrasisEU has 10 seconds left.\n|\n|t:|1775458331\n|switch|p2b: Incineroar|Incineroar, L50, M|100/100\n|-ability|p2b: Incineroar|Intimidate|boost\n|-fail|p1a: Koraidon|unboost|[from] item: Clear Amulet|[of] p1a: Koraidon\n|-unboost|p1b: Lunala|atk|1\n|move|p1a: Koraidon|Flare Blitz|p2b: Incineroar\n|-resisted|p2b: Incineroar\n|-damage|p2b: Incineroar|83/100\n|-damage|p1a: Koraidon|94/100|[from] Recoil\n|cant|p2a: Koraidon|slp\n|move|p1b: Lunala|Moongeist Beam|p2a: Koraidon\n|-damage|p2a: Koraidon|33/100 slp\n|\n|upkeep\n|turn|7\n|\n|t:|1775458348\n|switch|p1b: Indeedee|Indeedee-F, L50, F|100/100\n|-fieldstart|move: Psychic Terrain|[from] ability: Psychic Surge|[of] p1b: Indeedee\n|switch|p2b: Calyrex|Calyrex-Shadow, L50|54/100\n|-ability|p2b: Calyrex|As One\n|-ability|p2b: Calyrex|Unnerve\n|move|p1a: Koraidon|Collision Course|p2b: Calyrex\n|-immune|p2b: Calyrex\n|-curestatus|p2a: Koraidon|slp|[msg]\n|move|p2a: Koraidon|Flame Charge|p1b: Indeedee\n|-damage|p1b: Indeedee|67/100\n|-boost|p2a: Koraidon|spe|1\n|-damage|p2a: Koraidon|17/100|[from] item: Rocky Helmet|[of] p1b: Indeedee\n|\n|upkeep\n|turn|8\n|inactive|SycrasisEU has 30 seconds left.\n|\n|t:|1775458375\n|switch|p1b: Brute Bonnet|Brute Bonnet, L50, tera:Fire|12/100\n|move|p1a: Koraidon|Collision Course|p2a: Koraidon\n|-damage|p2a: Koraidon|0 fnt\n|faint|p2a: Koraidon\n|move|p2b: Calyrex|Astral Barrage|p1a: Koraidon|[spread] p1a,p1b\n|-damage|p1a: Koraidon|32/100\n|-damage|p1b: Brute Bonnet|0 fnt\n|faint|p1b: Brute Bonnet\n|-end|p1b: Brute Bonnet|Protosynthesis|[silent]\n|-ability|p2b: Calyrex|Grim Neigh|boost\n|-boost|p2b: Calyrex|spa|1\n|-damage|p2b: Calyrex|45/100|[from] item: Life Orb\n|\n|upkeep\n|\n|t:|1775458390\n|switch|p2a: Rillaboom|Rillaboom, L50, F|100/100\n|switch|p1b: Lunala|Lunala, L50|100/100\n|-fieldstart|move: Grassy Terrain|[from] ability: Grassy Surge|[of] p2a: Rillaboom\n|turn|9\n|\n|t:|1775458406\n|switch|p1b: Indeedee|Indeedee-F, L50, F|67/100\n|-fieldstart|move: Psychic Terrain|[from] ability: Psychic Surge|[of] p1b: Indeedee\n|move|p2b: Calyrex|Protect|p2b: Calyrex\n|-singleturn|p2b: Calyrex|Protect\n|move|p1a: Koraidon|Flare Blitz|p2b: Calyrex\n|-activate|p2b: Calyrex|move: Protect\n|move|p2a: Rillaboom|U-turn|p1b: Indeedee\n|-supereffective|p1b: Indeedee\n|-damage|p1b: Indeedee|27/100\n|-damage|p2a: Rillaboom|84/100|[from] item: Rocky Helmet|[of] p1b: Indeedee\n|\n|t:|1775458418\n|switch|p2a: Incineroar|Incineroar, L50, M|83/100|[from] U-turn\n|-ability|p2a: Incineroar|Intimidate|boost\n|-fail|p1a: Koraidon|unboost|[from] item: Clear Amulet|[of] p1a: Koraidon\n|-unboost|p1b: Indeedee|atk|1\n|\n|upkeep\n|turn|10\n|\n|t:|1775458439\n|switch|p2b: Rillaboom|Rillaboom, L50, F|84/100\n|-fieldstart|move: Grassy Terrain|[from] ability: Grassy Surge|[of] p2b: Rillaboom\n|move|p2a: Incineroar|Fake Out|p1a: Koraidon\n|-damage|p1a: Koraidon|22/100\n|move|p1b: Indeedee|Follow Me|p1b: Indeedee\n|-singleturn|p1b: Indeedee|move: Follow Me\n|cant|p1a: Koraidon|flinch\n|\n|-heal|p1a: Koraidon|28/100|[from] Grassy Terrain\n|-heal|p2b: Rillaboom|90/100|[from] Grassy Terrain\n|-heal|p1b: Indeedee|33/100|[from] Grassy Terrain\n|-heal|p2a: Incineroar|89/100|[from] Grassy Terrain\n|upkeep\n|turn|11\n|\n|t:|1775458454\n|move|p1a: Koraidon|Protect|p1a: Koraidon\n|-singleturn|p1a: Koraidon|Protect\n|move|p1b: Indeedee|Protect|p1b: Indeedee\n|-singleturn|p1b: Indeedee|Protect\n|move|p2b: Rillaboom|Fake Out|p1a: Koraidon\n|-activate|p1a: Koraidon|move: Protect\n|move|p2a: Incineroar|Parting Shot|p1b: Indeedee\n|-activate|p1b: Indeedee|move: Protect\n|\n|-heal|p1a: Koraidon|34/100|[from] Grassy Terrain\n|-heal|p1b: Indeedee|39/100|[from] Grassy Terrain\n|-heal|p2b: Rillaboom|96/100|[from] Grassy Terrain\n|-heal|p2a: Incineroar|95/100|[from] Grassy Terrain\n|upkeep\n|turn|12\n|inactive|SycrasisEU has 30 seconds left.\n|\n|t:|1775458479\n|move|p1b: Indeedee|Follow Me|p1b: Indeedee\n|-singleturn|p1b: Indeedee|move: Follow Me\n|move|p1a: Koraidon|Flare Blitz|p2b: Rillaboom\n|-supereffective|p2b: Rillaboom\n|-damage|p2b: Rillaboom|19/100\n|-damage|p1a: Koraidon|4/100|[from] Recoil\n|move|p2b: Rillaboom|Wood Hammer|p1b: Indeedee\n|-damage|p1b: Indeedee|0 fnt\n|-damage|p2b: Rillaboom|2/100|[from] item: Rocky Helmet|[of] p1b: Indeedee\n|faint|p1b: Indeedee\n|-damage|p2b: Rillaboom|0 fnt|[from] Recoil\n|faint|p2b: Rillaboom\n|move|p2a: Incineroar|Knock Off|p1a: Koraidon\n|-resisted|p1a: Koraidon\n|-damage|p1a: Koraidon|0 fnt\n|-enditem|p1a: Koraidon|Clear Amulet|[from] move: Knock Off|[of] p2a: Incineroar\n|faint|p1a: Koraidon\n|\n|-heal|p2a: Incineroar|100/100|[from] Grassy Terrain\n|upkeep\n|-message|SycrasisEU forfeited.\n|\n|win|jstestng\n|raw|SycrasisEU's rating: 1227 &rarr; <strong>1201</strong><br />(-26 for losing)\n|raw|jstestng's rating: 1218 &rarr; <strong>1244</strong><br />(+26 for winning)\n|l|\u2606SycrasisEU\n|player|p1|\n","uploadtime":1775458497,"views":13,"formatid":"gen9vgc2026regi","rating":1201,"private":0,"password":null}