{"id":"gen9vgc2026regi-2572104123","format":"[Gen 9] VGC 2026 Reg I","players":["DBWaffles","Harry Koekenpan"],"log":"|j|\u2606DBWaffles\n|j|\u2606Harry Koekenpan\n|t:|1774988392\n|gametype|doubles\n|player|p1|DBWaffles|swimmer-gen4dp|1423\n|player|p2|Harry Koekenpan|265|1359\n|gen|9\n|tier|[Gen 9] VGC 2026 Reg I\n|rated|\n|rule|Species Clause: Limit one of each Pok\u00e9mon\n|rule|Item Clause: Limit 1 of each item\n|clearpoke\n|poke|p1|Ho-Oh, L50|\n|poke|p1|Miraidon, L50|\n|poke|p1|Incineroar, L50, M|\n|poke|p1|Landorus-Therian, L50, M|\n|poke|p1|Ogerpon-Wellspring, L50, F|\n|poke|p1|Iron Jugulis, L50|\n|poke|p2|Dondozo, L50, M|\n|poke|p2|Tatsugiri-Droopy, L50, F|\n|poke|p2|Weezing-Galar, L50, M|\n|poke|p2|Calyrex-Shadow, L50|\n|poke|p2|Brute Bonnet, L50|\n|poke|p2|Koraidon, L50|\n|teampreview|4\n|inactive|Battle timer is ON: inactive players will automatically lose when time's up. (requested by DBWaffles)\n|\n|t:|1774988413\n|teamsize|p1|4\n|teamsize|p2|4\n|start\n|switch|p1a: Ho-Oh|Ho-Oh, L50|100/100\n|switch|p1b: Incineroar|Incineroar, L50, M|100/100\n|switch|p2a: Weezing|Weezing-Galar, L50, M|100/100\n|switch|p2b: Koraidon|Koraidon, L50|100/100\n|-ability|p2a: Weezing|Neutralizing Gas\n|-block|p2b: Koraidon|item: Ability Shield\n|-weather|SunnyDay|[from] ability: Orichalcum Pulse|[of] p2b: Koraidon\n|-activate|p2b: Koraidon|Orichalcum Pulse|[source]\n|turn|1\n|\n|t:|1774988422\n|move|p2b: Koraidon|Protect|p2b: Koraidon\n|-singleturn|p2b: Koraidon|Protect\n|move|p1b: Incineroar|Fake Out|p2b: Koraidon\n|-activate|p2b: Koraidon|move: Protect\n|move|p1a: Ho-Oh|Sacred Fire|p2a: Weezing\n|-damage|p2a: Weezing|27/100\n|move|p2a: Weezing|Poison Gas|p1b: Incineroar|[spread] p1a,p1b\n|-status|p1a: Ho-Oh|psn\n|-status|p1b: Incineroar|psn\n|\n|-weather|SunnyDay|[upkeep]\n|-damage|p1a: Ho-Oh|88/100 psn|[from] psn\n|-damage|p1b: Incineroar|88/100 psn|[from] psn\n|upkeep\n|turn|2\n|\n|t:|1774988446\n|switch|p1b: Landorus|Landorus-Therian, L50, M|100/100\n|move|p2b: Koraidon|Collision Course|p1b: Landorus\n|-resisted|p1b: Landorus\n|-damage|p1b: Landorus|61/100\n|move|p1a: Ho-Oh|Brave Bird|p2a: Weezing\n|-damage|p2a: Weezing|0 fnt\n|faint|p2a: Weezing\n|-end|p2a: Weezing|ability: Neutralizing Gas\n|-ability|p1b: Landorus|Intimidate|boost\n|-unboost|p2b: Koraidon|atk|1\n|-damage|p1a: Ho-Oh|81/100 psn|[from] Recoil\n|\n|-weather|SunnyDay|[upkeep]\n|-heal|p1a: Ho-Oh|87/100 psn|[from] item: Leftovers\n|-damage|p1a: Ho-Oh|75/100 psn|[from] psn\n|upkeep\n|\n|t:|1774988457\n|switch|p2a: Calyrex|Calyrex-Shadow, L50|100/100\n|-ability|p2a: Calyrex|As One\n|-ability|p2a: Calyrex|Unnerve\n|turn|3\n|\n|t:|1774988477\n|switch|p1b: Incineroar|Incineroar, L50, M|88/100 psn\n|-ability|p1b: Incineroar|Intimidate|boost\n|-unboost|p2a: Calyrex|atk|1\n|-unboost|p2b: Koraidon|atk|1\n|move|p2a: Calyrex|Astral Barrage|p1b: Incineroar|[spread] p1a,p1b\n|-resisted|p1b: Incineroar\n|-damage|p1a: Ho-Oh|31/100 psn\n|-damage|p1b: Incineroar|63/100 psn\n|-damage|p2a: Calyrex|91/100|[from] item: Life Orb\n|move|p2b: Koraidon|Collision Course|p1b: Incineroar\n|-supereffective|p1b: Incineroar\n|-damage|p1b: Incineroar|0 fnt\n|faint|p1b: Incineroar\n|move|p1a: Ho-Oh|Sacred Fire|p2a: Calyrex\n|-crit|p2a: Calyrex\n|-damage|p2a: Calyrex|0 fnt\n|faint|p2a: Calyrex\n|\n|-weather|SunnyDay|[upkeep]\n|-heal|p1a: Ho-Oh|37/100 psn|[from] item: Leftovers\n|-damage|p1a: Ho-Oh|24/100 psn|[from] psn\n|upkeep\n|\n|t:|1774988498\n|switch|p2a: Brute Bonnet|Brute Bonnet, L50|100/100\n|switch|p1b: Landorus|Landorus-Therian, L50, M|61/100\n|-ability|p1b: Landorus|Intimidate|boost\n|-unboost|p2a: Brute Bonnet|atk|1\n|-unboost|p2b: Koraidon|atk|1\n|-activate|p2a: Brute Bonnet|ability: Protosynthesis\n|-start|p2a: Brute Bonnet|protosynthesisdef\n|turn|4\n|\n|t:|1774988520\n|switch|p1a: Miraidon|Miraidon, L50|100/100\n|-fieldstart|move: Electric Terrain|[from] ability: Hadron Engine|[of] p1a: Miraidon\n|move|p2a: Brute Bonnet|Sucker Punch||[still]\n|-fail|p2a: Brute Bonnet\n|move|p2b: Koraidon|Flame Charge|p1a: Miraidon\n|-resisted|p1a: Miraidon\n|-damage|p1a: Miraidon|93/100\n|-boost|p2b: Koraidon|spe|1\n|move|p1b: Landorus|U-turn|p2a: Brute Bonnet\n|-supereffective|p2a: Brute Bonnet\n|-damage|p2a: Brute Bonnet|45/100\n|\n|t:|1774988530\n|switch|p1b: Ho-Oh|Ho-Oh, L50|58/100 psn|[from] U-turn\n|\n|-weather|SunnyDay|[upkeep]\n|-heal|p1b: Ho-Oh|64/100 psn|[from] item: Leftovers\n|-damage|p1b: Ho-Oh|52/100 psn|[from] psn\n|upkeep\n|turn|5\n|\n|t:|1774988545\n|switch|p1b: Landorus|Landorus-Therian, L50, M|61/100\n|-ability|p1b: Landorus|Intimidate|boost\n|-unboost|p2a: Brute Bonnet|atk|1\n|-unboost|p2b: Koraidon|atk|1\n|-terastallize|p2b: Koraidon|Fire\n|-terastallize|p1a: Miraidon|Fairy\n|move|p2a: Brute Bonnet|Sucker Punch|p1a: Miraidon\n|-resisted|p1a: Miraidon\n|-damage|p1a: Miraidon|85/100\n|move|p2b: Koraidon|Flare Blitz|p1a: Miraidon\n|-damage|p1a: Miraidon|39/100\n|-damage|p2b: Koraidon|85/100|[from] Recoil\n|move|p1a: Miraidon|Dazzling Gleam|p2a: Brute Bonnet|[spread] p2a,p2b\n|-supereffective|p2a: Brute Bonnet\n|-resisted|p2b: Koraidon\n|-damage|p2a: Brute Bonnet|0 fnt\n|-damage|p2b: Koraidon|56/100\n|faint|p2a: Brute Bonnet\n|-end|p2a: Brute Bonnet|Protosynthesis|[silent]\n|\n|-weather|none\n|upkeep\n|turn|6\n|\n|t:|1774988566\n|switch|p1a: Ho-Oh|Ho-Oh, L50|85/100 psn\n|move|p2b: Koraidon|Flare Blitz|p1a: Ho-Oh\n|-resisted|p1a: Ho-Oh\n|-crit|p1a: Ho-Oh\n|-damage|p1a: Ho-Oh|35/100 psn\n|-damage|p2b: Koraidon|36/100|[from] Recoil\n|move|p1b: Landorus|U-turn|p2b: Koraidon\n|-resisted|p2b: Koraidon\n|-damage|p2b: Koraidon|23/100\n|\n|t:|1774988575\n|switch|p1b: Miraidon|Miraidon, L50, tera:Fairy|39/100|[from] U-turn\n|-activate|p1b: Miraidon|ability: Hadron Engine\n|\n|-heal|p1a: Ho-Oh|41/100 psn|[from] item: Leftovers\n|-damage|p1a: Ho-Oh|29/100 psn|[from] psn\n|upkeep\n|turn|7\n|\n|t:|1774988578\n|switch|p1a: Landorus|Landorus-Therian, L50, M|61/100\n|-ability|p1a: Landorus|Intimidate|boost\n|-unboost|p2b: Koraidon|atk|1\n|move|p2b: Koraidon|Protect|p2b: Koraidon\n|-singleturn|p2b: Koraidon|Protect\n|move|p1b: Miraidon|Volt Switch|p2b: Koraidon\n|-activate|p2b: Koraidon|move: Protect\n|\n|upkeep\n|turn|8\n|\n|t:|1774988588\n|move|p2b: Koraidon|Flare Blitz|p1b: Miraidon\n|-damage|p1b: Miraidon|20/100\n|-damage|p2b: Koraidon|16/100|[from] Recoil\n|move|p1b: Miraidon|Volt Switch|p2b: Koraidon\n|-damage|p2b: Koraidon|0 fnt\n|faint|p2b: Koraidon\n|\n|win|DBWaffles\n|raw|DBWaffles's rating: 1423 &rarr; <strong>1439</strong><br />(+16 for winning)\n|raw|Harry Koekenpan's rating: 1359 &rarr; <strong>1343</strong><br />(-16 for losing)\n|l|\u2606DBWaffles\n|player|p1|\n|l|\u2606Harry Koekenpan\n|player|p2|\n","uploadtime":1774988735,"views":10,"formatid":"gen9vgc2026regi","rating":1343,"private":0,"password":null}