{"id":"gen9vgc2026regi-2567213161","format":"[Gen 9] VGC 2026 Reg I","players":["shecallmedada","FlamingDome"],"log":"|j|\u2606shecallmedada\n|j|\u2606FlamingDome\n|t:|1774457750\n|gametype|doubles\n|player|p1|shecallmedada|burglar-gen1rb|1348\n|player|p2|FlamingDome|169|1372\n|gen|9\n|tier|[Gen 9] VGC 2026 Reg I\n|rated|\n|rule|Species Clause: Limit one of each Pok\u00e9mon\n|rule|Item Clause: Limit 1 of each item\n|clearpoke\n|poke|p1|Dondozo, L50, M|\n|poke|p1|Calyrex-Ice, L50|\n|poke|p1|Miraidon, L50|\n|poke|p1|Tatsugiri-Droopy, L50, M|\n|poke|p1|Weezing, L50, F|\n|poke|p1|Landorus, L50, M|\n|poke|p2|Calyrex-Ice, L50|\n|poke|p2|Kyogre, L50|\n|poke|p2|Rillaboom, L50, M|\n|poke|p2|Landorus, L50, M|\n|poke|p2|Smeargle, L50, M|\n|poke|p2|Iron Jugulis, L50|\n|teampreview|4\n|inactive|Battle timer is ON: inactive players will automatically lose when time's up. (requested by shecallmedada)\n|\n|t:|1774457788\n|teamsize|p1|4\n|teamsize|p2|4\n|start\n|switch|p1a: Goobnut|Weezing, L50, F|100/100\n|switch|p1b: Ao Shin|Miraidon, L50|100/100\n|switch|p2a: Kyogre|Kyogre, L50|100/100\n|switch|p2b: Smeargle|Smeargle, L50, M|100/100\n|-ability|p1a: Goobnut|Neutralizing Gas\n|-block|p1b: Ao Shin|item: Ability Shield\n|-fieldstart|move: Electric Terrain|[from] ability: Hadron Engine|[of] p1b: Ao Shin\n|turn|1\n|\n|t:|1774457811\n|move|p1b: Ao Shin|Protect|p1b: Ao Shin\n|-singleturn|p1b: Ao Shin|Protect\n|move|p1a: Goobnut|Protect|p1a: Goobnut\n|-singleturn|p1a: Goobnut|Protect\n|move|p2b: Smeargle|Fake Out|p1b: Ao Shin\n|-activate|p1b: Ao Shin|move: Protect\n|move|p2a: Kyogre|Water Spout|p1a: Goobnut|[spread] \n|-activate|p1a: Goobnut|move: Protect\n|-activate|p1b: Ao Shin|move: Protect\n|\n|upkeep\n|turn|2\n|inactive|FlamingDome has 30 seconds left.\n|\n|t:|1774457839\n|-terastallize|p2a: Kyogre|Grass\n|move|p1b: Ao Shin|Electro Drift|p2a: Kyogre\n|-resisted|p2a: Kyogre\n|-damage|p2a: Kyogre|72/100\n|move|p2b: Smeargle|Decorate|p2a: Kyogre\n|-boost|p2a: Kyogre|atk|2\n|-boost|p2a: Kyogre|spa|2\n|move|p2a: Kyogre|Origin Pulse|p1b: Ao Shin|[spread] p1a,p1b\n|-resisted|p1b: Ao Shin\n|-damage|p1a: Goobnut|0 fnt\n|-damage|p1b: Ao Shin|46/100\n|faint|p1a: Goobnut\n|-end|p1a: Goobnut|ability: Neutralizing Gas\n|-weather|RainDance|[from] ability: Drizzle|[of] p2a: Kyogre\n|\n|-weather|RainDance|[upkeep]\n|-ability|p2b: Smeargle|Moody|boost\n|-boost|p2b: Smeargle|spe|2\n|-unboost|p2b: Smeargle|spd|1\n|upkeep\n|\n|t:|1774457854\n|switch|p1a: Sheist|Dondozo, L50, M|100/100\n|turn|3\n|\n|t:|1774457870\n|switch|p2a: Rillaboom|Rillaboom, L50, M|100/100\n|-fieldstart|move: Grassy Terrain|[from] ability: Grassy Surge|[of] p2a: Rillaboom\n|move|p2b: Smeargle|Spore|p1a: Sheist\n|-status|p1a: Sheist|slp|[from] move: Spore\n|move|p1b: Ao Shin|Volt Switch|p2b: Smeargle\n|-enditem|p2b: Smeargle|Focus Sash\n|-damage|p2b: Smeargle|1/100\n|\n|t:|1774457880\n|switch|p1b: Raw|Tatsugiri-Droopy, L50, M|100/100|[from] Volt Switch\n|-activate|p1b: Raw|ability: Commander|[of] p1a: Sheist\n|-boost|p1a: Sheist|atk|2\n|-boost|p1a: Sheist|spa|2\n|-boost|p1a: Sheist|spe|2\n|-boost|p1a: Sheist|def|2\n|-boost|p1a: Sheist|spd|2\n|cant|p1a: Sheist|slp\n|\n|-weather|RainDance|[upkeep]\n|-heal|p2b: Smeargle|7/100|[from] Grassy Terrain\n|-ability|p2b: Smeargle|Moody|boost\n|-boost|p2b: Smeargle|spd|2\n|-unboost|p2b: Smeargle|spe|1\n|upkeep\n|turn|4\n|\n|t:|1774457900\n|-terastallize|p1a: Sheist|Grass\n|move|p2b: Smeargle|Decorate|p2a: Rillaboom\n|-boost|p2a: Rillaboom|atk|2\n|-boost|p2a: Rillaboom|spa|2\n|-curestatus|p1a: Sheist|slp|[msg]\n|move|p1a: Sheist|Order Up|p2b: Smeargle\n|-damage|p2b: Smeargle|0 fnt\n|faint|p2b: Smeargle\n|-boost|p1a: Sheist|def|1\n|move|p2a: Rillaboom|Wood Hammer|p1a: Sheist\n|-resisted|p1a: Sheist\n|-crit|p1a: Sheist\n|-damage|p1a: Sheist|64/100\n|-damage|p2a: Rillaboom|86/100|[from] Recoil\n|\n|-weather|RainDance|[upkeep]\n|-heal|p1a: Sheist|70/100|[from] Grassy Terrain\n|-heal|p1a: Sheist|76/100|[from] item: Leftovers\n|-heal|p2a: Rillaboom|92/100|[from] Grassy Terrain\n|upkeep\n|\n|t:|1774457924\n|switch|p2b: Calyrex|Calyrex-Ice, L50|100/100\n|-ability|p2b: Calyrex|As One\n|-ability|p2b: Calyrex|Unnerve\n|turn|5\n|\n|t:|1774457935\n|move|p1a: Sheist|Protect|p1a: Sheist\n|-singleturn|p1a: Sheist|Protect\n|move|p2a: Rillaboom|U-turn|p1a: Sheist\n|-activate|p1a: Sheist|move: Protect\n|move|p2b: Calyrex|Glacial Lance|p1b: Raw|[spread] \n|-miss|p2b: Calyrex|p1b: Raw\n|-activate|p1a: Sheist|move: Protect\n|\n|-weather|RainDance|[upkeep]\n|-heal|p1a: Sheist|83/100|[from] Grassy Terrain\n|-heal|p1a: Sheist|89/100|[from] item: Leftovers\n|-heal|p2a: Rillaboom|98/100|[from] Grassy Terrain\n|upkeep\n|turn|6\n|c|\u2606shecallmedada|bro just clcik a move\n|c|\u2606shecallmedada|its not that hard\n|inactive|FlamingDome has 30 seconds left.\n|c|\u2606shecallmedada|glacial uturn lets go\n|c|\u2606FlamingDome|tf?\n|\n|t:|1774457967\n|move|p1a: Sheist|Order Up|p2b: Calyrex\n|-damage|p2b: Calyrex|80/100\n|-boost|p1a: Sheist|def|1\n|move|p2a: Rillaboom|U-turn|p1a: Sheist\n|-supereffective|p1a: Sheist\n|-damage|p1a: Sheist|77/100\n|c|\u2606shecallmedada|u heard me\n|\n|t:|1774457974\n|switch|p2a: Kyogre|Kyogre, L50, tera:Grass|72/100|[from] U-turn\n|move|p2b: Calyrex|Trick Room|p2b: Calyrex\n|-fieldstart|move: Trick Room|[of] p2b: Calyrex\n|\n|-weather|none\n|-heal|p2b: Calyrex|86/100|[from] Grassy Terrain\n|-heal|p2b: Calyrex|91/100|[from] item: Leftovers\n|-heal|p2a: Kyogre|79/100|[from] Grassy Terrain\n|-heal|p1a: Sheist|83/100|[from] Grassy Terrain\n|-heal|p1a: Sheist|90/100|[from] item: Leftovers\n|upkeep\n|turn|7\n|c|\u2606FlamingDome|I am clicking moves\n|\n|t:|1774457993\n|switch|p2a: Rillaboom|Rillaboom, L50, M|98/100\n|move|p1a: Sheist|Protect|p1a: Sheist\n|-singleturn|p1a: Sheist|Protect\n|move|p2b: Calyrex|Glacial Lance|p1b: Raw|[spread] \n|-miss|p2b: Calyrex|p1b: Raw\n|-activate|p1a: Sheist|move: Protect\n|\n|-heal|p2b: Calyrex|97/100|[from] Grassy Terrain\n|-heal|p2b: Calyrex|100/100|[from] item: Leftovers\n|-heal|p2a: Rillaboom|100/100|[from] Grassy Terrain\n|-heal|p1a: Sheist|96/100|[from] Grassy Terrain\n|-heal|p1a: Sheist|100/100|[from] item: Leftovers\n|-fieldend|move: Grassy Terrain\n|upkeep\n|turn|8\n|\n|t:|1774458008\n|move|p2a: Rillaboom|Fake Out|p1a: Sheist\n|-damage|p1a: Sheist|98/100\n|move|p2b: Calyrex|Glacial Lance|p1b: Raw|[spread] p1a\n|-miss|p2b: Calyrex|p1b: Raw\n|-supereffective|p1a: Sheist\n|-damage|p1a: Sheist|72/100\n|cant|p1a: Sheist|flinch\n|\n|-heal|p1a: Sheist|78/100|[from] item: Leftovers\n|upkeep\n|turn|9\n|\n|t:|1774458022\n|move|p1a: Sheist|Protect|p1a: Sheist\n|-singleturn|p1a: Sheist|Protect\n|move|p2b: Calyrex|Glacial Lance|p1a: Sheist|[spread] \n|-miss|p2b: Calyrex|p1b: Raw\n|-activate|p1a: Sheist|move: Protect\n|move|p2a: Rillaboom|U-turn|p1a: Sheist\n|-activate|p1a: Sheist|move: Protect\n|\n|-heal|p1a: Sheist|84/100|[from] item: Leftovers\n|upkeep\n|turn|10\n|\n|t:|1774458029\n|move|p2b: Calyrex|Glacial Lance|p1b: Raw|[spread] p1a\n|-miss|p2b: Calyrex|p1b: Raw\n|-supereffective|p1a: Sheist\n|-damage|p1a: Sheist|61/100\n|move|p2a: Rillaboom|U-turn|p1a: Sheist\n|-supereffective|p1a: Sheist\n|-damage|p1a: Sheist|50/100\n|\n|t:|1774458037\n|switch|p2a: Kyogre|Kyogre, L50, tera:Grass|79/100|[from] U-turn\n|-weather|RainDance|[from] ability: Drizzle|[of] p2a: Kyogre\n|move|p1a: Sheist|Order Up|p2b: Calyrex\n|-damage|p2b: Calyrex|77/100\n|-boost|p1a: Sheist|def|1\n|\n|-weather|RainDance|[upkeep]\n|-heal|p2b: Calyrex|83/100|[from] item: Leftovers\n|-heal|p1a: Sheist|57/100|[from] item: Leftovers\n|-fieldend|move: Trick Room\n|upkeep\n|turn|11\n|inactive|shecallmedada has 30 seconds left.\n|\n|t:|1774458062\n|switch|p2a: Rillaboom|Rillaboom, L50, M|100/100\n|-fieldstart|move: Grassy Terrain|[from] ability: Grassy Surge|[of] p2a: Rillaboom\n|move|p1a: Sheist|Body Press|p2a: Rillaboom\n|-damage|p2a: Rillaboom|31/100\n|move|p2b: Calyrex|Glacial Lance|p1b: Raw|[spread] p1a\n|-miss|p2b: Calyrex|p1b: Raw\n|-supereffective|p1a: Sheist\n|-damage|p1a: Sheist|34/100\n|\n|-weather|RainDance|[upkeep]\n|-heal|p1a: Sheist|40/100|[from] Grassy Terrain\n|-heal|p1a: Sheist|47/100|[from] item: Leftovers\n|-heal|p2a: Rillaboom|37/100|[from] Grassy Terrain\n|-heal|p2b: Calyrex|88/100|[from] Grassy Terrain\n|-heal|p2b: Calyrex|94/100|[from] item: Leftovers\n|upkeep\n|turn|12\n|\n|t:|1774458081\n|move|p1a: Sheist|Protect|p1a: Sheist\n|-singleturn|p1a: Sheist|Protect\n|move|p2a: Rillaboom|Fake Out|p1a: Sheist\n|-activate|p1a: Sheist|move: Protect\n|move|p2b: Calyrex|Trick Room|p2b: Calyrex\n|-fieldstart|move: Trick Room|[of] p2b: Calyrex\n|\n|-weather|RainDance|[upkeep]\n|-heal|p2b: Calyrex|99/100|[from] Grassy Terrain\n|-heal|p2b: Calyrex|100/100|[from] item: Leftovers\n|-heal|p2a: Rillaboom|43/100|[from] Grassy Terrain\n|-heal|p1a: Sheist|53/100|[from] Grassy Terrain\n|-heal|p1a: Sheist|59/100|[from] item: Leftovers\n|upkeep\n|turn|13\n|\n|t:|1774458095\n|move|p2b: Calyrex|Glacial Lance|p1a: Sheist|[spread] p1a\n|-miss|p2b: Calyrex|p1b: Raw\n|-supereffective|p1a: Sheist\n|-damage|p1a: Sheist|37/100\n|move|p2a: Rillaboom|U-turn|p1a: Sheist\n|-supereffective|p1a: Sheist\n|-damage|p1a: Sheist|26/100\n|\n|t:|1774458101\n|switch|p2a: Kyogre|Kyogre, L50, tera:Grass|79/100|[from] U-turn\n|move|p1a: Sheist|Order Up|p2b: Calyrex\n|-damage|p2b: Calyrex|76/100\n|-boost|p1a: Sheist|def|1\n|\n|-weather|RainDance|[upkeep]\n|-heal|p2b: Calyrex|82/100|[from] Grassy Terrain\n|-heal|p2b: Calyrex|87/100|[from] item: Leftovers\n|-heal|p2a: Kyogre|85/100|[from] Grassy Terrain\n|-heal|p1a: Sheist|32/100|[from] Grassy Terrain\n|-heal|p1a: Sheist|38/100|[from] item: Leftovers\n|upkeep\n|turn|14\n|\n|t:|1774458116\n|move|p1a: Sheist|Protect|p1a: Sheist\n|-singleturn|p1a: Sheist|Protect\n|move|p2b: Calyrex|Glacial Lance|p1b: Raw|[spread] \n|-miss|p2b: Calyrex|p1b: Raw\n|-activate|p1a: Sheist|move: Protect\n|move|p2a: Kyogre|Hydro Pump|p1a: Sheist\n|-activate|p1a: Sheist|move: Protect\n|\n|-weather|none\n|-heal|p2b: Calyrex|93/100|[from] Grassy Terrain\n|-heal|p2b: Calyrex|99/100|[from] item: Leftovers\n|-heal|p2a: Kyogre|91/100|[from] Grassy Terrain\n|-heal|p1a: Sheist|44/100|[from] Grassy Terrain\n|-heal|p1a: Sheist|51/100|[from] item: Leftovers\n|upkeep\n|turn|15\n|inactive|FlamingDome has 30 seconds left.\n|\n|t:|1774458149\n|move|p2b: Calyrex|Protect|p2b: Calyrex\n|-singleturn|p2b: Calyrex|Protect\n|move|p2a: Kyogre|Hydro Pump|p1a: Sheist|[miss]\n|-miss|p2a: Kyogre|p1a: Sheist\n|move|p1a: Sheist|Body Press|p2b: Calyrex\n|-activate|p2b: Calyrex|move: Protect\n|\n|-heal|p2b: Calyrex|100/100|[from] Grassy Terrain\n|-heal|p2a: Kyogre|97/100|[from] Grassy Terrain\n|-heal|p1a: Sheist|57/100|[from] Grassy Terrain\n|-heal|p1a: Sheist|63/100|[from] item: Leftovers\n|-fieldend|move: Grassy Terrain\n|upkeep\n|turn|16\n|c|\u2606shecallmedada|no glacial? \u2639\n|inactive|shecallmedada has 30 seconds left.\n|inactive|shecallmedada has 20 seconds left.\n|\n|t:|1774458187\n|switch|p2b: Rillaboom|Rillaboom, L50, M|43/100\n|-fieldstart|move: Grassy Terrain|[from] ability: Grassy Surge|[of] p2b: Rillaboom\n|move|p2a: Kyogre|Hydro Pump|p1a: Sheist\n|-resisted|p1a: Sheist\n|-damage|p1a: Sheist|48/100\n|move|p1a: Sheist|Body Press|p2a: Kyogre\n|-damage|p2a: Kyogre|15/100\n|\n|-heal|p2b: Rillaboom|48/100|[from] Grassy Terrain\n|-heal|p2a: Kyogre|21/100|[from] Grassy Terrain\n|-heal|p1a: Sheist|54/100|[from] Grassy Terrain\n|-heal|p1a: Sheist|61/100|[from] item: Leftovers\n|-fieldend|move: Trick Room\n|upkeep\n|turn|17\n|c|\u2606FlamingDome|you know very well I ran out lmaoooooo\n|c|\u2606shecallmedada|hihihihihi\n|inactive|FlamingDome has 30 seconds left.\n|c|\u2606FlamingDome|lol\n|c|\u2606FlamingDome|you're such a child\n|inactive|FlamingDome has 20 seconds left.\n|c|\u2606shecallmedada|hihihihi\\\n|\n|t:|1774458224\n|switch|p2a: Calyrex|Calyrex-Ice, L50|100/100\n|-ability|p2a: Calyrex|As One\n|-ability|p2a: Calyrex|Unnerve\n|move|p1a: Sheist|Protect|p1a: Sheist\n|-singleturn|p1a: Sheist|Protect\n|move|p2b: Rillaboom|U-turn|p1a: Sheist\n|-activate|p1a: Sheist|move: Protect\n|\n|-heal|p1a: Sheist|67/100|[from] Grassy Terrain\n|-heal|p1a: Sheist|73/100|[from] item: Leftovers\n|-heal|p2b: Rillaboom|54/100|[from] Grassy Terrain\n|upkeep\n|turn|18\n|\n|t:|1774458241\n|move|p1a: Sheist|Body Press|p2b: Rillaboom\n|-damage|p2b: Rillaboom|0 fnt\n|faint|p2b: Rillaboom\n|move|p2a: Calyrex|Trick Room|p2a: Calyrex\n|-fieldstart|move: Trick Room|[of] p2a: Calyrex\n|\n|-heal|p1a: Sheist|79/100|[from] Grassy Terrain\n|-heal|p1a: Sheist|86/100|[from] item: Leftovers\n|upkeep\n|c|\u2606shecallmedada|click leech seed one time for me\n|c|\u2606shecallmedada|for science\n|\n|t:|1774458249\n|switch|p2b: Kyogre|Kyogre, L50, tera:Grass|21/100\n|-weather|RainDance|[from] ability: Drizzle|[of] p2b: Kyogre\n|turn|19\n|c|\u2606FlamingDome|had you been less of a spoiled dick\n|c|\u2606FlamingDome|I might have\n|inactive|FlamingDome has 30 seconds left.\n|\n|t:|1774458275\n|move|p2a: Calyrex|Protect|p2a: Calyrex\n|-singleturn|p2a: Calyrex|Protect\n|move|p1a: Sheist|Protect|p1a: Sheist\n|-singleturn|p1a: Sheist|Protect\n|move|p2b: Kyogre|Hydro Pump|p1a: Sheist\n|-activate|p1a: Sheist|move: Protect\n|\n|-weather|RainDance|[upkeep]\n|-heal|p2b: Kyogre|28/100|[from] Grassy Terrain\n|-heal|p1a: Sheist|92/100|[from] Grassy Terrain\n|-heal|p1a: Sheist|98/100|[from] item: Leftovers\n|upkeep\n|turn|20\n|\n|t:|1774458287\n|move|p2a: Calyrex|Protect||[still]\n|-fail|p2a: Calyrex\n|move|p2b: Kyogre|Hydro Pump|p1a: Sheist\n|-resisted|p1a: Sheist\n|-damage|p1a: Sheist|76/100\n|move|p1a: Sheist|Body Press|p2b: Kyogre\n|-damage|p2b: Kyogre|0 fnt\n|faint|p2b: Kyogre\n|\n|-weather|RainDance|[upkeep]\n|-heal|p1a: Sheist|82/100|[from] Grassy Terrain\n|-heal|p1a: Sheist|88/100|[from] item: Leftovers\n|-fieldend|move: Grassy Terrain\n|upkeep\n|turn|21\n|-message|FlamingDome forfeited.\n|\n|win|shecallmedada\n|raw|shecallmedada's rating: 1348 &rarr; <strong>1369</strong><br />(+21 for winning)\n|raw|FlamingDome's rating: 1372 &rarr; <strong>1351</strong><br />(-21 for losing)\n|l|\u2606FlamingDome\n|player|p2|\n|c|\u2606shecallmedada|gg\n","uploadtime":1774458315,"views":9,"formatid":"gen9vgc2026regi","rating":1351,"private":0,"password":null}