{"id":"gen9vgc2026regi-2578625792","format":"[Gen 9] VGC 2026 Reg I","players":["Luca8","Danny3over"],"log":"|j|\u2606Luca8\n|j|\u2606Danny3over\n|t:|1775696853\n|gametype|doubles\n|player|p1|Luca8|flint|1444\n|player|p2|Danny3over|twins-gen4dp|1554\n|gen|9\n|tier|[Gen 9] VGC 2026 Reg I\n|rated|\n|rule|Species Clause: Limit one of each Pok\u00e9mon\n|rule|Item Clause: Limit 1 of each item\n|clearpoke\n|poke|p1|Zamazenta-*, L50|\n|poke|p1|Calyrex-Shadow, L50|\n|poke|p1|Indeedee-F, L50, F|\n|poke|p1|Torkoal, L50, M|\n|poke|p1|Fezandipiti, L50, M|\n|poke|p1|Pelipper, L50, F|\n|poke|p2|Calyrex-Ice, L50|\n|poke|p2|Miraidon, L50|\n|poke|p2|Grimmsnarl, L50, M|\n|poke|p2|Urshifu-*, L50, F|\n|poke|p2|Incineroar, L50, M|\n|poke|p2|Landorus, L50, M|\n|teampreview|4\n|inactive|Battle timer is ON: inactive players will automatically lose when time's up. (requested by Luca8)\n|\n|t:|1775696888\n|teamsize|p1|4\n|teamsize|p2|4\n|start\n|switch|p1a: Indeedee|Indeedee-F, L50, F|100/100\n|switch|p1b: Zamazenta|Zamazenta-Crowned, L50|100/100\n|switch|p2a: Miraidon|Miraidon, L50|100/100\n|switch|p2b: Incineroar|Incineroar, L50, M|100/100\n|-fieldstart|move: Electric Terrain|[from] ability: Hadron Engine|[of] p2a: Miraidon\n|-ability|p1b: Zamazenta|Dauntless Shield|boost\n|-boost|p1b: Zamazenta|def|1\n|-ability|p2b: Incineroar|Intimidate|boost\n|-unboost|p1a: Indeedee|atk|1\n|-unboost|p1b: Zamazenta|atk|1\n|-fieldstart|move: Psychic Terrain|[from] ability: Psychic Surge|[of] p1a: Indeedee\n|turn|1\n|inactive|Luca8 has 30 seconds left.\n|inactive|Luca8 has 20 seconds left.\n|inactive|Luca8 has 15 seconds left.\n|inactive|Luca8 has 10 seconds left.\n|inactive|Luca8 has 5 seconds left.\n|\n|t:|1775696941\n|switch|p2b: Landorus|Landorus, L50, M|100/100\n|move|p2a: Miraidon|Volt Switch|p1b: Zamazenta\n|-damage|p1b: Zamazenta|73/100\n|\n|t:|1775696948\n|switch|p2a: Calyrex|Calyrex-Ice, L50|100/100|[from] Volt Switch\n|-ability|p2a: Calyrex|As One\n|-ability|p2a: Calyrex|Unnerve\n|move|p1b: Zamazenta|Body Press|p2b: Landorus\n|-resisted|p2b: Landorus\n|-damage|p2b: Landorus|70/100\n|move|p1a: Indeedee|Psychic|p2a: Calyrex\n|-resisted|p2a: Calyrex\n|-damage|p2a: Calyrex|89/100\n|\n|-heal|p2a: Calyrex|95/100|[from] item: Leftovers\n|upkeep\n|turn|2\n|inactive|Luca8 has 30 seconds left.\n|inactive|Danny3over has 30 seconds left.\n|inactive|Luca8 has 20 seconds left.\n|inactive|Danny3over has 20 seconds left.\n|inactive|Luca8 has 15 seconds left.\n|inactive|Luca8 has 10 seconds left.\n|inactive|Luca8 has 5 seconds left.\n|\n|t:|1775697002\n|-terastallize|p1b: Zamazenta|Fighting\n|move|p2b: Landorus|Protect|p2b: Landorus\n|-singleturn|p2b: Landorus|Protect\n|move|p1b: Zamazenta|Body Press|p2a: Calyrex\n|-damage|p2a: Calyrex|43/100\n|move|p1a: Indeedee|Psychic|p2b: Landorus\n|-activate|p2b: Landorus|move: Protect\n|move|p2a: Calyrex|Leech Seed|p1b: Zamazenta\n|-start|p1b: Zamazenta|move: Leech Seed\n|\n|-heal|p2a: Calyrex|49/100|[from] item: Leftovers\n|-damage|p1b: Zamazenta|61/100|[from] Leech Seed|[of] p2a: Calyrex\n|-heal|p2a: Calyrex|60/100|[silent]\n|upkeep\n|turn|3\n|\n|t:|1775697021\n|move|p2a: Calyrex|Protect|p2a: Calyrex\n|-singleturn|p2a: Calyrex|Protect\n|move|p1b: Zamazenta|Heavy Slam|p2b: Landorus\n|-damage|p2b: Landorus|38/100\n|move|p2b: Landorus|Earth Power|p1b: Zamazenta\n|-damage|p1b: Zamazenta|21/100\n|move|p1a: Indeedee|Psychic|p2b: Landorus\n|-damage|p2b: Landorus|1/100\n|\n|-heal|p2a: Calyrex|66/100|[from] item: Leftovers\n|-damage|p1b: Zamazenta|9/100|[from] Leech Seed|[of] p2a: Calyrex\n|-heal|p2a: Calyrex|78/100|[silent]\n|upkeep\n|turn|4\n|inactive|Luca8 has 30 seconds left.\n|\n|t:|1775697049\n|move|p2b: Landorus|Protect|p2b: Landorus\n|-singleturn|p2b: Landorus|Protect\n|move|p1b: Zamazenta|Body Press|p2a: Calyrex\n|-damage|p2a: Calyrex|24/100\n|move|p1a: Indeedee|Psychic|p2b: Landorus\n|-activate|p2b: Landorus|move: Protect\n|move|p2a: Calyrex|Glacial Lance|p1a: Indeedee|[spread] p1a,p1b\n|-damage|p1a: Indeedee|39/100\n|-damage|p1b: Zamazenta|0 fnt\n|faint|p1b: Zamazenta\n|-ability|p2a: Calyrex|Chilling Neigh|boost\n|-boost|p2a: Calyrex|atk|1\n|\n|-heal|p2a: Calyrex|29/100|[from] item: Leftovers\n|upkeep\n|\n|t:|1775697066\n|switch|p1b: Calyrex|Calyrex-Shadow, L50|100/100\n|-ability|p1b: Calyrex|As One\n|-ability|p1b: Calyrex|Unnerve\n|turn|5\n|\n|t:|1775697075\n|switch|p2b: Incineroar|Incineroar, L50, M|100/100\n|-ability|p2b: Incineroar|Intimidate|boost\n|-unboost|p1a: Indeedee|atk|1\n|-unboost|p1b: Calyrex|atk|1\n|switch|p1a: Fezandipiti|Fezandipiti, L50, M|100/100\n|move|p2a: Calyrex|Protect|p2a: Calyrex\n|-singleturn|p2a: Calyrex|Protect\n|move|p1b: Calyrex|Astral Barrage|p2a: Calyrex|[spread] p2b\n|-activate|p2a: Calyrex|move: Protect\n|-resisted|p2b: Incineroar\n|-damage|p2b: Incineroar|78/100\n|\n|-heal|p2a: Calyrex|35/100|[from] item: Leftovers\n|-fieldend|move: Psychic Terrain\n|upkeep\n|turn|6\n|inactive|Luca8 has 30 seconds left.\n|inactive|Danny3over has 30 seconds left.\n|inactive|Luca8 has 20 seconds left.\n|\n|t:|1775697111\n|-terastallize|p2a: Calyrex|Water\n|move|p1b: Calyrex|Astral Barrage|p2b: Incineroar|[spread] p2a,p2b\n|-resisted|p2b: Incineroar\n|-damage|p2a: Calyrex|0 fnt\n|-damage|p2b: Incineroar|57/100\n|faint|p2a: Calyrex\n|-ability|p1b: Calyrex|Grim Neigh|boost\n|-boost|p1b: Calyrex|spa|1\n|move|p2b: Incineroar|Knock Off|p1b: Calyrex\n|-supereffective|p1b: Calyrex\n|-damage|p1b: Calyrex|0 fnt\n|-enditem|p1b: Calyrex|Spell Tag|[from] move: Knock Off|[of] p2b: Incineroar\n|faint|p1b: Calyrex\n|move|p1a: Fezandipiti|Sludge Bomb|p2b: Incineroar\n|-damage|p2b: Incineroar|42/100\n|-status|p2b: Incineroar|psn\n|\n|-damage|p2b: Incineroar|30/100 psn|[from] psn\n|upkeep\n|\n|t:|1775697131\n|switch|p1b: Indeedee|Indeedee-F, L50, F|39/100\n|switch|p2a: Miraidon|Miraidon, L50|100/100\n|-fieldstart|move: Electric Terrain|[from] ability: Hadron Engine|[of] p2a: Miraidon\n|-fieldstart|move: Psychic Terrain|[from] ability: Psychic Surge|[of] p1b: Indeedee\n|turn|7\n|\n|t:|1775697148\n|switch|p2b: Landorus|Landorus, L50, M|1/100\n|move|p1b: Indeedee|Follow Me|p1b: Indeedee\n|-singleturn|p1b: Indeedee|move: Follow Me\n|move|p2a: Miraidon|Volt Switch|p1b: Indeedee\n|-damage|p1b: Indeedee|0 fnt\n|faint|p1b: Indeedee\n|\n|t:|1775697157\n|switch|p2a: Incineroar|Incineroar, L50, M|30/100 psn|[from] Volt Switch\n|-ability|p2a: Incineroar|Intimidate|boost\n|-unboost|p1a: Fezandipiti|atk|1\n|move|p1a: Fezandipiti|Icy Wind|p2b: Landorus|[spread] p2a,p2b\n|-resisted|p2a: Incineroar\n|-supereffective|p2b: Landorus\n|-damage|p2a: Incineroar|27/100 psn\n|-damage|p2b: Landorus|0 fnt\n|-unboost|p2a: Incineroar|spe|1\n|faint|p2b: Landorus\n|\n|-damage|p2a: Incineroar|15/100 psn|[from] psn\n|upkeep\n|\n|t:|1775697164\n|switch|p2b: Miraidon|Miraidon, L50|100/100\n|-fieldstart|move: Electric Terrain|[from] ability: Hadron Engine|[of] p2b: Miraidon\n|turn|8\n|-message|Luca8 forfeited.\n|\n|win|Danny3over\n|raw|Luca8's rating: 1444 &rarr; <strong>1430</strong><br />(-14 for losing)\n|raw|Danny3over's rating: 1554 &rarr; <strong>1568</strong><br />(+14 for winning)\n|l|\u2606Luca8\n|player|p1|\n|l|\u2606Danny3over\n|player|p2|\n","uploadtime":1775697352,"views":11,"formatid":"gen9vgc2026regi","rating":1430,"private":0,"password":null}