{"id":"gen9vgc2026regi-2591021948","format":"[Gen 9] VGC 2026 Reg I","players":["beard387","blackred123"],"log":"|j|\u2606beard387\n|j|\u2606blackred123\n|t:|1776869072\n|gametype|doubles\n|player|p1|beard387|2|1455\n|player|p2|blackred123|iono-masters|1610\n|gen|9\n|tier|[Gen 9] VGC 2026 Reg I\n|rated|\n|rule|Species Clause: Limit one of each Pok\u00e9mon\n|rule|Item Clause: Limit 1 of each item\n|clearpoke\n|poke|p1|Garganacl, L50, M|\n|poke|p1|Calyrex-Shadow, L50|\n|poke|p1|Indeedee-F, L50, F|\n|poke|p1|Koraidon, L50|\n|poke|p1|Incineroar, L50, F|\n|poke|p1|Urshifu-*, L50, M|\n|poke|p2|Calyrex-Shadow, L50|\n|poke|p2|Zamazenta-*, L50|\n|poke|p2|Tornadus, L50, M|\n|poke|p2|Rillaboom, L50, M|\n|poke|p2|Ogerpon-Hearthflame, L50, F|\n|poke|p2|Raging Bolt, L50|\n|teampreview|4\n|inactive|Battle timer is ON: inactive players will automatically lose when time's up. (requested by beard387)\n|inactive|blackred123 also wants the timer to be on.\n|\n|t:|1776869097\n|teamsize|p1|4\n|teamsize|p2|4\n|start\n|switch|p1a: Calyrex|Calyrex-Shadow, L50|100/100\n|switch|p1b: Garganacl|Garganacl, L50, M|100/100\n|switch|p2a: Zamazenta|Zamazenta-Crowned, L50|100/100\n|switch|p2b: Rillaboom|Rillaboom, L50, M|100/100\n|-ability|p1a: Calyrex|As One\n|-ability|p1a: Calyrex|Unnerve\n|-ability|p2a: Zamazenta|Dauntless Shield|boost\n|-boost|p2a: Zamazenta|def|1\n|-fieldstart|move: Grassy Terrain|[from] ability: Grassy Surge|[of] p2b: Rillaboom\n|turn|1\n|\n|t:|1776869114\n|move|p1a: Calyrex|Expanding Force|p2a: Zamazenta\n|-damage|p2a: Zamazenta|59/100\n|move|p2a: Zamazenta|Heavy Slam|p1a: Calyrex\n|-damage|p1a: Calyrex|39/100\n|move|p2b: Rillaboom|U-turn|p1a: Calyrex\n|-damage|p1a: Calyrex|11/100\n|\n|t:|1776869123\n|switch|p2b: Calyrex|Calyrex-Shadow, L50|100/100|[from] U-turn\n|-ability|p2b: Calyrex|As One\n|-ability|p2b: Calyrex|Unnerve\n|move|p1b: Garganacl|Salt Cure|p2a: Zamazenta\n|-resisted|p2a: Zamazenta\n|-damage|p2a: Zamazenta|57/100\n|-start|p2a: Zamazenta|Salt Cure\n|\n|-heal|p1a: Calyrex|16/100|[from] Grassy Terrain\n|-heal|p2a: Zamazenta|64/100|[from] Grassy Terrain\n|-damage|p2a: Zamazenta|39/100|[from] Salt Cure\n|upkeep\n|turn|2\n|\n|t:|1776869135\n|switch|p1b: Indeedee|Indeedee-F, L50, F|100/100\n|-fieldstart|move: Psychic Terrain|[from] ability: Psychic Surge|[of] p1b: Indeedee\n|move|p2b: Calyrex|Protect|p2b: Calyrex\n|-singleturn|p2b: Calyrex|Protect\n|move|p1a: Calyrex|Expanding Force|p2a: Zamazenta|[spread] p2a\n|-activate|p2b: Calyrex|move: Protect\n|-damage|p2a: Zamazenta|0 fnt\n|faint|p2a: Zamazenta\n|-ability|p1a: Calyrex|Grim Neigh|boost\n|-boost|p1a: Calyrex|spa|1\n|\n|upkeep\n|\n|t:|1776869139\n|switch|p2a: Rillaboom|Rillaboom, L50, M|100/100\n|-fieldstart|move: Grassy Terrain|[from] ability: Grassy Surge|[of] p2a: Rillaboom\n|turn|3\n|\n|t:|1776869156\n|switch|p1b: Garganacl|Garganacl, L50, M|100/100\n|-terastallize|p2b: Calyrex|Ghost\n|move|p1a: Calyrex|Expanding Force|p2b: Calyrex\n|-damage|p2b: Calyrex|18/100\n|move|p2b: Calyrex|Astral Barrage|p1b: Garganacl|[spread] p1a,p1b\n|-supereffective|p1a: Calyrex\n|-damage|p1a: Calyrex|0 fnt\n|-damage|p1b: Garganacl|72/100\n|faint|p1a: Calyrex\n|-ability|p2b: Calyrex|Grim Neigh|boost\n|-boost|p2b: Calyrex|spa|1\n|move|p2a: Rillaboom|U-turn|p1b: Garganacl\n|-damage|p1b: Garganacl|57/100\n|\n|t:|1776869166\n|switch|p2a: Raging Bolt|Raging Bolt, L50|100/100|[from] U-turn\n|-enditem|p2a: Raging Bolt|Booster Energy\n|-activate|p2a: Raging Bolt|ability: Protosynthesis|[fromitem]\n|-start|p2a: Raging Bolt|protosynthesisspa\n|\n|-heal|p2b: Calyrex|24/100|[from] Grassy Terrain\n|-heal|p1b: Garganacl|63/100|[from] Grassy Terrain\n|-heal|p1b: Garganacl|69/100|[from] item: Leftovers\n|upkeep\n|\n|t:|1776869172\n|switch|p1a: Koraidon|Koraidon, L50|100/100\n|-weather|SunnyDay|[from] ability: Orichalcum Pulse|[of] p1a: Koraidon\n|-activate|p1a: Koraidon|Orichalcum Pulse|[source]\n|turn|4\n|\n|t:|1776869184\n|move|p1b: Garganacl|Wide Guard|p1b: Garganacl\n|-singleturn|p1b: Garganacl|Wide Guard\n|move|p2b: Calyrex|Psychic|p1a: Koraidon\n|-supereffective|p1a: Koraidon\n|-damage|p1a: Koraidon|0 fnt\n|faint|p1a: Koraidon\n|-ability|p2b: Calyrex|Grim Neigh|boost\n|-boost|p2b: Calyrex|spa|1\n|move|p2a: Raging Bolt|Thunderbolt|p1b: Garganacl\n|-damage|p1b: Garganacl|20/100\n|\n|-weather|SunnyDay|[upkeep]\n|-heal|p2b: Calyrex|30/100|[from] Grassy Terrain\n|-heal|p1b: Garganacl|26/100|[from] Grassy Terrain\n|-heal|p1b: Garganacl|32/100|[from] item: Leftovers\n|upkeep\n|\n|t:|1776869190\n|switch|p1a: Indeedee|Indeedee-F, L50, F|100/100\n|-fieldstart|move: Psychic Terrain|[from] ability: Psychic Surge|[of] p1a: Indeedee\n|turn|5\n|\n|t:|1776869196\n|-terastallize|p1b: Garganacl|Fairy\n|move|p1a: Indeedee|Follow Me|p1a: Indeedee\n|-singleturn|p1a: Indeedee|move: Follow Me\n|move|p2b: Calyrex|Psychic|p1a: Indeedee\n|-resisted|p1a: Indeedee\n|-damage|p1a: Indeedee|28/100\n|move|p2a: Raging Bolt|Thunderbolt|p1a: Indeedee\n|-damage|p1a: Indeedee|0 fnt\n|faint|p1a: Indeedee\n|move|p1b: Garganacl|Salt Cure|p2a: Raging Bolt\n|-damage|p2a: Raging Bolt|89/100\n|-start|p2a: Raging Bolt|Salt Cure\n|\n|-weather|SunnyDay|[upkeep]\n|-heal|p1b: Garganacl|38/100|[from] item: Leftovers\n|-damage|p2a: Raging Bolt|77/100|[from] Salt Cure\n|upkeep\n|turn|6\n|\n|t:|1776869208\n|move|p2b: Calyrex|Psychic|p1b: Garganacl\n|-damage|p1b: Garganacl|0 fnt\n|faint|p1b: Garganacl\n|\n|win|blackred123\n|raw|beard387's rating: 1455 &rarr; <strong>1443</strong><br />(-12 for losing)\n|raw|blackred123's rating: 1610 &rarr; <strong>1622</strong><br />(+12 for winning)\n|l|\u2606beard387\n|player|p1|\n|l|\u2606blackred123\n|player|p2|\n","uploadtime":1776869369,"views":8,"formatid":"gen9vgc2026regi","rating":1443,"private":0,"password":null}