{"id":"gen9vgc2026regi-2560391171","format":"[Gen 9] VGC 2026 Reg I","players":["Eloyz27","jonen"],"log":"|j|\u2606Eloyz27\n|j|\u2606jonen\n|t:|1773683076\n|gametype|doubles\n|player|p1|Eloyz27|169|1150\n|player|p2|jonen|medium|1246\n|gen|9\n|tier|[Gen 9] VGC 2026 Reg I\n|rated|\n|rule|Species Clause: Limit one of each Pok\u00e9mon\n|rule|Item Clause: Limit 1 of each item\n|clearpoke\n|poke|p1|Incineroar, L50, F|\n|poke|p1|Landorus, L50, M|\n|poke|p1|Calyrex-Shadow, L50|\n|poke|p1|Koraidon, L50|\n|poke|p1|Brute Bonnet, L50|\n|poke|p1|Raging Bolt, L50|\n|poke|p2|Volcarona, L50, M|\n|poke|p2|Groudon, L50|\n|poke|p2|Incineroar, L50, M|\n|poke|p2|Flutter Mane, L50|\n|poke|p2|Grimmsnarl, L50, M|\n|poke|p2|Miraidon, L50|\n|teampreview|4\n|inactive|Battle timer is ON: inactive players will automatically lose when time's up. (requested by Eloyz27)\n|\n|t:|1773683105\n|teamsize|p1|4\n|teamsize|p2|4\n|start\n|switch|p1a: Terian|Landorus, L50, M|100/100\n|switch|p1b: Motopirueta|Koraidon, L50|100/100\n|switch|p2a: Flutter Mane|Flutter Mane, L50|100/100\n|switch|p2b: Miraidon|Miraidon, L50|100/100\n|-weather|SunnyDay|[from] ability: Orichalcum Pulse|[of] p1b: Motopirueta\n|-activate|p2a: Flutter Mane|ability: Protosynthesis\n|-start|p2a: Flutter Mane|protosynthesisspe\n|-activate|p1b: Motopirueta|Orichalcum Pulse|[source]\n|-fieldstart|move: Electric Terrain|[from] ability: Hadron Engine|[of] p2b: Miraidon\n|turn|1\n|\n|t:|1773683128\n|-terastallize|p1b: Motopirueta|Fire\n|move|p1a: Terian|Protect|p1a: Terian\n|-singleturn|p1a: Terian|Protect\n|move|p2a: Flutter Mane|Icy Wind|p1a: Terian|[spread] p1b\n|-activate|p1a: Terian|move: Protect\n|-resisted|p1b: Motopirueta\n|-damage|p1b: Motopirueta|95/100\n|move|p1b: Motopirueta|Flare Blitz|p2a: Flutter Mane\n|-enditem|p2a: Flutter Mane|Focus Sash\n|-damage|p2a: Flutter Mane|1/100\n|-damage|p1b: Motopirueta|73/100|[from] Recoil\n|move|p2b: Miraidon|Volt Switch|p1b: Motopirueta\n|-crit|p1b: Motopirueta\n|-damage|p1b: Motopirueta|0 fnt\n|faint|p1b: Motopirueta\n|\n|t:|1773683143\n|switch|p2b: Incineroar|Incineroar, L50, M|100/100|[from] Volt Switch\n|-ability|p2b: Incineroar|Intimidate|boost\n|-unboost|p1a: Terian|atk|1\n|\n|-weather|SunnyDay|[upkeep]\n|upkeep\n|\n|t:|1773683146\n|switch|p1b: Bro!|Brute Bonnet, L50|100/100\n|-activate|p1b: Bro!|ability: Protosynthesis\n|-start|p1b: Bro!|protosynthesisdef\n|turn|2\n|\n|t:|1773683157\n|move|p2b: Incineroar|Fake Out|p1a: Terian\n|-damage|p1a: Terian|89/100\n|move|p1b: Bro!|Sucker Punch||[still]\n|-fail|p1b: Bro!\n|move|p2a: Flutter Mane|Taunt|p1b: Bro!\n|-start|p1b: Bro!|move: Taunt\n|cant|p1a: Terian|flinch\n|\n|-weather|SunnyDay|[upkeep]\n|upkeep\n|turn|3\n|\n|t:|1773683177\n|move|p2a: Flutter Mane|Protect|p2a: Flutter Mane\n|-singleturn|p2a: Flutter Mane|Protect\n|move|p1b: Bro!|Sucker Punch||[still]\n|-fail|p1b: Bro!\n|move|p1a: Terian|Earth Power|p2b: Incineroar\n|-supereffective|p2b: Incineroar\n|-enditem|p2b: Incineroar|Shuca Berry|[eat]\n|-enditem|p2b: Incineroar|Shuca Berry|[weaken]\n|-damage|p2b: Incineroar|49/100\n|move|p2b: Incineroar|Flare Blitz|p1b: Bro!\n|-supereffective|p1b: Bro!\n|-damage|p1b: Bro!|26/100\n|-damage|p2b: Incineroar|24/100|[from] Recoil\n|\n|-weather|SunnyDay|[upkeep]\n|upkeep\n|turn|4\n|inactive|jonen has 30 seconds left.\n|\n|t:|1773683204\n|-end|p2a: Flutter Mane|Protosynthesis|[silent]\n|switch|p2a: Groudon|Groudon, L50|100/100\n|move|p1b: Bro!|Sucker Punch||[still]\n|-fail|p1b: Bro!\n|move|p1a: Terian|Earth Power|p2b: Incineroar\n|-supereffective|p2b: Incineroar\n|-damage|p2b: Incineroar|0 fnt\n|faint|p2b: Incineroar\n|\n|-weather|SunnyDay|[upkeep]\n|upkeep\n|\n|t:|1773683211\n|switch|p2b: Miraidon|Miraidon, L50|100/100\n|-activate|p2b: Miraidon|ability: Hadron Engine\n|turn|5\n|\n|t:|1773683234\n|switch|p2a: Flutter Mane|Flutter Mane, L50|1/100\n|-activate|p2a: Flutter Mane|ability: Protosynthesis\n|-start|p2a: Flutter Mane|protosynthesisspe\n|move|p1b: Bro!|Sucker Punch|p2b: Miraidon\n|-damage|p2b: Miraidon|73/100\n|move|p2b: Miraidon|Volt Switch|p1b: Bro!\n|-resisted|p1b: Bro!\n|-damage|p1b: Bro!|0 fnt\n|faint|p1b: Bro!\n|-end|p1b: Bro!|Protosynthesis|[silent]\n|\n|t:|1773683243\n|switch|p2b: Groudon|Groudon, L50|100/100|[from] Volt Switch\n|move|p1a: Terian|Sandsear Storm|p2b: Groudon|[spread] p2a\n|-miss|p1a: Terian|p2b: Groudon\n|-damage|p2a: Flutter Mane|0 fnt\n|faint|p2a: Flutter Mane\n|-end|p2a: Flutter Mane|Protosynthesis|[silent]\n|\n|-weather|none\n|-fieldend|move: Electric Terrain\n|upkeep\n|\n|t:|1773683253\n|switch|p2a: Miraidon|Miraidon, L50|73/100\n|switch|p1b: Calyrex|Calyrex-Shadow, L50|100/100\n|-ability|p1b: Calyrex|As One\n|-ability|p1b: Calyrex|Unnerve\n|-fieldstart|move: Electric Terrain|[from] ability: Hadron Engine|[of] p2a: Miraidon\n|turn|6\n|\n|t:|1773683266\n|move|p1b: Calyrex|Protect|p1b: Calyrex\n|-singleturn|p1b: Calyrex|Protect\n|move|p2a: Miraidon|Snarl|p1a: Terian|[spread] p1a\n|-activate|p1b: Calyrex|move: Protect\n|-damage|p1a: Terian|70/100\n|-unboost|p1a: Terian|spa|1\n|move|p1a: Terian|Sandsear Storm|p2b: Groudon|[spread] p2a\n|-miss|p1a: Terian|p2b: Groudon\n|-supereffective|p2a: Miraidon\n|-crit|p2a: Miraidon\n|-damage|p2a: Miraidon|0 fnt\n|faint|p2a: Miraidon\n|move|p2b: Groudon|Heat Crash|p1a: Terian\n|-damage|p1a: Terian|15/100\n|\n|upkeep\n|turn|7\n|inactive|Eloyz27 has 30 seconds left.\n|\n|t:|1773683292\n|-terastallize|p2b: Groudon|Fire\n|move|p1b: Calyrex|Astral Barrage|p2b: Groudon\n|-damage|p2b: Groudon|27/100\n|move|p1a: Terian|Earth Power|p2b: Groudon\n|-supereffective|p2b: Groudon\n|-damage|p2b: Groudon|0 fnt\n|faint|p2b: Groudon\n|\n|win|Eloyz27\n|raw|Eloyz27's rating: 1150 &rarr; <strong>1182</strong><br />(+32 for winning)\n|raw|jonen's rating: 1246 &rarr; <strong>1214</strong><br />(-32 for losing)\n","uploadtime":1773683292,"views":13,"formatid":"gen9vgc2026regi","rating":1182,"private":0,"password":null}