{"id":"gen9vgc2026regi-2529506780","format":"[Gen 9] VGC 2026 Reg I","players":["dfadDADAD","liam.2025"],"log":"|j|\u2606dfadDADAD\n|j|\u2606liam.2025\n|t:|1769793928\n|gametype|doubles\n|player|p1|dfadDADAD|101|1382\n|player|p2|liam.2025|policeman|1515\n|gen|9\n|tier|[Gen 9] VGC 2026 Reg I\n|rated|\n|rule|Species Clause: Limit one of each Pok\u00e9mon\n|rule|Item Clause: Limit 1 of each item\n|clearpoke\n|poke|p1|Calyrex-Shadow, L50|\n|poke|p1|Zamazenta-*, L50|\n|poke|p1|Clefairy, L50, F|\n|poke|p1|Rillaboom, L50, F|\n|poke|p1|Flutter Mane, L50|\n|poke|p1|Incineroar, L50, F|\n|poke|p2|Murkrow, L50, F|\n|poke|p2|Weezing-Galar, L50, F|\n|poke|p2|Terapagos, L50, M|\n|poke|p2|Smeargle, L50, F|\n|poke|p2|Calyrex-Ice, L50|\n|poke|p2|Ursaluna, L50, F|\n|teampreview|4\n|inactive|Battle timer is ON: inactive players will automatically lose when time's up. (requested by dfadDADAD)\n|\n|t:|1769793944\n|teamsize|p1|4\n|teamsize|p2|4\n|start\n|switch|p1a: Calyrex|Calyrex-Shadow, L50|100/100\n|switch|p1b: Incineroar|Incineroar, L50, F|100/100\n|switch|p2a: Murkrow|Murkrow, L50, F|100/100\n|switch|p2b: Weezing|Weezing-Galar, L50, F|100/100\n|-ability|p2b: Weezing|Neutralizing Gas\n|-block|p2a: Murkrow|item: Ability Shield\n|-ability|p1a: Calyrex|As One\n|-ability|p1a: Calyrex|Unnerve\n|turn|1\n|\n|t:|1769793958\n|move|p2a: Murkrow|Protect|p2a: Murkrow\n|-singleturn|p2a: Murkrow|Protect\n|move|p2b: Weezing|Protect|p2b: Weezing\n|-singleturn|p2b: Weezing|Protect\n|move|p1b: Incineroar|Fake Out|p2a: Murkrow\n|-activate|p2a: Murkrow|move: Protect\n|move|p1a: Calyrex|Calm Mind|p1a: Calyrex\n|-boost|p1a: Calyrex|spa|1\n|-boost|p1a: Calyrex|spd|1\n|\n|upkeep\n|turn|2\n|inactive|dfadDADAD has 30 seconds left.\n|\n|t:|1769793986\n|move|p1a: Calyrex|Protect|p1a: Calyrex\n|-singleturn|p1a: Calyrex|Protect\n|move|p2a: Murkrow|Tailwind|p2a: Murkrow\n|-sidestart|p2: liam.2025|move: Tailwind\n|move|p2b: Weezing|Misty Explosion|p1b: Incineroar|[spread] p2a,p1b\n|-activate|p1a: Calyrex|move: Protect\n|-supereffective|p2a: Murkrow\n|-damage|p2a: Murkrow|0 fnt\n|-damage|p1b: Incineroar|73/100\n|faint|p2b: Weezing\n|-end|p2b: Weezing|ability: Neutralizing Gas\n|faint|p2a: Murkrow\n|move|p1b: Incineroar|Knock Off|p2: Murkrow|[notarget]\n|-fail|p1b: Incineroar\n|\n|upkeep\n|\n|t:|1769793999\n|switch|p2b: Smeargle|Smeargle, L50, F|100/100\n|switch|p2a: Terapagos|Terapagos, L50, M|100/100\n|-activate|p2a: Terapagos|ability: Tera Shift\n|detailschange|p2a: Terapagos|Terapagos-Terastal, L50, M\n|-heal|p2a: Terapagos|100/100|[silent]\n|turn|3\n|\n|t:|1769794022\n|-terastallize|p2a: Terapagos|Stellar\n|detailschange|p2a: Terapagos|Terapagos-Stellar, L50, M, tera:Stellar\n|-heal|p2a: Terapagos|100/100|[silent]\n|move|p2b: Smeargle|Decorate|p2a: Terapagos\n|-boost|p2a: Terapagos|atk|2\n|-boost|p2a: Terapagos|spa|2\n|move|p2a: Terapagos|Tera Starstorm|p1a: Calyrex|[spread] p1a,p1b\n|-damage|p1a: Calyrex|21/100\n|-damage|p1b: Incineroar|0 fnt\n|faint|p1b: Incineroar\n|move|p1a: Calyrex|Draining Kiss|p2b: Smeargle\n|-damage|p2b: Smeargle|26/100\n|-heal|p1a: Calyrex|58/100|[from] drain|[of] p2b: Smeargle\n|\n|upkeep\n|\n|t:|1769794037\n|switch|p1b: Zamazenta|Zamazenta-Crowned, L50|100/100\n|-ability|p1b: Zamazenta|Dauntless Shield|boost\n|-boost|p1b: Zamazenta|def|1\n|turn|4\n|\n|t:|1769794049\n|move|p1a: Calyrex|Protect|p1a: Calyrex\n|-singleturn|p1a: Calyrex|Protect\n|move|p1b: Zamazenta|Protect|p1b: Zamazenta\n|-singleturn|p1b: Zamazenta|Protect\n|move|p2b: Smeargle|Feint|p1b: Zamazenta\n|-activate|p1b: Zamazenta|move: Feint\n|-resisted|p1b: Zamazenta\n|-damage|p1b: Zamazenta|99/100\n|move|p2a: Terapagos|Tera Starstorm|p1b: Zamazenta|[spread] p1b\n|-activate|p1a: Calyrex|move: Protect\n|-damage|p1b: Zamazenta|26/100\n|\n|upkeep\n|turn|5\n|\n|t:|1769794069\n|switch|p1b: Clefairy|Clefairy, L50, F|100/100\n|move|p2b: Smeargle|Feint|p1b: Clefairy\n|-damage|p1b: Clefairy|95/100\n|move|p2a: Terapagos|Tera Starstorm|p1a: Calyrex|[spread] p1a,p1b\n|-damage|p1a: Calyrex|0 fnt\n|-damage|p1b: Clefairy|0 fnt\n|faint|p1a: Calyrex\n|faint|p1b: Clefairy\n|\n|-sideend|p2: liam.2025|move: Tailwind\n|upkeep\n|-message|dfadDADAD forfeited.\n|\n|win|liam.2025\n|raw|dfadDADAD's rating: 1382 &rarr; <strong>1369</strong><br />(-13 for losing)\n|raw|liam.2025's rating: 1515 &rarr; <strong>1528</strong><br />(+13 for winning)\n|l|\u2606dfadDADAD\n|player|p1|\n","uploadtime":1769794347,"views":17,"formatid":"gen9vgc2026regi","rating":1369,"private":0,"password":null}