{"id":"gen9vgc2026regi-2551448216","format":"[Gen 9] VGC 2026 Reg I","players":["I\u2764\ufe0f\u5a1c\u7984forever","kojimuranishi"],"log":"|j|\u2606I\u2764\ufe0f\u5a1c\u7984forever\n|j|\u2606kojimuranishi\n|t:|1772603274\n|gametype|doubles\n|player|p1|I\u2764\ufe0f\u5a1c\u7984forever|youngcouple-gen4dp|1430\n|player|p2|kojimuranishi|101|1536\n|gen|9\n|tier|[Gen 9] VGC 2026 Reg I\n|rated|\n|rule|Species Clause: Limit one of each Pok\u00e9mon\n|rule|Item Clause: Limit 1 of each item\n|clearpoke\n|poke|p1|Groudon, L50|\n|poke|p1|Kyurem-White, L50|\n|poke|p1|Heatran, L50, M|\n|poke|p1|Whimsicott, L50, F|\n|poke|p1|Roaring Moon, L50|\n|poke|p1|Ditto, L50|\n|poke|p2|Raging Bolt, L50|\n|poke|p2|Calyrex-Ice, L50|\n|poke|p2|Kyogre, L50|\n|poke|p2|Indeedee-F, L50, F|\n|poke|p2|Ursaluna, L50, M|\n|poke|p2|Chien-Pao, L50|\n|teampreview|4\n|inactive|Battle timer is ON: inactive players will automatically lose when time's up. (requested by kojimuranishi)\n|\n|t:|1772603321\n|teamsize|p1|4\n|teamsize|p2|4\n|start\n|switch|p1a: Heatran|Heatran, L50, M|100/100\n|switch|p1b: Kyurem|Kyurem-White, L50|100/100\n|switch|p2a: Chien-Pao|Chien-Pao, L50|100/100\n|switch|p2b: Calyrex|Calyrex-Ice, L50|100/100\n|-ability|p2b: Calyrex|As One\n|-ability|p2b: Calyrex|Unnerve\n|-ability|p2a: Chien-Pao|Sword of Ruin\n|-ability|p1b: Kyurem|Turboblaze\n|turn|1\n|inactive|kojimuranishi has 30 seconds left.\n|\n|t:|1772603349\n|-terastallize|p2b: Calyrex|Water\n|move|p2a: Chien-Pao|Crunch|p1b: Kyurem\n|-damage|p1b: Kyurem|57/100\n|move|p1b: Kyurem|Shadow Ball|p2b: Calyrex\n|-crit|p2b: Calyrex\n|-damage|p2b: Calyrex|68/100\n|move|p1a: Heatran|Substitute|p1a: Heatran\n|-start|p1a: Heatran|Substitute\n|-damage|p1a: Heatran|76/100\n|move|p2b: Calyrex|Glacial Lance|p1a: Heatran|[spread] p1a,p1b\n|-resisted|p1a: Heatran\n|-activate|p1a: Heatran|move: Substitute|[damage]\n|-damage|p1b: Kyurem|6/100\n|\n|-heal|p1a: Heatran|82/100|[from] item: Leftovers\n|-heal|p2b: Calyrex|73/100|[from] item: Leftovers\n|upkeep\n|turn|2\n|inactive|I\u2764\ufe0f\u5a1c\u7984forever has 30 seconds left.\n|inactive|kojimuranishi has 30 seconds left.\n|\n|t:|1772603376\n|move|p2a: Chien-Pao|Crunch|p1b: Kyurem\n|-damage|p1b: Kyurem|0 fnt\n|faint|p1b: Kyurem\n|move|p1a: Heatran|Heat Wave|p2a: Chien-Pao|[spread] p2a,p2b\n|-supereffective|p2a: Chien-Pao\n|-resisted|p2b: Calyrex\n|-enditem|p2a: Chien-Pao|Focus Sash\n|-damage|p2a: Chien-Pao|1/100\n|-damage|p2b: Calyrex|64/100\n|-status|p2a: Chien-Pao|brn\n|move|p2b: Calyrex|Glacial Lance|p1a: Heatran\n|-resisted|p1a: Heatran\n|-end|p1a: Heatran|Substitute\n|\n|-heal|p1a: Heatran|88/100|[from] item: Leftovers\n|-heal|p2b: Calyrex|70/100|[from] item: Leftovers\n|-damage|p2a: Chien-Pao|0 fnt|[from] brn\n|faint|p2a: Chien-Pao\n|upkeep\n|\n|t:|1772603394\n|switch|p2a: Ursaluna|Ursaluna, L50, M|100/100\n|switch|p1b: Groudon|Groudon, L50|100/100\n|-weather|SunnyDay|[from] ability: Drought|[of] p1b: Groudon\n|turn|3\n|inactive|kojimuranishi has 30 seconds left.\n|\n|t:|1772603419\n|move|p1b: Groudon|Precipice Blades|p2b: Calyrex|[spread] p2a\n|-miss|p1b: Groudon|p2b: Calyrex\n|-damage|p2a: Ursaluna|60/100\n|move|p1a: Heatran|Substitute|p1a: Heatran\n|-start|p1a: Heatran|Substitute\n|-damage|p1a: Heatran|63/100\n|move|p2a: Ursaluna|Headlong Rush|p1b: Groudon\n|-damage|p1b: Groudon|56/100\n|-unboost|p2a: Ursaluna|def|1\n|-unboost|p2a: Ursaluna|spd|1\n|move|p2b: Calyrex|Trick Room|p2b: Calyrex\n|-fieldstart|move: Trick Room|[of] p2b: Calyrex\n|\n|-weather|SunnyDay|[upkeep]\n|-heal|p2b: Calyrex|76/100|[from] item: Leftovers\n|-heal|p1a: Heatran|69/100|[from] item: Leftovers\n|-status|p2a: Ursaluna|brn|[from] item: Flame Orb\n|upkeep\n|turn|4\n|j| ConnerTEP\n|l| ConnerTEP\n|\n|t:|1772603443\n|move|p2a: Ursaluna|Rock Slide|p1b: Groudon|[spread] p1a,p1b\n|-end|p1a: Heatran|Substitute\n|-resisted|p1b: Groudon\n|-damage|p1b: Groudon|44/100\n|move|p2b: Calyrex|Glacial Lance|p1a: Heatran|[spread] p1a,p1b\n|-resisted|p1a: Heatran\n|-supereffective|p1b: Groudon\n|-damage|p1a: Heatran|60/100\n|-damage|p1b: Groudon|0 fnt\n|faint|p1b: Groudon\n|-ability|p2b: Calyrex|Chilling Neigh|boost\n|-boost|p2b: Calyrex|atk|1\n|move|p1a: Heatran|Heat Wave|p2a: Ursaluna|[spread] p2b\n|-miss|p1a: Heatran|p2a: Ursaluna\n|-resisted|p2b: Calyrex\n|-damage|p2b: Calyrex|61/100\n|\n|-weather|SunnyDay|[upkeep]\n|-heal|p2b: Calyrex|67/100|[from] item: Leftovers\n|-heal|p1a: Heatran|66/100|[from] item: Leftovers\n|-damage|p2a: Ursaluna|54/100 brn|[from] brn\n|upkeep\n|\n|t:|1772603458\n|switch|p1b: Ditto|Ditto, L50|100/100\n|-transform|p1b: Ditto|p2a: Ursaluna|[from] ability: Imposter\n|turn|5\n|inactive|I\u2764\ufe0f\u5a1c\u7984forever has 30 seconds left.\n|\n|t:|1772603488\n|move|p2a: Ursaluna|Headlong Rush|p1a: Heatran\n|-supereffective|p1a: Heatran\n|-damage|p1a: Heatran|0 fnt\n|-unboost|p2a: Ursaluna|def|1\n|-unboost|p2a: Ursaluna|spd|1\n|faint|p1a: Heatran\n|move|p1b: Ditto|Headlong Rush|p2a: Ursaluna\n|-damage|p2a: Ursaluna|0 fnt\n|-unboost|p1b: Ditto|def|1\n|-unboost|p1b: Ditto|spd|1\n|faint|p2a: Ursaluna\n|move|p2b: Calyrex|Glacial Lance|p1b: Ditto\n|-supereffective|p1b: Ditto\n|-damage|p1b: Ditto|0 fnt\n|faint|p1b: Ditto\n|\n|win|kojimuranishi\n|raw|I\u2764\ufe0f\u5a1c\u7984forever's rating: 1430 &rarr; <strong>1416</strong><br />(-14 for losing)\n|raw|kojimuranishi's rating: 1536 &rarr; <strong>1550</strong><br />(+14 for winning)\n|l|\u2606I\u2764\ufe0f\u5a1c\u7984forever\n|player|p1|\n|l|\u2606kojimuranishi\n|player|p2|\n","uploadtime":1772603664,"views":19,"formatid":"gen9vgc2026regi","rating":1416,"private":0,"password":null}