{"id":"gen9vgc2026regi-2558844016","format":"[Gen 9] VGC 2026 Reg I","players":["zuizuizuiqinag","fogdocker"],"log":"|j|\u2606zuizuizuiqinag\n|j|\u2606fogdocker\n|t:|1773492300\n|gametype|doubles\n|player|p1|zuizuizuiqinag|169|1407\n|player|p2|fogdocker|2|1567\n|gen|9\n|tier|[Gen 9] VGC 2026 Reg I\n|rated|\n|rule|Species Clause: Limit one of each Pok\u00e9mon\n|rule|Item Clause: Limit 1 of each item\n|clearpoke\n|poke|p1|Muk-Alola, L50, F|\n|poke|p1|Smeargle, L50, F|\n|poke|p1|Calyrex-Shadow, L50|\n|poke|p1|Flamigo, L50, F|\n|poke|p1|Miraidon, L50|\n|poke|p1|Volcarona, L50, F|\n|poke|p2|Calyrex-Ice, L50|\n|poke|p2|Koraidon, L50|\n|poke|p2|Flutter Mane, L50|\n|poke|p2|Incineroar, L50, F|\n|poke|p2|Rillaboom, L50, F|\n|poke|p2|Annihilape, L50, M|\n|teampreview|4\n|inactive|Battle timer is ON: inactive players will automatically lose when time's up. (requested by zuizuizuiqinag)\n|inactive|zuizuizuiqinag has 60 seconds left.\n|inactive|fogdocker has 60 seconds left.\n|\n|t:|1773492344\n|teamsize|p1|4\n|teamsize|p2|4\n|start\n|switch|p1a: Muk|Muk-Alola, L50, F|100/100\n|switch|p1b: Smeargle|Smeargle, L50, F|100/100\n|switch|p2a: Koraidon|Koraidon, L50|100/100\n|switch|p2b: Flutter Mane|Flutter Mane, L50|100/100\n|-weather|SunnyDay|[from] ability: Orichalcum Pulse|[of] p2a: Koraidon\n|-activate|p2b: Flutter Mane|ability: Protosynthesis\n|-start|p2b: Flutter Mane|protosynthesisspe\n|-activate|p2a: Koraidon|Orichalcum Pulse|[source]\n|turn|1\n|\n|t:|1773492356\n|move|p1a: Muk|Protect|p1a: Muk\n|-singleturn|p1a: Muk|Protect\n|move|p2b: Flutter Mane|Moonblast|p1b: Smeargle\n|-enditem|p1b: Smeargle|Focus Sash\n|-damage|p1b: Smeargle|1/100\n|-unboost|p1b: Smeargle|spa|1\n|move|p2a: Koraidon|Flare Blitz|p1a: Muk\n|-activate|p1a: Muk|move: Protect\n|move|p1b: Smeargle|Spore|p2b: Flutter Mane\n|-status|p2b: Flutter Mane|slp|[from] move: Spore\n|\n|-weather|SunnyDay|[upkeep]\n|-ability|p1b: Smeargle|Moody|boost\n|-boost|p1b: Smeargle|spa|2\n|-unboost|p1b: Smeargle|atk|1\n|upkeep\n|turn|2\n|\n|t:|1773492370\n|move|p1b: Smeargle|Follow Me|p1b: Smeargle\n|-singleturn|p1b: Smeargle|move: Follow Me\n|cant|p2b: Flutter Mane|slp\n|move|p2a: Koraidon|Flame Charge|p1b: Smeargle\n|-damage|p1b: Smeargle|0 fnt\n|-boost|p2a: Koraidon|spe|1\n|faint|p1b: Smeargle\n|-ability|p1a: Muk|Moody|Power of Alchemy|[from] ability: Power of Alchemy|[of] p1b: Smeargle\n|-damage|p2a: Koraidon|91/100|[from] item: Life Orb\n|move|p1a: Muk|Minimize|p1a: Muk\n|-boost|p1a: Muk|evasion|2\n|\n|-weather|SunnyDay|[upkeep]\n|-ability|p1a: Muk|Moody|boost\n|-boost|p1a: Muk|atk|2\n|-unboost|p1a: Muk|spa|1\n|upkeep\n|\n|t:|1773492377\n|switch|p1b: Calyrex|Calyrex-Shadow, L50|100/100\n|-ability|p1b: Calyrex|As One\n|-ability|p1b: Calyrex|Unnerve\n|turn|3\n|\n|t:|1773492392\n|-terastallize|p2b: Flutter Mane|Normal\n|-terastallize|p1a: Muk|Water\n|move|p1b: Calyrex|Protect|p1b: Calyrex\n|-singleturn|p1b: Calyrex|Protect\n|-curestatus|p2b: Flutter Mane|slp|[msg]\n|move|p2b: Flutter Mane|Shadow Ball|p1b: Calyrex\n|-activate|p1b: Calyrex|move: Protect\n|move|p2a: Koraidon|Flare Blitz|p1b: Calyrex\n|-activate|p1b: Calyrex|move: Protect\n|move|p1a: Muk|Minimize|p1a: Muk\n|-boost|p1a: Muk|evasion|2\n|\n|-weather|SunnyDay|[upkeep]\n|-ability|p1a: Muk|Moody|boost\n|-boost|p1a: Muk|spa|2\n|-unboost|p1a: Muk|def|1\n|upkeep\n|turn|4\n|j| teddyster\n|\n|t:|1773492408\n|switch|p1b: Flamigo|Flamigo, L50, F|100/100\n|-copyboost|p1b: Flamigo|p1a: Muk|[from] ability: Costar\n|-enditem|p1b: Flamigo|White Herb\n|-clearnegativeboost|p1b: Flamigo|[silent]\n|move|p2a: Koraidon|Flare Blitz|p1b: Flamigo|[miss]\n|-miss|p2a: Koraidon|p1b: Flamigo\n|move|p2b: Flutter Mane|Shadow Ball|p1b: Flamigo\n|-damage|p1b: Flamigo|40/100\n|move|p1a: Muk|Minimize|p1a: Muk\n|-boost|p1a: Muk|evasion|2\n|\n|-weather|SunnyDay|[upkeep]\n|-ability|p1a: Muk|Moody|boost\n|-boost|p1a: Muk|spa|2\n|-unboost|p1a: Muk|spe|1\n|upkeep\n|turn|5\n|\n|t:|1773492425\n|move|p2b: Flutter Mane|Moonblast|p1b: Flamigo\n|-supereffective|p1b: Flamigo\n|-damage|p1b: Flamigo|0 fnt\n|faint|p1b: Flamigo\n|move|p2a: Koraidon|Close Combat|p1a: Muk|[miss]\n|-miss|p2a: Koraidon|p1a: Muk\n|move|p1a: Muk|Poison Gas|p2a: Koraidon|[spread] p2a,p2b\n|-status|p2a: Koraidon|psn\n|-status|p2b: Flutter Mane|psn\n|\n|-weather|none\n|-end|p2b: Flutter Mane|Protosynthesis\n|-damage|p2b: Flutter Mane|88/100 psn|[from] psn\n|-damage|p2a: Koraidon|79/100 psn|[from] psn\n|-ability|p1a: Muk|Moody|boost\n|-boost|p1a: Muk|spd|2\n|-unboost|p1a: Muk|def|1\n|upkeep\n|\n|t:|1773492428\n|switch|p1b: Calyrex|Calyrex-Shadow, L50|100/100\n|-ability|p1b: Calyrex|As One\n|-ability|p1b: Calyrex|Unnerve\n|turn|6\n|\n|t:|1773492444\n|move|p1b: Calyrex|Protect|p1b: Calyrex\n|-singleturn|p1b: Calyrex|Protect\n|move|p2a: Koraidon|Close Combat|p1a: Muk|[miss]\n|-miss|p2a: Koraidon|p1a: Muk\n|move|p2b: Flutter Mane|Shadow Ball|p1b: Calyrex\n|-activate|p1b: Calyrex|move: Protect\n|move|p1a: Muk|Knock Off|p2b: Flutter Mane\n|-damage|p2b: Flutter Mane|0 fnt\n|-enditem|p2b: Flutter Mane|Focus Sash|[from] move: Knock Off|[of] p1a: Muk\n|faint|p2b: Flutter Mane\n|-end|p2b: Flutter Mane|Protosynthesis|[silent]\n|\n|-damage|p2a: Koraidon|67/100 psn|[from] psn\n|-ability|p1a: Muk|Moody|boost\n|-boost|p1a: Muk|atk|2\n|-unboost|p1a: Muk|spa|1\n|upkeep\n|\n|t:|1773492452\n|switch|p2b: Incineroar|Incineroar, L50, F|100/100\n|-ability|p2b: Incineroar|Intimidate|boost\n|-unboost|p1a: Muk|atk|1\n|-unboost|p1b: Calyrex|atk|1\n|turn|7\n|j| Alexernea\n|\n|t:|1773492459\n|move|p2a: Koraidon|Close Combat|p1a: Muk|[miss]\n|-miss|p2a: Koraidon|p1a: Muk\n|move|p1b: Calyrex|Psych Up|p1a: Muk\n|-copyboost|p1b: Calyrex|p1a: Muk|[from] move: Psych Up\n|move|p2b: Incineroar|Knock Off|p1b: Calyrex|[miss]\n|-miss|p2b: Incineroar|p1b: Calyrex\n|move|p1a: Muk|Poison Gas|p2a: Koraidon|[spread] p2a,p2b\n|-fail|p2a: Koraidon|psn\n|-status|p2b: Incineroar|psn\n|\n|-damage|p2a: Koraidon|55/100 psn|[from] psn\n|-damage|p2b: Incineroar|88/100 psn|[from] psn\n|-ability|p1a: Muk|Moody|boost\n|-boost|p1a: Muk|def|2\n|-unboost|p1a: Muk|spd|1\n|upkeep\n|turn|8\n|\n|t:|1773492477\n|move|p2a: Koraidon|Close Combat|p1a: Muk|[miss]\n|-miss|p2a: Koraidon|p1a: Muk\n|move|p1b: Calyrex|Astral Barrage|p2a: Koraidon|[spread] p2a,p2b\n|-resisted|p2b: Incineroar\n|-damage|p2a: Koraidon|0 fnt\n|-damage|p2b: Incineroar|33/100 psn\n|faint|p2a: Koraidon\n|-ability|p1b: Calyrex|Grim Neigh|boost\n|-boost|p1b: Calyrex|spa|1\n|move|p2b: Incineroar|Knock Off|p1b: Calyrex|[miss]\n|-miss|p2b: Incineroar|p1b: Calyrex\n|move|p1a: Muk|Knock Off|p2b: Incineroar\n|-resisted|p2b: Incineroar\n|-damage|p2b: Incineroar|0 fnt\n|-enditem|p2b: Incineroar|Safety Goggles|[from] move: Knock Off|[of] p1a: Muk\n|faint|p2b: Incineroar\n|\n|-ability|p1a: Muk|Moody|boost\n|-boost|p1a: Muk|spd|2\n|-unboost|p1a: Muk|def|1\n|upkeep\n|\n|t:|1773492486\n|switch|p2b: Calyrex|Calyrex-Ice, L50|100/100\n|-ability|p2b: Calyrex|As One\n|-ability|p2b: Calyrex|Unnerve\n|turn|9\n|\n|t:|1773492489\n|move|p1b: Calyrex|Astral Barrage|p2b: Calyrex\n|-supereffective|p2b: Calyrex\n|-damage|p2b: Calyrex|0 fnt\n|faint|p2b: Calyrex\n|\n|win|zuizuizuiqinag\n|raw|zuizuizuiqinag's rating: 1407 &rarr; <strong>1436</strong><br />(+29 for winning)\n|raw|fogdocker's rating: 1567 &rarr; <strong>1538</strong><br />(-29 for losing)\n|l|\u2606fogdocker\n|player|p2|\n|l|\u2606zuizuizuiqinag\n|player|p1|\n|l| Alexernea\n","uploadtime":1773492605,"views":18,"formatid":"gen9vgc2026regi","rating":1436,"private":0,"password":null}