{"id":"gen9vgc2026regi-2561551395","format":"[Gen 9] VGC 2026 Reg I","players":["Clueless Duelist","terafireflareblitz"],"log":"|j|\u2606Clueless Duelist\n|j|\u2606terafireflareblitz\n|t:|1773811071\n|gametype|doubles\n|player|p1|Clueless Duelist|urbain|1359\n|player|p2|terafireflareblitz|sycamore|1437\n|gen|9\n|tier|[Gen 9] VGC 2026 Reg I\n|rated|\n|rule|Species Clause: Limit one of each Pok\u00e9mon\n|rule|Item Clause: Limit 1 of each item\n|clearpoke\n|poke|p1|Miraidon, L50|\n|poke|p1|Calyrex-Ice, L50|\n|poke|p1|Farigiraf, L50, M|\n|poke|p1|Incineroar, L50, F|\n|poke|p1|Urshifu-*, L50, F|\n|poke|p1|Ogerpon-Hearthflame, L50, F|\n|poke|p2|Koraidon, L50|\n|poke|p2|Lunala, L50|\n|poke|p2|Indeedee-F, L50, F|\n|poke|p2|Flutter Mane, L50|\n|poke|p2|Volcarona, L50, M|\n|poke|p2|Ursaluna, L50, F|\n|teampreview|4\n|inactive|Battle timer is ON: inactive players will automatically lose when time's up. (requested by terafireflareblitz)\n|inactive|Clueless Duelist also wants the timer to be on.\n|\n|t:|1773811084\n|teamsize|p1|4\n|teamsize|p2|4\n|start\n|switch|p1a: Calyrex|Calyrex-Ice, L50|100/100\n|switch|p1b: Miraidon|Miraidon, L50|100/100\n|switch|p2a: Lunala|Lunala, L50, shiny|100/100\n|switch|p2b: Indeedee|Indeedee-F, L50, F|100/100\n|-ability|p1a: Calyrex|As One\n|-ability|p1a: Calyrex|Unnerve\n|-fieldstart|move: Electric Terrain|[from] ability: Hadron Engine|[of] p1b: Miraidon\n|-fieldstart|move: Psychic Terrain|[from] ability: Psychic Surge|[of] p2b: Indeedee\n|turn|1\n|inactive|Clueless Duelist has 30 seconds left.\n|\n|t:|1773811111\n|-terastallize|p1a: Calyrex|Fire\n|move|p2b: Indeedee|Helping Hand|p2a: Lunala\n|-singleturn|p2a: Lunala|Helping Hand|[of] p2b: Indeedee\n|move|p1b: Miraidon|Electro Drift|p2a: Lunala\n|-damage|p2a: Lunala|74/100\n|move|p2a: Lunala|Meteor Beam||[still]\n|-prepare|p2a: Lunala|Meteor Beam\n|-boost|p2a: Lunala|spa|1\n|-enditem|p2a: Lunala|Power Herb\n|-anim|p2a: Lunala|Meteor Beam|p1b: Miraidon\n|-damage|p1b: Miraidon|7/100\n|move|p1a: Calyrex|High Horsepower|p2a: Lunala\n|-damage|p2a: Lunala|40/100\n|\n|upkeep\n|turn|2\n|\n|t:|1773811131\n|switch|p1b: Farigiraf|Farigiraf, L50, M|100/100\n|move|p2b: Indeedee|Follow Me|p2b: Indeedee\n|-singleturn|p2b: Indeedee|move: Follow Me\n|move|p2a: Lunala|Expanding Force|p1b: Farigiraf|[spread] p1a,p1b\n|-resisted|p1b: Farigiraf\n|-crit|p1b: Farigiraf\n|-damage|p1a: Calyrex|37/100\n|-damage|p1b: Farigiraf|31/100\n|move|p1a: Calyrex|Glacial Lance|p2b: Indeedee|[spread] p2a,p2b\n|-damage|p2a: Lunala|0 fnt\n|-damage|p2b: Indeedee|48/100\n|faint|p2a: Lunala\n|-ability|p1a: Calyrex|Chilling Neigh|boost\n|-boost|p1a: Calyrex|atk|1\n|\n|upkeep\n|\n|t:|1773811142\n|switch|p2a: Ursaluna|Ursaluna, L50, F|100/100\n|turn|3\n|\n|t:|1773811149\n|-terastallize|p2a: Ursaluna|Bug\n|move|p2b: Indeedee|Helping Hand|p2a: Ursaluna\n|-singleturn|p2a: Ursaluna|Helping Hand|[of] p2b: Indeedee\n|move|p1b: Farigiraf|Foul Play|p2a: Ursaluna\n|-damage|p2a: Ursaluna|73/100\n|move|p2a: Ursaluna|Earthquake|p1b: Farigiraf|[spread] p2b,p1a,p1b\n|-supereffective|p1a: Calyrex\n|-damage|p2b: Indeedee|0 fnt\n|-damage|p1a: Calyrex|0 fnt\n|-damage|p1b: Farigiraf|0 fnt\n|faint|p2b: Indeedee\n|faint|p1a: Calyrex\n|faint|p1b: Farigiraf\n|\n|-status|p2a: Ursaluna|brn|[from] item: Flame Orb\n|upkeep\n|\n|t:|1773811157\n|switch|p2b: Koraidon|Koraidon, L50, shiny|100/100\n|switch|p1b: Miraidon|Miraidon, L50|7/100\n|switch|p1a: Urshifu|Urshifu-Rapid-Strike, L50, F|100/100\n|-fieldstart|move: Electric Terrain|[from] ability: Hadron Engine|[of] p1b: Miraidon\n|-weather|SunnyDay|[from] ability: Orichalcum Pulse|[of] p2b: Koraidon\n|-activate|p2b: Koraidon|Orichalcum Pulse|[source]\n|turn|4\n|\n|t:|1773811175\n|move|p1b: Miraidon|Draco Meteor|p2b: Koraidon\n|-supereffective|p2b: Koraidon\n|-damage|p2b: Koraidon|0 fnt\n|-unboost|p1b: Miraidon|spa|2\n|faint|p2b: Koraidon\n|move|p1a: Urshifu|Surging Strikes|p2a: Ursaluna\n|-crit|p2a: Ursaluna\n|-damage|p2a: Ursaluna|62/100 brn\n|-crit|p2a: Ursaluna\n|-damage|p2a: Ursaluna|49/100 brn\n|-crit|p2a: Ursaluna\n|-damage|p2a: Ursaluna|36/100 brn\n|-hitcount|p2a: Ursaluna|3\n|move|p2a: Ursaluna|Earthquake|p1b: Miraidon|[spread] p1a,p1b\n|-supereffective|p1b: Miraidon\n|-damage|p1a: Urshifu|35/100\n|-damage|p1b: Miraidon|0 fnt\n|faint|p1b: Miraidon\n|\n|-weather|SunnyDay|[upkeep]\n|-damage|p2a: Ursaluna|30/100 brn|[from] brn\n|upkeep\n|turn|5\n|-message|terafireflareblitz forfeited.\n|\n|t:|1773811187\n|move|p1a: Urshifu|Surging Strikes|p2a: Ursaluna\n|-crit|p2a: Ursaluna\n|-damage|p2a: Ursaluna|17/100 brn\n|-crit|p2a: Ursaluna\n|-damage|p2a: Ursaluna|6/100 brn\n|-crit|p2a: Ursaluna\n|-damage|p2a: Ursaluna|0 fnt\n|faint|p2a: Ursaluna\n|-hitcount|p2: Ursaluna|3\n|\n|win|Clueless Duelist\n|raw|Clueless Duelist's rating: 1359 &rarr; <strong>1383</strong><br />(+24 for winning)\n|raw|terafireflareblitz's rating: 1437 &rarr; <strong>1413</strong><br />(-24 for losing)\n","uploadtime":1773811187,"views":10,"formatid":"gen9vgc2026regi","rating":1383,"private":0,"password":null}