{"id":"gen9vgc2026regi-2517910192","format":"[Gen 9] VGC 2026 Reg I","players":["Cardking75","kojimuranishi"],"log":"|j|\u2606Cardking75\n|j|\u2606kojimuranishi\n|t:|1768324472\n|gametype|doubles\n|player|p1|Cardking75|170|1245\n|player|p2|kojimuranishi|169|1401\n|gen|9\n|tier|[Gen 9] VGC 2026 Reg I\n|rated|\n|rule|Species Clause: Limit one of each Pok\u00e9mon\n|rule|Item Clause: Limit 1 of each item\n|clearpoke\n|poke|p1|Kyurem-White, L50|\n|poke|p1|Ninetales-Alola, L50, F|\n|poke|p1|Landorus, L50, M|\n|poke|p1|Raging Bolt, L50|\n|poke|p1|Ogerpon-Wellspring, L50, F|\n|poke|p1|Lunala, L50|\n|poke|p2|Raging Bolt, L50|\n|poke|p2|Calyrex-Ice, L50|\n|poke|p2|Kyogre, L50|\n|poke|p2|Indeedee-F, L50, F|\n|poke|p2|Ursaluna, L50, F|\n|poke|p2|Urshifu-*, L50, M|\n|teampreview|4\n|inactive|Battle timer is ON: inactive players will automatically lose when time's up. (requested by Cardking75)\n|inactive|kojimuranishi has 60 seconds left.\n|\n|t:|1768324525\n|teamsize|p1|4\n|teamsize|p2|4\n|start\n|switch|p1a: Ogerpon|Ogerpon-Wellspring, L50, F|100/100\n|switch|p1b: Lunala|Lunala, L50|100/100\n|switch|p2a: Indeedee|Indeedee-F, L50, F|100/100\n|switch|p2b: Calyrex|Calyrex-Ice, L50|100/100\n|-ability|p2b: Calyrex|As One\n|-ability|p2b: Calyrex|Unnerve\n|-fieldstart|move: Psychic Terrain|[from] ability: Psychic Surge|[of] p2a: Indeedee\n|turn|1\n|inactive|kojimuranishi has 30 seconds left.\n|\n|t:|1768324557\n|move|p1a: Ogerpon|Ivy Cudgel|p2b: Calyrex|[anim] Ivy Cudgel Water\n|-damage|p2b: Calyrex|69/100\n|move|p1b: Lunala|Meteor Beam||[still]\n|-prepare|p1b: Lunala|Meteor Beam\n|-boost|p1b: Lunala|spa|1\n|-enditem|p1b: Lunala|Power Herb\n|-anim|p1b: Lunala|Meteor Beam|p2b: Calyrex\n|-supereffective|p2b: Calyrex\n|-damage|p2b: Calyrex|1/100\n|move|p2a: Indeedee|Heal Pulse|p2b: Calyrex\n|-heal|p2b: Calyrex|51/100\n|move|p2b: Calyrex|Leech Seed|p1b: Lunala\n|-start|p1b: Lunala|move: Leech Seed\n|\n|-heal|p2b: Calyrex|57/100|[from] item: Leftovers\n|-damage|p1b: Lunala|88/100|[from] Leech Seed|[of] p2b: Calyrex\n|-heal|p2b: Calyrex|72/100|[silent]\n|upkeep\n|turn|2\n|inactive|kojimuranishi has 30 seconds left.\n|inactive|kojimuranishi has 20 seconds left.\n|inactive|kojimuranishi has 15 seconds left.\n|inactive|kojimuranishi has 10 seconds left.\n|\n|t:|1768324606\n|move|p2b: Calyrex|Protect|p2b: Calyrex\n|-singleturn|p2b: Calyrex|Protect\n|move|p1a: Ogerpon|Follow Me|p1a: Ogerpon\n|-singleturn|p1a: Ogerpon|move: Follow Me\n|move|p1b: Lunala|Moongeist Beam|p2b: Calyrex\n|-activate|p2b: Calyrex|move: Protect\n|move|p2a: Indeedee|Trick Room|p2a: Indeedee\n|-fieldstart|move: Trick Room|[of] p2a: Indeedee\n|\n|-heal|p2b: Calyrex|77/100|[from] item: Leftovers\n|-damage|p1b: Lunala|76/100|[from] Leech Seed|[of] p2b: Calyrex\n|-heal|p2b: Calyrex|92/100|[silent]\n|upkeep\n|turn|3\n|inactive|kojimuranishi has 30 seconds left.\n|\n|t:|1768324635\n|switch|p2b: Ursaluna|Ursaluna, L50, F|100/100\n|move|p1b: Lunala|Wide Guard|p1b: Lunala\n|-singleturn|p1b: Lunala|Wide Guard\n|move|p2a: Indeedee|Psychic|p1a: Ogerpon\n|-damage|p1a: Ogerpon|60/100\n|move|p1a: Ogerpon|Ivy Cudgel|p2b: Ursaluna|[anim] Ivy Cudgel Water\n|-supereffective|p2b: Ursaluna\n|-damage|p2b: Ursaluna|25/100\n|\n|-damage|p1b: Lunala|64/100|[from] Leech Seed|[of] p2b: Ursaluna\n|-heal|p2b: Ursaluna|37/100|[silent]\n|-status|p2b: Ursaluna|brn|[from] item: Flame Orb\n|upkeep\n|turn|4\n|inactive|Cardking75 has 30 seconds left.\n|\n|t:|1768324661\n|move|p2b: Ursaluna|Rock Slide|p1a: Ogerpon|[spread] p1b\n|-miss|p2b: Ursaluna|p1a: Ogerpon\n|-damage|p1b: Lunala|37/100\n|move|p2a: Indeedee|Heal Pulse|p2b: Ursaluna\n|-heal|p2b: Ursaluna|87/100 brn\n|move|p1b: Lunala|Blizzard|p2a: Indeedee|[spread] p2a,p2b\n|-supereffective|p2b: Ursaluna\n|-damage|p2a: Indeedee|60/100\n|-damage|p2b: Ursaluna|9/100 brn\n|move|p1a: Ogerpon|Horn Leech|p2b: Ursaluna\n|-supereffective|p2b: Ursaluna\n|-damage|p2b: Ursaluna|0 fnt\n|-heal|p1a: Ogerpon|66/100|[from] drain|[of] p2b: Ursaluna\n|faint|p2b: Ursaluna\n|\n|upkeep\n|\n|t:|1768324685\n|switch|p2b: Calyrex|Calyrex-Ice, L50|92/100\n|-ability|p2b: Calyrex|As One\n|-ability|p2b: Calyrex|Unnerve\n|turn|5\n|\n|t:|1768324698\n|move|p1b: Lunala|Moongeist Beam|p2b: Calyrex\n|-supereffective|p2b: Calyrex\n|-damage|p2b: Calyrex|2/100\n|move|p1a: Ogerpon|Ivy Cudgel|p2a: Indeedee|[anim] Ivy Cudgel Water\n|-damage|p2a: Indeedee|6/100\n|move|p2b: Calyrex|Trick Room|p2b: Calyrex\n|-fieldend|move: Trick Room\n|move|p2a: Indeedee|Trick Room|p2a: Indeedee\n|-fieldstart|move: Trick Room|[of] p2a: Indeedee\n|\n|-heal|p2b: Calyrex|8/100|[from] item: Leftovers\n|-damage|p1b: Lunala|24/100|[from] Leech Seed|[of] p2b: Calyrex\n|-heal|p2b: Calyrex|22/100|[silent]\n|-fieldend|move: Psychic Terrain\n|upkeep\n|turn|6\n|\n|t:|1768324715\n|move|p2b: Calyrex|Glacial Lance|p1a: Ogerpon|[spread] p1a,p1b\n|-crit|p1b: Lunala\n|-damage|p1a: Ogerpon|16/100\n|-damage|p1b: Lunala|0 fnt\n|faint|p1b: Lunala\n|-ability|p2b: Calyrex|Chilling Neigh|boost\n|-boost|p2b: Calyrex|atk|1\n|move|p2a: Indeedee|Heal Pulse|p2b: Calyrex\n|-heal|p2b: Calyrex|72/100\n|move|p1a: Ogerpon|Ivy Cudgel|p2b: Calyrex|[anim] Ivy Cudgel Water\n|-damage|p2b: Calyrex|42/100\n|\n|-heal|p2b: Calyrex|47/100|[from] item: Leftovers\n|upkeep\n|\n|t:|1768324735\n|switch|p1b: Kyurem|Kyurem-White, L50|100/100\n|-ability|p1b: Kyurem|Turboblaze\n|turn|7\n|\n|t:|1768324749\n|switch|p1a: Ninetales|Ninetales-Alola, L50, F|100/100\n|-weather|Snowscape|[from] ability: Snow Warning|[of] p1a: Ninetales\n|-terastallize|p2b: Calyrex|Fairy\n|-terastallize|p1b: Kyurem|Ice\n|move|p2b: Calyrex|Leech Seed|p1b: Kyurem\n|-start|p1b: Kyurem|move: Leech Seed\n|move|p2a: Indeedee|Heal Pulse|p2b: Calyrex\n|-heal|p2b: Calyrex|98/100\n|move|p1b: Kyurem|Blizzard|p2b: Calyrex|[spread] p2a,p2b\n|-damage|p2a: Indeedee|0 fnt\n|-damage|p2b: Calyrex|39/100\n|faint|p2a: Indeedee\n|\n|-weather|Snowscape|[upkeep]\n|-heal|p2b: Calyrex|44/100|[from] item: Leftovers\n|-damage|p1b: Kyurem|88/100|[from] Leech Seed|[of] p2b: Calyrex\n|-heal|p2b: Calyrex|57/100|[silent]\n|upkeep\n|\n|t:|1768324770\n|switch|p2a: Urshifu|Urshifu-Rapid-Strike, L50, M|100/100\n|turn|8\n|\n|t:|1768324781\n|move|p2b: Calyrex|Leech Seed|p1a: Ninetales|[miss]\n|-miss|p2b: Calyrex|p1a: Ninetales\n|move|p1b: Kyurem|Blizzard|p2a: Urshifu|[spread] p2a,p2b\n|-resisted|p2a: Urshifu\n|-damage|p2a: Urshifu|16/100\n|-damage|p2b: Calyrex|0 fnt\n|faint|p2b: Calyrex\n|move|p2a: Urshifu|Close Combat|p1b: Kyurem\n|-supereffective|p1b: Kyurem\n|-damage|p1b: Kyurem|4/100\n|-unboost|p2a: Urshifu|def|1\n|-unboost|p2a: Urshifu|spd|1\n|move|p1a: Ninetales|Aurora Veil|p1a: Ninetales\n|-sidestart|p1: Cardking75|move: Aurora Veil\n|\n|-weather|Snowscape|[upkeep]\n|upkeep\n|turn|9\n|\n|t:|1768324799\n|move|p1b: Kyurem|Blizzard|p2a: Urshifu\n|-resisted|p2a: Urshifu\n|-damage|p2a: Urshifu|0 fnt\n|faint|p2a: Urshifu\n|\n|win|Cardking75\n|raw|Cardking75's rating: 1245 &rarr; <strong>1281</strong><br />(+36 for winning)\n|raw|kojimuranishi's rating: 1401 &rarr; <strong>1373</strong><br />(-28 for losing)\n|l|\u2606Cardking75\n|player|p1|\n|l|\u2606kojimuranishi\n|player|p2|\n","uploadtime":1768324982,"views":15,"formatid":"gen9vgc2026regi","rating":1281,"private":0,"password":null}