{"id":"gen9vgc2026regi-2536300216","format":"[Gen 9] VGC 2026 Reg I","players":["yamato-tak","Tritonfrostbane"],"log":"|j|\u2606yamato-tak\n|j|\u2606Tritonfrostbane\n|t:|1770672546\n|gametype|doubles\n|player|p1|yamato-tak|266|1485\n|player|p2|Tritonfrostbane|266|1395\n|gen|9\n|tier|[Gen 9] VGC 2026 Reg I\n|rated|\n|rule|Species Clause: Limit one of each Pok\u00e9mon\n|rule|Item Clause: Limit 1 of each item\n|clearpoke\n|poke|p1|Miraidon, L50|\n|poke|p1|Calyrex-Ice, L50|\n|poke|p1|Volcarona, L50, F|\n|poke|p1|Araquanid, L50, M|\n|poke|p1|Grimmsnarl, L50, M|\n|poke|p1|Rillaboom, L50, M|\n|poke|p2|Calyrex-Ice, L50|\n|poke|p2|Indeedee-F, L50, F|\n|poke|p2|Lunala, L50|\n|poke|p2|Torkoal, L50, F|\n|poke|p2|Smeargle, L50, F|\n|poke|p2|Urshifu-*, L50, M|\n|teampreview|4\n|inactive|Battle timer is ON: inactive players will automatically lose when time's up. (requested by yamato-tak)\n|j| cutieillunie\n|\n|t:|1770672566\n|teamsize|p1|4\n|teamsize|p2|4\n|start\n|switch|p1a: Calyrex|Calyrex-Ice, L50|100/100\n|switch|p1b: Grimmsnarl|Grimmsnarl, L50, M, shiny|100/100\n|switch|p2a: Smeargle|Smeargle, L50, F|100/100\n|switch|p2b: Lunala|Lunala, L50, shiny|100/100\n|-ability|p1a: Calyrex|As One\n|-ability|p1a: Calyrex|Unnerve\n|turn|1\n|inactive|yamato-tak has 30 seconds left.\n|\n|t:|1770672591\n|move|p2a: Smeargle|Fake Out|p1b: Grimmsnarl\n|-damage|p1b: Grimmsnarl|93/100\n|cant|p1b: Grimmsnarl|flinch\n|move|p2b: Lunala|Meteor Beam||[still]\n|-prepare|p2b: Lunala|Meteor Beam\n|-boost|p2b: Lunala|spa|1\n|-enditem|p2b: Lunala|Power Herb\n|-anim|p2b: Lunala|Meteor Beam|p1a: Calyrex\n|-supereffective|p1a: Calyrex\n|-damage|p1a: Calyrex|23/100\n|move|p1a: Calyrex|Leech Seed|p2b: Lunala\n|-start|p2b: Lunala|move: Leech Seed\n|\n|-damage|p2b: Lunala|88/100|[from] Leech Seed|[of] p1a: Calyrex\n|-heal|p1a: Calyrex|38/100|[silent]\n|upkeep\n|turn|2\n|\n|t:|1770672613\n|move|p1a: Calyrex|Protect|p1a: Calyrex\n|-singleturn|p1a: Calyrex|Protect\n|move|p1b: Grimmsnarl|Parting Shot|p2b: Lunala\n|-unboost|p2b: Lunala|atk|1\n|-unboost|p2b: Lunala|spa|1\n|\n|t:|1770672620\n|switch|p1b: Miraidon|Miraidon, L50, shiny|100/100|[from] Parting Shot\n|-fieldstart|move: Electric Terrain|[from] ability: Hadron Engine|[of] p1b: Miraidon\n|move|p2a: Smeargle|Spore|p1b: Miraidon\n|-activate|p1b: Miraidon|move: Electric Terrain\n|move|p2b: Lunala|Moongeist Beam|p1b: Miraidon\n|-damage|p1b: Miraidon|59/100\n|\n|-damage|p2b: Lunala|75/100|[from] Leech Seed|[of] p1a: Calyrex\n|-heal|p1a: Calyrex|52/100|[silent]\n|upkeep\n|turn|3\n|\n|t:|1770672643\n|switch|p1b: Grimmsnarl|Grimmsnarl, L50, M, shiny|93/100\n|switch|p2a: Indeedee|Indeedee-F, L50, F|100/100\n|-fieldstart|move: Psychic Terrain|[from] ability: Psychic Surge|[of] p2a: Indeedee\n|move|p2b: Lunala|Expanding Force|p1a: Calyrex|[spread] p1a\n|-immune|p1b: Grimmsnarl\n|-resisted|p1a: Calyrex\n|-damage|p1a: Calyrex|34/100\n|move|p1a: Calyrex|Glacial Lance|p2a: Indeedee|[spread] p2a,p2b\n|-damage|p2a: Indeedee|53/100\n|-damage|p2b: Lunala|30/100\n|\n|-damage|p2b: Lunala|18/100|[from] Leech Seed|[of] p1a: Calyrex\n|-heal|p1a: Calyrex|48/100|[silent]\n|upkeep\n|turn|4\n|\n|t:|1770672664\n|move|p1a: Calyrex|Protect|p1a: Calyrex\n|-singleturn|p1a: Calyrex|Protect\n|move|p2a: Indeedee|Follow Me|p2a: Indeedee\n|-singleturn|p2a: Indeedee|move: Follow Me\n|move|p1b: Grimmsnarl|Light Screen|p1b: Grimmsnarl\n|-sidestart|p1: yamato-tak|move: Light Screen\n|move|p2b: Lunala|Trick Room|p2b: Lunala\n|-fieldstart|move: Trick Room|[of] p2b: Lunala\n|\n|-damage|p2b: Lunala|5/100|[from] Leech Seed|[of] p1a: Calyrex\n|-heal|p1a: Calyrex|63/100|[silent]\n|upkeep\n|turn|5\n|\n|t:|1770672686\n|move|p1b: Grimmsnarl|Reflect|p1b: Grimmsnarl\n|-sidestart|p1: yamato-tak|Reflect\n|move|p1a: Calyrex|Glacial Lance|p2a: Indeedee|[spread] p2a,p2b\n|-damage|p2a: Indeedee|0 fnt\n|-damage|p2b: Lunala|0 fnt\n|faint|p2a: Indeedee\n|faint|p2b: Lunala\n|-ability|p1a: Calyrex|Chilling Neigh|boost\n|-boost|p1a: Calyrex|atk|2\n|\n|upkeep\n|\n|t:|1770672695\n|switch|p2a: Torkoal|Torkoal, L50, F|100/100\n|switch|p2b: Smeargle|Smeargle, L50, F|100/100\n|-weather|SunnyDay|[from] ability: Drought|[of] p2a: Torkoal\n|turn|6\n|j| riyuezi\n|inactive|yamato-tak has 30 seconds left.\n|\n|t:|1770672721\n|-terastallize|p2a: Torkoal|Fire\n|move|p2b: Smeargle|Follow Me|p2b: Smeargle\n|-singleturn|p2b: Smeargle|move: Follow Me\n|move|p1b: Grimmsnarl|Parting Shot|p2b: Smeargle\n|-activate|p2b: Smeargle|move: Psychic Terrain\n|move|p2a: Torkoal|Eruption|p1a: Calyrex|[spread] p1a,p1b\n|-supereffective|p1a: Calyrex\n|-damage|p1a: Calyrex|0 fnt\n|-damage|p1b: Grimmsnarl|1/100\n|faint|p1a: Calyrex\n|\n|-weather|SunnyDay|[upkeep]\n|upkeep\n|\n|t:|1770672724\n|switch|p1a: Araquanid|Araquanid, L50, M, shiny|100/100\n|turn|7\n|\n|t:|1770672744\n|switch|p1b: Miraidon|Miraidon, L50, shiny|59/100\n|-fieldstart|move: Electric Terrain|[from] ability: Hadron Engine|[of] p1b: Miraidon\n|move|p2b: Smeargle|Follow Me|p2b: Smeargle\n|-singleturn|p2b: Smeargle|move: Follow Me\n|move|p2a: Torkoal|Eruption|p1b: Miraidon|[spread] p1a,p1b\n|-resisted|p1b: Miraidon\n|-damage|p1a: Araquanid|64/100\n|-damage|p1b: Miraidon|23/100\n|move|p1a: Araquanid|Leech Life|p2b: Smeargle\n|-damage|p2b: Smeargle|31/100\n|-heal|p1a: Araquanid|96/100|[from] drain|[of] p2b: Smeargle\n|\n|-weather|SunnyDay|[upkeep]\n|upkeep\n|turn|8\n|\n|t:|1770672764\n|move|p1a: Araquanid|Wide Guard|p1a: Araquanid\n|-singleturn|p1a: Araquanid|Wide Guard\n|move|p2b: Smeargle|Follow Me|p2b: Smeargle\n|-singleturn|p2b: Smeargle|move: Follow Me\n|move|p2a: Torkoal|Eruption|p1b: Miraidon|[spread] \n|-activate|p1a: Araquanid|move: Wide Guard\n|-activate|p1b: Miraidon|move: Wide Guard\n|move|p1b: Miraidon|Parabolic Charge|p2b: Smeargle|[spread] p2a,p2b\n|-activate|p1a: Araquanid|move: Wide Guard\n|-damage|p2a: Torkoal|46/100\n|-heal|p1b: Miraidon|47/100|[from] drain|[of] p2a: Torkoal\n|-damage|p2b: Smeargle|0 fnt\n|-heal|p1b: Miraidon|59/100|[from] drain|[of] p2b: Smeargle\n|faint|p2b: Smeargle\n|\n|-weather|SunnyDay|[upkeep]\n|-fieldend|move: Trick Room\n|upkeep\n|turn|9\n|-message|Tritonfrostbane forfeited.\n|\n|win|yamato-tak\n|raw|yamato-tak's rating: 1485 &rarr; <strong>1500</strong><br />(+15 for winning)\n|raw|Tritonfrostbane's rating: 1395 &rarr; <strong>1380</strong><br />(-15 for losing)\n|l|\u2606Tritonfrostbane\n|player|p2|\n|l|\u2606yamato-tak\n|player|p1|\n|l| riyuezi\n|l| cutieillunie\n","uploadtime":1770672992,"views":13,"formatid":"gen9vgc2026regi","rating":1380,"private":0,"password":null}