{"id":"gen9vgc2026regi-2551864313","format":"[Gen 9] VGC 2026 Reg I","players":["Schimmli","soten soten"],"log":"|j|\u2606Schimmli\n|j|\u2606soten soten\n|t:|1772651684\n|gametype|doubles\n|player|p1|Schimmli|2|1448\n|player|p2|soten soten|hilbert|1433\n|gen|9\n|tier|[Gen 9] VGC 2026 Reg I\n|rated|\n|rule|Species Clause: Limit one of each Pok\u00e9mon\n|rule|Item Clause: Limit 1 of each item\n|clearpoke\n|poke|p1|Terapagos, L50, M|\n|poke|p1|Calyrex-Shadow, L50|\n|poke|p1|Flutter Mane, L50|\n|poke|p1|Ogerpon-Cornerstone, L50, F|\n|poke|p1|Incineroar, L50, F|\n|poke|p1|Rillaboom, L50, M|\n|poke|p2|Koraidon, L50|\n|poke|p2|Calyrex-Ice, L50|\n|poke|p2|Incineroar, L50, M|\n|poke|p2|Brute Bonnet, L50|\n|poke|p2|Rillaboom, L50, F|\n|poke|p2|Landorus, L50, M|\n|teampreview|4\n|inactive|Battle timer is ON: inactive players will automatically lose when time's up. (requested by soten soten)\n|inactive|Schimmli has 60 seconds left.\n|inactive|Schimmli has 30 seconds left.\n|inactive|Schimmli has 20 seconds left.\n|inactive|Schimmli has 15 seconds left.\n|inactive|Schimmli has 10 seconds left.\n|\n|t:|1772651765\n|teamsize|p1|4\n|teamsize|p2|4\n|start\n|switch|p1a: Terapagos|Terapagos, L50, M|100/100\n|switch|p1b: Incineroar|Incineroar, L50, F, shiny|100/100\n|switch|p2a: Calyrex|Calyrex-Ice, L50|100/100\n|switch|p2b: Incineroar|Incineroar, L50, M|100/100\n|-activate|p1a: Terapagos|ability: Tera Shift\n|detailschange|p1a: Terapagos|Terapagos-Terastal, L50, M\n|-heal|p1a: Terapagos|100/100|[silent]\n|-ability|p2a: Calyrex|As One\n|-ability|p2a: Calyrex|Unnerve\n|-ability|p1b: Incineroar|Intimidate|boost\n|-unboost|p2a: Calyrex|atk|1\n|-unboost|p2b: Incineroar|atk|1\n|-ability|p2b: Incineroar|Intimidate|boost\n|-unboost|p1a: Terapagos|atk|1\n|-unboost|p1b: Incineroar|atk|1\n|turn|1\n|\n|t:|1772651784\n|move|p2a: Calyrex|Protect|p2a: Calyrex\n|-singleturn|p2a: Calyrex|Protect\n|move|p1a: Terapagos|Calm Mind|p1a: Terapagos\n|-boost|p1a: Terapagos|spa|1\n|-boost|p1a: Terapagos|spd|1\n|move|p1b: Incineroar|Will-O-Wisp|p2a: Calyrex\n|-activate|p2a: Calyrex|move: Protect\n|move|p2b: Incineroar|Parting Shot|p1a: Terapagos\n|-unboost|p1a: Terapagos|atk|1\n|-unboost|p1a: Terapagos|spa|1\n|\n|t:|1772651795\n|switch|p2b: Landorus|Landorus, L50, M|100/100|[from] Parting Shot\n|\n|upkeep\n|turn|2\n|\n|t:|1772651814\n|switch|p1b: Rillaboom|Rillaboom, L50, M|100/100\n|-fieldstart|move: Grassy Terrain|[from] ability: Grassy Surge|[of] p1b: Rillaboom\n|move|p2b: Landorus|Earth Power|p1b: Rillaboom\n|-resisted|p1b: Rillaboom\n|-damage|p1b: Rillaboom|78/100\n|move|p1a: Terapagos|Calm Mind|p1a: Terapagos\n|-boost|p1a: Terapagos|spa|1\n|-boost|p1a: Terapagos|spd|1\n|move|p2a: Calyrex|Leech Seed|p1a: Terapagos\n|-start|p1a: Terapagos|move: Leech Seed\n|\n|-heal|p1b: Rillaboom|84/100|[from] Grassy Terrain\n|-damage|p1a: Terapagos|88/100|[from] Leech Seed|[of] p2a: Calyrex\n|upkeep\n|turn|3\n|\n|t:|1772651836\n|move|p1b: Rillaboom|Fake Out|p2a: Calyrex\n|-damage|p2a: Calyrex|92/100\n|move|p2b: Landorus|Sludge Bomb|p1b: Rillaboom\n|-supereffective|p1b: Rillaboom\n|-damage|p1b: Rillaboom|19/100\n|move|p1a: Terapagos|Tera Starstorm|p2b: Landorus\n|-damage|p2b: Landorus|20/100\n|cant|p2a: Calyrex|flinch\n|\n|-heal|p1a: Terapagos|94/100|[from] Grassy Terrain\n|-heal|p1a: Terapagos|100/100|[from] item: Leftovers\n|-heal|p1b: Rillaboom|25/100|[from] Grassy Terrain\n|-heal|p2a: Calyrex|98/100|[from] Grassy Terrain\n|-heal|p2a: Calyrex|100/100|[from] item: Leftovers\n|-damage|p1a: Terapagos|88/100|[from] Leech Seed|[of] p2a: Calyrex\n|upkeep\n|turn|4\n|\n|t:|1772651859\n|switch|p2b: Incineroar|Incineroar, L50, M|100/100\n|-ability|p2b: Incineroar|Intimidate|boost\n|-unboost|p1a: Terapagos|atk|1\n|-unboost|p1b: Rillaboom|atk|1\n|switch|p1b: Incineroar|Incineroar, L50, F, shiny|100/100\n|-ability|p1b: Incineroar|Intimidate|boost\n|-unboost|p2a: Calyrex|atk|1\n|-unboost|p2b: Incineroar|atk|1\n|move|p2a: Calyrex|Protect|p2a: Calyrex\n|-singleturn|p2a: Calyrex|Protect\n|move|p1a: Terapagos|Tera Starstorm|p2a: Calyrex\n|-activate|p2a: Calyrex|move: Protect\n|\n|-heal|p1a: Terapagos|94/100|[from] Grassy Terrain\n|-heal|p1a: Terapagos|100/100|[from] item: Leftovers\n|-damage|p1a: Terapagos|88/100|[from] Leech Seed|[of] p2a: Calyrex\n|upkeep\n|turn|5\n|\n|t:|1772651877\n|switch|p2a: Landorus|Landorus, L50, M|20/100\n|move|p2b: Incineroar|Fake Out|p1a: Terapagos\n|-damage|p1a: Terapagos|83/100\n|cant|p1a: Terapagos|flinch\n|move|p1b: Incineroar|Knock Off|p2a: Landorus\n|-damage|p2a: Landorus|0 fnt\n|-enditem|p2a: Landorus|Life Orb|[from] move: Knock Off|[of] p1b: Incineroar\n|faint|p2a: Landorus\n|\n|-heal|p1a: Terapagos|89/100|[from] Grassy Terrain\n|-heal|p1a: Terapagos|95/100|[from] item: Leftovers\n|upkeep\n|\n|t:|1772651895\n|switch|p2a: Brute Bonnet|Brute Bonnet, L50|100/100\n|turn|6\n|\n|t:|1772651919\n|move|p1a: Terapagos|Protect|p1a: Terapagos\n|-singleturn|p1a: Terapagos|Protect\n|move|p2a: Brute Bonnet|Spore|p1b: Incineroar\n|-status|p1b: Incineroar|slp|[from] move: Spore\n|cant|p1b: Incineroar|slp\n|move|p2b: Incineroar|Parting Shot|p1a: Terapagos\n|-activate|p1a: Terapagos|move: Protect\n|\n|-heal|p1a: Terapagos|100/100|[from] Grassy Terrain\n|-damage|p1a: Terapagos|88/100|[from] Leech Seed|[of] p2a: Brute Bonnet\n|-fieldend|move: Grassy Terrain\n|upkeep\n|turn|7\n|\n|t:|1772651937\n|-terastallize|p1a: Terapagos|Stellar\n|detailschange|p1a: Terapagos|Terapagos-Stellar, L50, M, tera:Stellar\n|-heal|p1a: Terapagos|91/100|[silent]\n|move|p1a: Terapagos|Earth Power|p2b: Incineroar\n|-supereffective|p2b: Incineroar\n|-damage|p2b: Incineroar|16/100\n|move|p2a: Brute Bonnet|Spore|p1a: Terapagos\n|-status|p1a: Terapagos|slp|[from] move: Spore\n|-curestatus|p1b: Incineroar|slp|[msg]\n|move|p1b: Incineroar|Parting Shot|p2b: Incineroar\n|-unboost|p2b: Incineroar|atk|1\n|-unboost|p2b: Incineroar|spa|1\n|\n|t:|1772651950\n|switch|p1b: Rillaboom|Rillaboom, L50, M|25/100|[from] Parting Shot\n|-fieldstart|move: Grassy Terrain|[from] ability: Grassy Surge|[of] p1b: Rillaboom\n|move|p2b: Incineroar|Parting Shot|p1a: Terapagos\n|-unboost|p1a: Terapagos|atk|1\n|-unboost|p1a: Terapagos|spa|1\n|\n|t:|1772651957\n|switch|p2b: Calyrex|Calyrex-Ice, L50|100/100|[from] Parting Shot\n|-ability|p2b: Calyrex|As One\n|-ability|p2b: Calyrex|Unnerve\n|\n|-heal|p1a: Terapagos|97/100 slp|[from] Grassy Terrain\n|-heal|p1a: Terapagos|100/100 slp|[from] item: Leftovers\n|-heal|p1b: Rillaboom|31/100|[from] Grassy Terrain\n|-damage|p1a: Terapagos|88/100 slp|[from] Leech Seed|[of] p2a: Brute Bonnet\n|upkeep\n|turn|8\n|\n|t:|1772651971\n|switch|p1a: Incineroar|Incineroar, L50, F, shiny|100/100\n|-ability|p1a: Incineroar|Intimidate|boost\n|-unboost|p2a: Brute Bonnet|atk|1\n|-unboost|p2b: Calyrex|atk|1\n|-end|p2a: Brute Bonnet|Protosynthesis|[silent]\n|switch|p2a: Incineroar|Incineroar, L50, M|16/100\n|-ability|p2a: Incineroar|Intimidate|boost\n|-unboost|p1a: Incineroar|atk|1\n|-unboost|p1b: Rillaboom|atk|1\n|move|p1b: Rillaboom|U-turn|p2a: Incineroar\n|-damage|p2a: Incineroar|5/100\n|\n|t:|1772651981\n|switch|p1b: Terapagos|Terapagos-Stellar, L50, M, tera:Stellar|88/100 slp|[from] U-turn\n|move|p2b: Calyrex|Glacial Lance|p1a: Incineroar|[spread] p1a,p1b\n|-resisted|p1a: Incineroar\n|-damage|p1a: Incineroar|89/100\n|-damage|p1b: Terapagos|69/100 slp\n|\n|-heal|p1b: Terapagos|75/100 slp|[from] Grassy Terrain\n|-heal|p1b: Terapagos|81/100 slp|[from] item: Leftovers\n|-heal|p1a: Incineroar|95/100|[from] Grassy Terrain\n|-heal|p2a: Incineroar|11/100|[from] Grassy Terrain\n|upkeep\n|turn|9\n|\n|t:|1772651990\n|switch|p2a: Brute Bonnet|Brute Bonnet, L50|100/100\n|move|p1a: Incineroar|Fake Out|p2a: Brute Bonnet\n|-damage|p2a: Brute Bonnet|95/100\n|cant|p1b: Terapagos|slp\n|move|p2b: Calyrex|Leech Seed|p1b: Terapagos\n|-start|p1b: Terapagos|move: Leech Seed\n|\n|-heal|p1b: Terapagos|88/100 slp|[from] Grassy Terrain\n|-heal|p1b: Terapagos|94/100 slp|[from] item: Leftovers\n|-heal|p2a: Brute Bonnet|100/100|[from] Grassy Terrain\n|-heal|p1a: Incineroar|100/100|[from] Grassy Terrain\n|-damage|p1b: Terapagos|81/100 slp|[from] Leech Seed|[of] p2b: Calyrex\n|upkeep\n|turn|10\n|\n|t:|1772652013\n|cant|p1b: Terapagos|slp\n|move|p2a: Brute Bonnet|Spore|p1a: Incineroar\n|-status|p1a: Incineroar|slp|[from] move: Spore\n|cant|p1a: Incineroar|slp\n|move|p2b: Calyrex|Glacial Lance|p1b: Terapagos|[spread] p1a,p1b\n|-resisted|p1a: Incineroar\n|-damage|p1a: Incineroar|87/100 slp\n|-damage|p1b: Terapagos|63/100 slp\n|\n|-heal|p1b: Terapagos|69/100 slp|[from] Grassy Terrain\n|-heal|p1b: Terapagos|75/100 slp|[from] item: Leftovers\n|-heal|p1a: Incineroar|93/100 slp|[from] Grassy Terrain\n|-damage|p1b: Terapagos|63/100 slp|[from] Leech Seed|[of] p2b: Calyrex\n|upkeep\n|turn|11\n|\n|t:|1772652027\n|-curestatus|p1b: Terapagos|slp|[msg]\n|move|p1b: Terapagos|Tera Starstorm|p2a: Brute Bonnet|[spread] p2a,p2b\n|-damage|p2a: Brute Bonnet|71/100\n|-damage|p2b: Calyrex|79/100\n|move|p2a: Brute Bonnet|Spore|p1b: Terapagos\n|-status|p1b: Terapagos|slp|[from] move: Spore\n|-curestatus|p1a: Incineroar|slp|[msg]\n|move|p1a: Incineroar|Knock Off|p2b: Calyrex\n|-supereffective|p2b: Calyrex\n|-damage|p2b: Calyrex|50/100\n|-enditem|p2b: Calyrex|Leftovers|[from] move: Knock Off|[of] p1a: Incineroar\n|move|p2b: Calyrex|Glacial Lance|p1b: Terapagos|[spread] p1a,p1b\n|-resisted|p1a: Incineroar\n|-damage|p1a: Incineroar|80/100\n|-damage|p1b: Terapagos|44/100 slp\n|\n|-heal|p1b: Terapagos|50/100 slp|[from] Grassy Terrain\n|-heal|p1b: Terapagos|57/100 slp|[from] item: Leftovers\n|-heal|p2a: Brute Bonnet|77/100|[from] Grassy Terrain\n|-heal|p1a: Incineroar|86/100|[from] Grassy Terrain\n|-heal|p2b: Calyrex|56/100|[from] Grassy Terrain\n|-damage|p1b: Terapagos|44/100 slp|[from] Leech Seed|[of] p2b: Calyrex\n|-heal|p2b: Calyrex|72/100|[silent]\n|-fieldend|move: Grassy Terrain\n|upkeep\n|turn|12\n|inactive|Schimmli has 30 seconds left.\n|\n|t:|1772652057\n|cant|p1b: Terapagos|slp\n|move|p2a: Brute Bonnet|Spore|p1a: Incineroar\n|-status|p1a: Incineroar|slp|[from] move: Spore\n|cant|p1a: Incineroar|slp\n|move|p2b: Calyrex|Glacial Lance|p1a: Incineroar|[spread] p1a,p1b\n|-resisted|p1a: Incineroar\n|-damage|p1a: Incineroar|71/100 slp\n|-damage|p1b: Terapagos|25/100 slp\n|\n|-heal|p1b: Terapagos|32/100 slp|[from] item: Leftovers\n|-damage|p1b: Terapagos|19/100 slp|[from] Leech Seed|[of] p2b: Calyrex\n|-heal|p2b: Calyrex|87/100|[silent]\n|upkeep\n|turn|13\n|inactive|soten soten has 30 seconds left.\n|inactive|soten soten has 20 seconds left.\n|inactive|soten soten has 15 seconds left.\n|\n|t:|1772652099\n|switch|p2b: Incineroar|Incineroar, L50, M|11/100\n|-ability|p2b: Incineroar|Intimidate|boost\n|-unboost|p1a: Incineroar|atk|1\n|-unboost|p1b: Terapagos|atk|1\n|move|p2a: Brute Bonnet|Sucker Punch|p1b: Terapagos\n|-damage|p1b: Terapagos|4/100 slp\n|cant|p1b: Terapagos|slp\n|cant|p1a: Incineroar|slp\n|\n|-heal|p1b: Terapagos|10/100 slp|[from] item: Leftovers\n|-damage|p1b: Terapagos|0 fnt|[from] Leech Seed|[of] p2b: Incineroar\n|-heal|p2b: Incineroar|23/100|[silent]\n|faint|p1b: Terapagos\n|detailschange|p1: Terapagos|Terapagos, L50, M|[silent]\n|upkeep\n|\n|t:|1772652114\n|switch|p1b: Rillaboom|Rillaboom, L50, M|31/100\n|-fieldstart|move: Grassy Terrain|[from] ability: Grassy Surge|[of] p1b: Rillaboom\n|turn|14\n|inactive|soten soten has 30 seconds left.\n|inactive|soten soten has 20 seconds left.\n|inactive|soten soten has 15 seconds left.\n|\n|t:|1772652156\n|switch|p2b: Calyrex|Calyrex-Ice, L50|87/100\n|-ability|p2b: Calyrex|As One\n|-ability|p2b: Calyrex|Unnerve\n|move|p1b: Rillaboom|Fake Out|p2b: Calyrex\n|-crit|p2b: Calyrex\n|-damage|p2b: Calyrex|75/100\n|move|p2a: Brute Bonnet|Sucker Punch||[still]\n|-fail|p2a: Brute Bonnet\n|-curestatus|p1a: Incineroar|slp|[msg]\n|move|p1a: Incineroar|Knock Off|p2a: Brute Bonnet\n|-resisted|p2a: Brute Bonnet\n|-damage|p2a: Brute Bonnet|71/100\n|-enditem|p2a: Brute Bonnet|Covert Cloak|[from] move: Knock Off|[of] p1a: Incineroar\n|\n|-heal|p1b: Rillaboom|37/100|[from] Grassy Terrain\n|-heal|p2a: Brute Bonnet|77/100|[from] Grassy Terrain\n|-heal|p1a: Incineroar|77/100|[from] Grassy Terrain\n|-heal|p2b: Calyrex|81/100|[from] Grassy Terrain\n|upkeep\n|turn|15\n|\n|t:|1772652177\n|move|p1b: Rillaboom|U-turn|p2a: Brute Bonnet\n|-supereffective|p2a: Brute Bonnet\n|-damage|p2a: Brute Bonnet|17/100\n|\n|t:|1772652181\n|switch|p1b: Calyrex|Calyrex-Shadow, L50|100/100|[from] U-turn\n|-ability|p1b: Calyrex|As One\n|-ability|p1b: Calyrex|Unnerve\n|move|p2a: Brute Bonnet|Spore|p1a: Incineroar\n|-status|p1a: Incineroar|slp|[from] move: Spore\n|cant|p1a: Incineroar|slp\n|move|p2b: Calyrex|Glacial Lance|p1a: Incineroar|[spread] p1a,p1b\n|-resisted|p1a: Incineroar\n|-crit|p1a: Incineroar\n|-damage|p1a: Incineroar|49/100 slp\n|-damage|p1b: Calyrex|35/100\n|\n|-heal|p1b: Calyrex|41/100|[from] Grassy Terrain\n|-heal|p2a: Brute Bonnet|22/100|[from] Grassy Terrain\n|-heal|p1a: Incineroar|54/100 slp|[from] Grassy Terrain\n|-heal|p2b: Calyrex|87/100|[from] Grassy Terrain\n|upkeep\n|turn|16\n|inactive|soten soten has 30 seconds left.\n|inactive|soten soten has 20 seconds left.\n|inactive|soten soten has 15 seconds left.\n|\n|t:|1772652224\n|-terastallize|p2b: Calyrex|Fairy\n|move|p1b: Calyrex|Protect|p1b: Calyrex\n|-singleturn|p1b: Calyrex|Protect\n|move|p2a: Brute Bonnet|Sucker Punch||[still]\n|-fail|p2a: Brute Bonnet\n|-curestatus|p1a: Incineroar|slp|[msg]\n|move|p1a: Incineroar|Parting Shot|p2b: Calyrex\n|-unboost|p2b: Calyrex|atk|1\n|-unboost|p2b: Calyrex|spa|1\n|\n|t:|1772652234\n|switch|p1a: Rillaboom|Rillaboom, L50, M|37/100|[from] Parting Shot\n|move|p2b: Calyrex|Glacial Lance|p1a: Rillaboom|[spread] p1a\n|-activate|p1b: Calyrex|move: Protect\n|-supereffective|p1a: Rillaboom\n|-damage|p1a: Rillaboom|0 fnt\n|faint|p1a: Rillaboom\n|-ability|p2b: Calyrex|Chilling Neigh|boost\n|-boost|p2b: Calyrex|atk|1\n|\n|-heal|p1b: Calyrex|47/100|[from] Grassy Terrain\n|-heal|p2a: Brute Bonnet|28/100|[from] Grassy Terrain\n|-heal|p2b: Calyrex|93/100|[from] Grassy Terrain\n|upkeep\n|\n|t:|1772652239\n|switch|p1a: Incineroar|Incineroar, L50, F, shiny|54/100\n|-ability|p1a: Incineroar|Intimidate|boost\n|-unboost|p2a: Brute Bonnet|atk|1\n|-unboost|p2b: Calyrex|atk|1\n|turn|17\n|\n|t:|1772652252\n|switch|p2b: Incineroar|Incineroar, L50, M|23/100\n|-ability|p2b: Incineroar|Intimidate|boost\n|-unboost|p1a: Incineroar|atk|1\n|-unboost|p1b: Calyrex|atk|1\n|move|p2a: Brute Bonnet|Protect|p2a: Brute Bonnet\n|-singleturn|p2a: Brute Bonnet|Protect\n|move|p1a: Incineroar|Fake Out|p2b: Incineroar\n|-damage|p2b: Incineroar|17/100\n|move|p1b: Calyrex|Will-O-Wisp|p2b: Incineroar\n|-immune|p2b: Incineroar\n|\n|-heal|p1b: Calyrex|52/100|[from] Grassy Terrain\n|-heal|p2a: Brute Bonnet|34/100|[from] Grassy Terrain\n|-heal|p1a: Incineroar|60/100|[from] Grassy Terrain\n|-heal|p2b: Incineroar|23/100|[from] Grassy Terrain\n|upkeep\n|turn|18\n|-message|Schimmli forfeited.\n|\n|win|soten soten\n|raw|Schimmli's rating: 1448 &rarr; <strong>1427</strong><br />(-21 for losing)\n|raw|soten soten's rating: 1433 &rarr; <strong>1454</strong><br />(+21 for winning)\n|l|\u2606Schimmli\n|player|p1|\n|l|\u2606soten soten\n|player|p2|\n","uploadtime":1772652534,"views":14,"formatid":"gen9vgc2026regi","rating":1427,"private":0,"password":null}