{"id":"gen9vgc2026regi-2578844800","format":"[Gen 9] VGC 2026 Reg I","players":["swordsdanceurshifu","Galact7adi"],"log":"|j|\u2606swordsdanceurshifu\n|j|\u2606Galact7adi\n|t:|1775726641\n|gametype|doubles\n|player|p1|swordsdanceurshifu|265|1450\n|player|p2|Galact7adi|hilbert|1414\n|gen|9\n|tier|[Gen 9] VGC 2026 Reg I\n|rated|\n|rule|Species Clause: Limit one of each Pok\u00e9mon\n|rule|Item Clause: Limit 1 of each item\n|clearpoke\n|poke|p1|Terapagos, L50, M|\n|poke|p1|Ho-Oh, L50|\n|poke|p1|Raging Bolt, L50|\n|poke|p1|Urshifu-*, L50, F|\n|poke|p1|Incineroar, L50, M|\n|poke|p1|Sinistcha, L50|\n|poke|p2|Calyrex-Shadow, L50|\n|poke|p2|Zamazenta-*, L50|\n|poke|p2|Chien-Pao, L50|\n|poke|p2|Dragonite, L50, M|\n|poke|p2|Amoonguss, L50, F|\n|poke|p2|Ogerpon-Cornerstone, L50, F|\n|teampreview|4\n|inactive|Battle timer is ON: inactive players will automatically lose when time's up. (requested by Galact7adi)\n|inactive|swordsdanceurshifu also wants the timer to be on.\n|inactive|swordsdanceurshifu has 60 seconds left.\n|inactive|Galact7adi has 60 seconds left.\n|\n|t:|1775726693\n|teamsize|p1|4\n|teamsize|p2|4\n|start\n|switch|p1a: Terapagos|Terapagos, L50, M|100/100\n|switch|p1b: Incineroar|Incineroar, L50, M|100/100\n|switch|p2a: Calyrex|Calyrex-Shadow, L50|100/100\n|switch|p2b: Amoonguss|Amoonguss, L50, F|100/100\n|-activate|p1a: Terapagos|ability: Tera Shift\n|detailschange|p1a: Terapagos|Terapagos-Terastal, L50, M\n|-heal|p1a: Terapagos|100/100|[silent]\n|-ability|p2a: Calyrex|As One\n|-ability|p2a: Calyrex|Unnerve\n|-ability|p1b: Incineroar|Intimidate|boost\n|-unboost|p2a: Calyrex|atk|1\n|-unboost|p2b: Amoonguss|atk|1\n|turn|1\n|\n|t:|1775726705\n|switch|p2a: Zamazenta|Zamazenta-Crowned, L50|100/100\n|-ability|p2a: Zamazenta|Dauntless Shield|boost\n|-boost|p2a: Zamazenta|def|1\n|move|p1b: Incineroar|Fake Out|p2b: Amoonguss\n|-damage|p2b: Amoonguss|92/100\n|-damage|p1b: Incineroar|84/100|[from] item: Rocky Helmet|[of] p2b: Amoonguss\n|move|p1a: Terapagos|Calm Mind|p1a: Terapagos\n|-boost|p1a: Terapagos|spa|1\n|-boost|p1a: Terapagos|spd|1\n|cant|p2b: Amoonguss|flinch\n|\n|upkeep\n|turn|2\n|\n|t:|1775726723\n|switch|p1b: Sinistcha|Sinistcha, L50|100/100\n|move|p1a: Terapagos|Protect|p1a: Terapagos\n|-singleturn|p1a: Terapagos|Protect\n|move|p2a: Zamazenta|Body Press|p1b: Sinistcha\n|-immune|p1b: Sinistcha\n|move|p2b: Amoonguss|Spore|p1a: Terapagos\n|-activate|p1a: Terapagos|move: Protect\n|\n|upkeep\n|turn|3\n|\n|t:|1775726745\n|move|p2a: Zamazenta|Protect|p2a: Zamazenta\n|-singleturn|p2a: Zamazenta|Protect\n|move|p1b: Sinistcha|Rage Powder|p1b: Sinistcha\n|-singleturn|p1b: Sinistcha|move: Rage Powder\n|move|p1a: Terapagos|Tera Starstorm|p2b: Amoonguss\n|-damage|p2b: Amoonguss|17/100\n|move|p2b: Amoonguss|Spore|p1a: Terapagos\n|-status|p1a: Terapagos|slp|[from] move: Spore\n|\n|upkeep\n|turn|4\n|\n|t:|1775726761\n|switch|p2b: Calyrex|Calyrex-Shadow, L50|100/100\n|-ability|p2b: Calyrex|As One\n|-ability|p2b: Calyrex|Unnerve\n|move|p1b: Sinistcha|Rage Powder|p1b: Sinistcha\n|-singleturn|p1b: Sinistcha|move: Rage Powder\n|move|p2a: Zamazenta|Behemoth Bash|p1b: Sinistcha\n|-damage|p1b: Sinistcha|61/100\n|cant|p1a: Terapagos|slp\n|\n|upkeep\n|turn|5\n|\n|t:|1775726783\n|switch|p1b: Incineroar|Incineroar, L50, M|84/100\n|-ability|p1b: Incineroar|Intimidate|boost\n|-unboost|p2a: Zamazenta|atk|1\n|-unboost|p2b: Calyrex|atk|1\n|-curestatus|p1a: Terapagos|slp|[msg]\n|move|p1a: Terapagos|Protect|p1a: Terapagos\n|-singleturn|p1a: Terapagos|Protect\n|move|p2b: Calyrex|Astral Barrage|p1b: Incineroar|[spread] p1b\n|-activate|p1a: Terapagos|move: Protect\n|-resisted|p1b: Incineroar\n|-damage|p1b: Incineroar|68/100\n|move|p2a: Zamazenta|Body Press|p1a: Terapagos\n|-activate|p1a: Terapagos|move: Protect\n|\n|upkeep\n|turn|6\n|inactive|swordsdanceurshifu has 30 seconds left.\n|\n|t:|1775726818\n|move|p1b: Incineroar|Fake Out|p2a: Zamazenta\n|-resisted|p2a: Zamazenta\n|-damage|p2a: Zamazenta|98/100\n|move|p2b: Calyrex|Encore|p1a: Terapagos\n|-start|p1a: Terapagos|Encore\n|cant|p2a: Zamazenta|flinch\n|move|p1a: Terapagos|Protect||[still]\n|-fail|p1a: Terapagos\n|\n|upkeep\n|turn|7\n|-message|swordsdanceurshifu forfeited.\n|\n|win|Galact7adi\n|raw|swordsdanceurshifu's rating: 1450 &rarr; <strong>1428</strong><br />(-22 for losing)\n|raw|Galact7adi's rating: 1414 &rarr; <strong>1436</strong><br />(+22 for winning)\n|l|\u2606swordsdanceurshifu\n|player|p1|\n|l|\u2606Galact7adi\n|player|p2|\n","uploadtime":1775726961,"views":9,"formatid":"gen9vgc2026regi","rating":1428,"private":0,"password":null}