{"id":"gen9vgc2026regi-2569427007","format":"[Gen 9] VGC 2026 Reg I","players":["KCLord","Timentom2"],"log":"|j|\u2606KCLord\n|j|\u2606Timentom2\n|t:|1774693274\n|gametype|doubles\n|player|p1|KCLord|lucas|1295\n|player|p2|Timentom2|266|1243\n|gen|9\n|tier|[Gen 9] VGC 2026 Reg I\n|rated|\n|rule|Species Clause: Limit one of each Pok\u00e9mon\n|rule|Item Clause: Limit 1 of each item\n|clearpoke\n|poke|p1|Calyrex-Shadow, L50|\n|poke|p1|Zamazenta-*, L50|\n|poke|p1|Chien-Pao, L50|\n|poke|p1|Raging Bolt, L50|\n|poke|p1|Amoonguss, L50, F|\n|poke|p1|Rillaboom, L50, M|\n|poke|p2|Pincurchin, L50, M|\n|poke|p2|Raging Bolt, L50|\n|poke|p2|Grimmsnarl, L50, M|\n|poke|p2|Koraidon, L50|\n|poke|p2|Calyrex-Ice, L50|\n|poke|p2|Flutter Mane, L50|\n|teampreview|4\n|inactive|Battle timer is ON: inactive players will automatically lose when time's up. (requested by Timentom2)\nTimentom2 has agreed to open team sheets.\n|inactive|KCLord has 60 seconds left.\n|\n|t:|1774693316\n|teamsize|p1|4\n|teamsize|p2|4\n|start\n|switch|p1a: Ramazotti-C|Zamazenta-Crowned, L50|100/100\n|switch|p1b: Rillaboom|Rillaboom, L50, M|100/100\n|switch|p2a: Grimmsnarl|Grimmsnarl, L50, M|100/100\n|switch|p2b: Calyrex|Calyrex-Ice, L50|100/100\n|-ability|p2b: Calyrex|As One\n|-ability|p2b: Calyrex|Unnerve\n|-ability|p1a: Ramazotti-C|Dauntless Shield|boost\n|-boost|p1a: Ramazotti-C|def|1\n|-fieldstart|move: Grassy Terrain|[from] ability: Grassy Surge|[of] p1b: Rillaboom\n|turn|1\n|inactive|KCLord has 30 seconds left.\n|\n|t:|1774693346\n|move|p1b: Rillaboom|Fake Out|p2a: Grimmsnarl\n|-damage|p2a: Grimmsnarl|87/100\n|cant|p2a: Grimmsnarl|flinch\n|move|p1a: Ramazotti-C|Body Press|p2b: Calyrex\n|-damage|p2b: Calyrex|60/100\n|move|p2b: Calyrex|Glacial Lance|p1a: Ramazotti-C|[spread] p1a,p1b\n|-resisted|p1a: Ramazotti-C\n|-supereffective|p1b: Rillaboom\n|-damage|p1a: Ramazotti-C|89/100\n|-damage|p1b: Rillaboom|0 fnt\n|faint|p1b: Rillaboom\n|-ability|p2b: Calyrex|Chilling Neigh|boost\n|-boost|p2b: Calyrex|atk|1\n|\n|-heal|p1a: Ramazotti-C|95/100|[from] Grassy Terrain\n|-heal|p2a: Grimmsnarl|93/100|[from] Grassy Terrain\n|-heal|p2b: Calyrex|66/100|[from] Grassy Terrain\n|upkeep\n|inactive|KCLord has 30 seconds left.\n|\n|t:|1774693376\n|switch|p1b: Chien-Pao|Chien-Pao, L50|100/100\n|-ability|p1b: Chien-Pao|Sword of Ruin\n|turn|2\n|\n|t:|1774693392\n|move|p2a: Grimmsnarl|Reflect|p2a: Grimmsnarl\n|-sidestart|p2: Timentom2|Reflect\n|move|p1b: Chien-Pao|Crunch|p2b: Calyrex\n|-supereffective|p2b: Calyrex\n|-damage|p2b: Calyrex|20/100\n|-damage|p1b: Chien-Pao|90/100|[from] item: Life Orb\n|move|p1a: Ramazotti-C|Body Press|p2a: Grimmsnarl\n|-damage|p2a: Grimmsnarl|29/100\n|move|p2b: Calyrex|High Horsepower|p1a: Ramazotti-C\n|-supereffective|p1a: Ramazotti-C\n|-crit|p1a: Ramazotti-C\n|-damage|p1a: Ramazotti-C|0 fnt\n|faint|p1a: Ramazotti-C\n|-ability|p2b: Calyrex|Chilling Neigh|boost\n|-boost|p2b: Calyrex|atk|1\n|\n|-heal|p1b: Chien-Pao|97/100|[from] Grassy Terrain\n|-heal|p2a: Grimmsnarl|35/100|[from] Grassy Terrain\n|-heal|p2b: Calyrex|26/100|[from] Grassy Terrain\n|upkeep\n|\n|t:|1774693406\n|switch|p1a: Calyrex|Calyrex-Shadow, L50|100/100\n|-ability|p1a: Calyrex|As One\n|-ability|p1a: Calyrex|Unnerve\n|turn|3\n|\n|t:|1774693429\n|move|p2b: Calyrex|Protect|p2b: Calyrex\n|-singleturn|p2b: Calyrex|Protect\n|move|p2a: Grimmsnarl|Light Screen|p2a: Grimmsnarl\n|-sidestart|p2: Timentom2|move: Light Screen\n|move|p1a: Calyrex|Astral Barrage|p2a: Grimmsnarl|[spread] p2a\n|-activate|p2b: Calyrex|move: Protect\n|-resisted|p2a: Grimmsnarl\n|-damage|p2a: Grimmsnarl|17/100\n|move|p1b: Chien-Pao|Ice Spinner|p2a: Grimmsnarl\n|-damage|p2a: Grimmsnarl|0 fnt\n|-fieldend|move: Grassy Terrain\n|faint|p2a: Grimmsnarl\n|-damage|p1b: Chien-Pao|87/100|[from] item: Life Orb\n|\n|upkeep\n|\n|t:|1774693449\n|switch|p2a: Koraidon|Koraidon, L50|100/100\n|-weather|SunnyDay|[from] ability: Orichalcum Pulse|[of] p2a: Koraidon\n|-activate|p2a: Koraidon|Orichalcum Pulse|[source]\n|turn|4\n|inactive|KCLord has 30 seconds left.\n|inactive|KCLord has 20 seconds left.\n|\n|t:|1774693487\n|switch|p2b: Raging Bolt|Raging Bolt, L50|100/100\n|-activate|p2b: Raging Bolt|ability: Protosynthesis\n|-start|p2b: Raging Bolt|protosynthesisspa\n|-terastallize|p2a: Koraidon|Fire\n|-terastallize|p1b: Chien-Pao|Poison\n|move|p1b: Chien-Pao|Sucker Punch|p2a: Koraidon\n|-damage|p2a: Koraidon|69/100\n|-damage|p1b: Chien-Pao|77/100|[from] item: Life Orb\n|move|p1a: Calyrex|Astral Barrage|p2a: Koraidon|[spread] p2a,p2b\n|-damage|p2a: Koraidon|31/100\n|-damage|p2b: Raging Bolt|79/100\n|move|p2a: Koraidon|Flame Charge|p1b: Chien-Pao\n|-damage|p1b: Chien-Pao|0 fnt\n|-boost|p2a: Koraidon|spe|1\n|faint|p1b: Chien-Pao\n|-damage|p2a: Koraidon|21/100|[from] item: Life Orb\n|\n|-weather|SunnyDay|[upkeep]\n|upkeep\n|turn|5\n|-message|KCLord forfeited.\n|\n|win|Timentom2\n|raw|KCLord's rating: 1295 &rarr; <strong>1266</strong><br />(-29 for losing)\n|raw|Timentom2's rating: 1243 &rarr; <strong>1272</strong><br />(+29 for winning)\n|l|\u2606KCLord\n|player|p1|\n","uploadtime":1774693534,"views":20,"formatid":"gen9vgc2026regi","rating":1266,"private":0,"password":null}