{"id":"gen9vgc2026regi-2565231159","format":"[Gen 9] VGC 2026 Reg I","players":["charlyv09","EllenJoe2026"],"log":"|j|\u2606charlyv09\n|j|\u2606EllenJoe2026\n|t:|1774248131\n|gametype|doubles\n|player|p1|charlyv09|elesa|1311\n|player|p2|EllenJoe2026|102|1419\n|gen|9\n|tier|[Gen 9] VGC 2026 Reg I\n|rated|\n|rule|Species Clause: Limit one of each Pok\u00e9mon\n|rule|Item Clause: Limit 1 of each item\n|clearpoke\n|poke|p1|Thundurus, L50, M|\n|poke|p1|Kyogre, L50|\n|poke|p1|Volcarona, L50, F|\n|poke|p1|Rillaboom, L50, M|\n|poke|p1|Chien-Pao, L50|\n|poke|p1|Giratina-Origin, L50|\n|poke|p2|Calyrex-Shadow, L50|\n|poke|p2|Zamazenta-*, L50|\n|poke|p2|Incineroar, L50, F|\n|poke|p2|Rillaboom, L50, F|\n|poke|p2|Smeargle, L50, F|\n|poke|p2|Tornadus, L50, M|\n|teampreview|4\n|inactive|Battle timer is ON: inactive players will automatically lose when time's up. (requested by EllenJoe2026)\n|\n|t:|1774248156\n|teamsize|p1|4\n|teamsize|p2|4\n|start\n|switch|p1a: Kyogre|Kyogre, L50|100/100\n|switch|p1b: Thundurus|Thundurus, L50, M, shiny|100/100\n|switch|p2a: Calyrex|Calyrex-Shadow, L50|100/100\n|switch|p2b: Smeargle|Smeargle, L50, F, shiny|100/100\n|-ability|p2a: Calyrex|As One\n|-ability|p2a: Calyrex|Unnerve\n|-weather|RainDance|[from] ability: Drizzle|[of] p1a: Kyogre\n|turn|1\n|\n|t:|1774248180\n|-terastallize|p1a: Kyogre|Grass\n|move|p2a: Calyrex|Protect|p2a: Calyrex\n|-singleturn|p2a: Calyrex|Protect\n|move|p1b: Thundurus|Thunder Wave|p2a: Calyrex\n|-activate|p2a: Calyrex|move: Protect\n|move|p2b: Smeargle|Decorate|p2a: Calyrex\n|-boost|p2a: Calyrex|atk|2\n|-boost|p2a: Calyrex|spa|2\n|move|p1a: Kyogre|Water Spout|p2b: Smeargle|[spread] p2b\n|-activate|p2a: Calyrex|move: Protect\n|-enditem|p2b: Smeargle|Focus Sash\n|-damage|p2b: Smeargle|1/100\n|\n|-weather|RainDance|[upkeep]\n|-ability|p2b: Smeargle|Moody|boost\n|-boost|p2b: Smeargle|spa|2\n|-unboost|p2b: Smeargle|atk|1\n|upkeep\n|turn|2\n|\n|t:|1774248204\n|-terastallize|p2a: Calyrex|Dark\n|move|p1b: Thundurus|Thunder Wave|p2a: Calyrex\n|-hint|Since gen 7, Dark is immune to Prankster moves.\n|-immune|p2a: Calyrex\n|move|p2a: Calyrex|Astral Barrage|p1a: Kyogre|[spread] p1a,p1b\n|-damage|p1a: Kyogre|8/100\n|-damage|p1b: Thundurus|0 fnt\n|faint|p1b: Thundurus\n|-ability|p2a: Calyrex|Grim Neigh|boost\n|-boost|p2a: Calyrex|spa|1\n|move|p2b: Smeargle|Decorate|p2a: Calyrex\n|-boost|p2a: Calyrex|atk|2\n|-boost|p2a: Calyrex|spa|2\n|move|p1a: Kyogre|Water Spout|p2b: Smeargle|[spread] p2a,p2b\n|-damage|p2a: Calyrex|91/100\n|-damage|p2b: Smeargle|0 fnt\n|faint|p2b: Smeargle\n|\n|-weather|RainDance|[upkeep]\n|upkeep\n|\n|t:|1774248229\n|switch|p1b: Chien-Pao|Chien-Pao, L50|100/100\n|switch|p2b: Tornadus|Tornadus, L50, M, shiny|100/100\n|-ability|p1b: Chien-Pao|Sword of Ruin\n|turn|3\n|\n|t:|1774248237\n|move|p1a: Kyogre|Protect|p1a: Kyogre\n|-singleturn|p1a: Kyogre|Protect\n|move|p2b: Tornadus|Tailwind|p2b: Tornadus\n|-sidestart|p2: EllenJoe2026|move: Tailwind\n|move|p2a: Calyrex|Astral Barrage|p1a: Kyogre|[spread] p1b\n|-activate|p1a: Kyogre|move: Protect\n|-resisted|p1b: Chien-Pao\n|-enditem|p1b: Chien-Pao|Focus Sash\n|-damage|p1b: Chien-Pao|1/100\n|move|p1b: Chien-Pao|Sacred Sword|p2a: Calyrex\n|-supereffective|p2a: Calyrex\n|-damage|p2a: Calyrex|0 fnt\n|faint|p2a: Calyrex\n|\n|-weather|RainDance|[upkeep]\n|upkeep\n|\n|t:|1774248252\n|switch|p2a: Incineroar|Incineroar, L50, F, shiny|100/100\n|-ability|p2a: Incineroar|Intimidate|boost\n|-unboost|p1a: Kyogre|atk|1\n|-unboost|p1b: Chien-Pao|atk|1\n|turn|4\n|\n|t:|1774248260\n|switch|p1a: Giratina|Giratina-Origin, L50|100/100\n|move|p1b: Chien-Pao|Protect|p1b: Chien-Pao\n|-singleturn|p1b: Chien-Pao|Protect\n|move|p2b: Tornadus|Bleakwind Storm|p1b: Chien-Pao|[spread] p1a\n|-activate|p1b: Chien-Pao|move: Protect\n|-damage|p1a: Giratina|79/100\n|move|p2a: Incineroar|Knock Off|p1b: Chien-Pao\n|-activate|p1b: Chien-Pao|move: Protect\n|\n|-weather|RainDance|[upkeep]\n|upkeep\n|turn|5\n|\n|t:|1774248284\n|switch|p1b: Kyogre|Kyogre, L50, tera:Grass|8/100\n|move|p2b: Tornadus|Bleakwind Storm|p1a: Giratina|[spread] p1a,p1b\n|-supereffective|p1b: Kyogre\n|-damage|p1a: Giratina|57/100\n|-damage|p1b: Kyogre|0 fnt\n|faint|p1b: Kyogre\n|move|p2a: Incineroar|Knock Off|p1a: Giratina\n|-supereffective|p1a: Giratina\n|-damage|p1a: Giratina|19/100\n|move|p1a: Giratina|Poltergeist|p2b: Tornadus\n|-activate|p2b: Tornadus|move: Poltergeist|Mental Herb\n|-crit|p2b: Tornadus\n|-damage|p2b: Tornadus|0 fnt\n|faint|p2b: Tornadus\n|\n|-weather|none\n|upkeep\n|\n|t:|1774248301\n|switch|p1b: Chien-Pao|Chien-Pao, L50|1/100\n|-ability|p1b: Chien-Pao|Sword of Ruin\n|turn|6\n|\n|t:|1774248306\n|move|p1b: Chien-Pao|Protect|p1b: Chien-Pao\n|-singleturn|p1b: Chien-Pao|Protect\n|move|p1a: Giratina|Protect|p1a: Giratina\n|-singleturn|p1a: Giratina|Protect\n|move|p2a: Incineroar|Knock Off|p1b: Chien-Pao\n|-activate|p1b: Chien-Pao|move: Protect\n|\n|-sideend|p2: EllenJoe2026|move: Tailwind\n|upkeep\n|turn|7\n|\n|t:|1774248325\n|move|p1b: Chien-Pao|Sacred Sword|p2a: Incineroar\n|-supereffective|p2a: Incineroar\n|-damage|p2a: Incineroar|47/100\n|move|p1a: Giratina|Draco Meteor|p2a: Incineroar\n|-damage|p2a: Incineroar|0 fnt\n|-unboost|p1a: Giratina|spa|2\n|faint|p2a: Incineroar\n|\n|win|charlyv09\n|raw|charlyv09's rating: 1311 &rarr; <strong>1337</strong><br />(+26 for winning)\n|raw|EllenJoe2026's rating: 1419 &rarr; <strong>1393</strong><br />(-26 for losing)\n|l|\u2606EllenJoe2026\n|player|p2|\n|l|\u2606charlyv09\n|player|p1|\n","uploadtime":1774248586,"views":11,"formatid":"gen9vgc2026regi","rating":1337,"private":0,"password":null}