{"id":"gen9vgc2026regi-2551545258","format":"[Gen 9] VGC 2026 Reg I","players":["kojimuranishi","drive stone"],"log":"|j|\u2606kojimuranishi\n|j|\u2606drive stone\n|t:|1772619213\n|gametype|doubles\n|player|p1|kojimuranishi|101|1542\n|player|p2|drive stone|cilan|1480\n|gen|9\n|tier|[Gen 9] VGC 2026 Reg I\n|rated|\n|rule|Species Clause: Limit one of each Pok\u00e9mon\n|rule|Item Clause: Limit 1 of each item\n|clearpoke\n|poke|p1|Raging Bolt, L50|\n|poke|p1|Calyrex-Ice, L50|\n|poke|p1|Kyogre, L50|\n|poke|p1|Indeedee-F, L50, F|\n|poke|p1|Ursaluna, L50, M|\n|poke|p1|Chien-Pao, L50|\n|poke|p2|Calyrex-Ice, L50|\n|poke|p2|Ho-Oh, L50|\n|poke|p2|Overqwil, L50, M|\n|poke|p2|Rillaboom, L50, M|\n|poke|p2|Ting-Lu, L50|\n|poke|p2|Ogerpon-Wellspring, L50, F|\n|teampreview|4\n|inactive|Battle timer is ON: inactive players will automatically lose when time's up. (requested by kojimuranishi)\n|\n|t:|1772619231\n|teamsize|p1|4\n|teamsize|p2|4\n|start\n|switch|p1a: Indeedee|Indeedee-F, L50, F|100/100\n|switch|p1b: Calyrex|Calyrex-Ice, L50|100/100\n|switch|p2a: Calyrex|Calyrex-Ice, L50|100/100\n|switch|p2b: Overqwil|Overqwil, L50, M|100/100\n|-ability|p2a: Calyrex|As One\n|-ability|p2a: Calyrex|Unnerve\n|-ability|p1b: Calyrex|As One\n|-ability|p1b: Calyrex|Unnerve\n|-ability|p2b: Overqwil|Intimidate|boost\n|-unboost|p1a: Indeedee|atk|1\n|-unboost|p1b: Calyrex|atk|1\n|-fieldstart|move: Psychic Terrain|[from] ability: Psychic Surge|[of] p1a: Indeedee\n|turn|1\n|\n|t:|1772619255\n|move|p2b: Overqwil|Toxic Spikes|p1b: Calyrex\n|-sidestart|p1: kojimuranishi|move: Toxic Spikes\n|move|p2a: Calyrex|Leech Seed|p1b: Calyrex|[miss]\n|-miss|p2a: Calyrex|p1b: Calyrex\n|move|p1b: Calyrex|Leech Seed|p2a: Calyrex|[miss]\n|-miss|p1b: Calyrex|p2a: Calyrex\n|move|p1a: Indeedee|Trick Room|p1a: Indeedee\n|-fieldstart|move: Trick Room|[of] p1a: Indeedee\n|\n|upkeep\n|turn|2\n|\n|t:|1772619272\n|move|p1a: Indeedee|Follow Me|p1a: Indeedee\n|-singleturn|p1a: Indeedee|move: Follow Me\n|move|p1b: Calyrex|Leech Seed|p2a: Calyrex\n|-start|p2a: Calyrex|move: Leech Seed\n|move|p2a: Calyrex|Leech Seed|p1a: Indeedee\n|-start|p1a: Indeedee|move: Leech Seed\n|move|p2b: Overqwil|Toxic Spikes|p1b: Calyrex\n|-sidestart|p1: kojimuranishi|move: Toxic Spikes\n|\n|-damage|p2a: Calyrex|88/100|[from] Leech Seed|[of] p1b: Calyrex\n|-damage|p1a: Indeedee|88/100|[from] Leech Seed|[of] p2a: Calyrex\n|-heal|p2a: Calyrex|99/100|[silent]\n|upkeep\n|turn|3\n|\n|t:|1772619289\n|move|p1a: Indeedee|Follow Me|p1a: Indeedee\n|-singleturn|p1a: Indeedee|move: Follow Me\n|move|p1b: Calyrex|Glacial Lance|p2a: Calyrex|[spread] p2a,p2b\n|-resisted|p2a: Calyrex\n|-damage|p2a: Calyrex|91/100\n|-damage|p2b: Overqwil|69/100\n|move|p2a: Calyrex|Glacial Lance|p1b: Calyrex|[spread] p1a,p1b\n|-resisted|p1b: Calyrex\n|-damage|p1a: Indeedee|38/100\n|-damage|p1b: Calyrex|87/100\n|move|p2b: Overqwil|Throat Chop|p1a: Indeedee\n|-supereffective|p1a: Indeedee\n|-damage|p1a: Indeedee|0 fnt\n|faint|p1a: Indeedee\n|\n|-heal|p1b: Calyrex|93/100|[from] item: Leftovers\n|-heal|p2a: Calyrex|97/100|[from] item: Leftovers\n|-heal|p2b: Overqwil|75/100|[from] item: Black Sludge\n|-damage|p2a: Calyrex|85/100|[from] Leech Seed|[of] p1b: Calyrex\n|-heal|p1b: Calyrex|100/100|[silent]\n|upkeep\n|\n|t:|1772619308\n|switch|p1a: Ursaluna|Ursaluna, L50, M|100/100\n|-status|p1a: Ursaluna|tox\n|turn|4\n|\n|t:|1772619326\n|switch|p2b: Rillaboom|Rillaboom, L50, M|100/100\n|-fieldstart|move: Grassy Terrain|[from] ability: Grassy Surge|[of] p2b: Rillaboom\n|move|p1a: Ursaluna|Facade|p2a: Calyrex\n|-damage|p2a: Calyrex|24/100\n|move|p1b: Calyrex|Glacial Lance|p2a: Calyrex|[spread] p2a,p2b\n|-resisted|p2a: Calyrex\n|-supereffective|p2b: Rillaboom\n|-crit|p2b: Rillaboom\n|-damage|p2a: Calyrex|15/100\n|-damage|p2b: Rillaboom|0 fnt\n|faint|p2b: Rillaboom\n|-ability|p1b: Calyrex|Chilling Neigh|boost\n|-boost|p1b: Calyrex|atk|1\n|move|p2a: Calyrex|Leech Seed|p1b: Calyrex\n|-start|p1b: Calyrex|move: Leech Seed\n|\n|-heal|p2a: Calyrex|21/100|[from] Grassy Terrain\n|-heal|p2a: Calyrex|27/100|[from] item: Leftovers\n|-damage|p1b: Calyrex|88/100|[from] Leech Seed|[of] p2a: Calyrex\n|-heal|p2a: Calyrex|39/100|[silent]\n|-damage|p2a: Calyrex|27/100|[from] Leech Seed|[of] p1b: Calyrex\n|-heal|p1b: Calyrex|100/100|[silent]\n|-damage|p1a: Ursaluna|95/100 tox|[from] psn\n|upkeep\n|\n|t:|1772619350\n|switch|p2b: Overqwil|Overqwil, L50, M|75/100\n|-ability|p2b: Overqwil|Intimidate|boost\n|-unboost|p1a: Ursaluna|atk|1\n|-unboost|p1b: Calyrex|atk|1\n|turn|5\n|\n|t:|1772619369\n|move|p2a: Calyrex|Protect|p2a: Calyrex\n|-singleturn|p2a: Calyrex|Protect\n|move|p2b: Overqwil|Protect|p2b: Overqwil\n|-singleturn|p2b: Overqwil|Protect\n|move|p1a: Ursaluna|Facade|p2a: Calyrex\n|-activate|p2a: Calyrex|move: Protect\n|move|p1b: Calyrex|Leech Seed|p2b: Overqwil\n|-activate|p2b: Overqwil|move: Protect\n|\n|-heal|p1a: Ursaluna|100/100 tox|[from] Grassy Terrain\n|-heal|p2a: Calyrex|33/100|[from] Grassy Terrain\n|-heal|p2a: Calyrex|39/100|[from] item: Leftovers\n|-heal|p2b: Overqwil|82/100|[from] Grassy Terrain\n|-heal|p2b: Overqwil|88/100|[from] item: Black Sludge\n|-damage|p1b: Calyrex|88/100|[from] Leech Seed|[of] p2a: Calyrex\n|-heal|p2a: Calyrex|51/100|[silent]\n|-damage|p2a: Calyrex|39/100|[from] Leech Seed|[of] p1b: Calyrex\n|-heal|p1b: Calyrex|100/100|[silent]\n|-damage|p1a: Ursaluna|89/100 tox|[from] psn\n|-fieldend|move: Trick Room\n|upkeep\n|turn|6\n|\n|t:|1772619393\n|move|p1a: Ursaluna|Protect|p1a: Ursaluna\n|-singleturn|p1a: Ursaluna|Protect\n|move|p2b: Overqwil|Throat Chop|p1a: Ursaluna\n|-activate|p1a: Ursaluna|move: Protect\n|move|p2a: Calyrex|Glacial Lance|p1a: Ursaluna|[spread] p1b\n|-activate|p1a: Ursaluna|move: Protect\n|-resisted|p1b: Calyrex\n|-damage|p1b: Calyrex|86/100\n|move|p1b: Calyrex|Trick Room|p1b: Calyrex\n|-fieldstart|move: Trick Room|[of] p1b: Calyrex\n|\n|-heal|p1a: Ursaluna|95/100 tox|[from] Grassy Terrain\n|-heal|p1b: Calyrex|92/100|[from] Grassy Terrain\n|-heal|p1b: Calyrex|98/100|[from] item: Leftovers\n|-heal|p2a: Calyrex|44/100|[from] Grassy Terrain\n|-heal|p2a: Calyrex|50/100|[from] item: Leftovers\n|-heal|p2b: Overqwil|94/100|[from] Grassy Terrain\n|-heal|p2b: Overqwil|100/100|[from] item: Black Sludge\n|-damage|p1b: Calyrex|86/100|[from] Leech Seed|[of] p2a: Calyrex\n|-heal|p2a: Calyrex|62/100|[silent]\n|-damage|p2a: Calyrex|50/100|[from] Leech Seed|[of] p1b: Calyrex\n|-heal|p1b: Calyrex|98/100|[silent]\n|-damage|p1a: Ursaluna|77/100 tox|[from] psn\n|upkeep\n|turn|7\n|inactive|drive stone has 30 seconds left.\n|\n|t:|1772619422\n|switch|p2b: Ogerpon|Ogerpon-Wellspring, L50, F|100/100\n|move|p2a: Calyrex|Protect|p2a: Calyrex\n|-singleturn|p2a: Calyrex|Protect\n|move|p1a: Ursaluna|Facade|p2a: Calyrex\n|-activate|p2a: Calyrex|move: Protect\n|move|p1b: Calyrex|Leech Seed|p2b: Ogerpon\n|-immune|p2b: Ogerpon\n|\n|-heal|p1b: Calyrex|100/100|[from] Grassy Terrain\n|-heal|p1a: Ursaluna|83/100 tox|[from] Grassy Terrain\n|-heal|p2a: Calyrex|56/100|[from] Grassy Terrain\n|-heal|p2a: Calyrex|62/100|[from] item: Leftovers\n|-damage|p1b: Calyrex|88/100|[from] Leech Seed|[of] p2a: Calyrex\n|-heal|p2a: Calyrex|74/100|[silent]\n|-damage|p2a: Calyrex|62/100|[from] Leech Seed|[of] p1b: Calyrex\n|-heal|p1b: Calyrex|100/100|[silent]\n|-damage|p1a: Ursaluna|59/100 tox|[from] psn\n|upkeep\n|turn|8\n|inactive|drive stone has 30 seconds left.\n|\n|t:|1772619450\n|switch|p2b: Overqwil|Overqwil, L50, M|100/100\n|-ability|p2b: Overqwil|Intimidate|boost\n|-unboost|p1a: Ursaluna|atk|1\n|-unboost|p1b: Calyrex|atk|1\n|move|p1a: Ursaluna|Protect|p1a: Ursaluna\n|-singleturn|p1a: Ursaluna|Protect\n|move|p1b: Calyrex|Glacial Lance|p2b: Overqwil|[spread] p2a,p2b\n|-resisted|p2a: Calyrex\n|-damage|p2a: Calyrex|56/100\n|-damage|p2b: Overqwil|79/100\n|move|p2a: Calyrex|Glacial Lance|p1a: Ursaluna|[spread] p1b\n|-activate|p1a: Ursaluna|move: Protect\n|-resisted|p1b: Calyrex\n|-damage|p1b: Calyrex|86/100\n|\n|-heal|p1a: Ursaluna|65/100 tox|[from] Grassy Terrain\n|-heal|p1b: Calyrex|91/100|[from] Grassy Terrain\n|-heal|p1b: Calyrex|97/100|[from] item: Leftovers\n|-heal|p2a: Calyrex|62/100|[from] Grassy Terrain\n|-heal|p2a: Calyrex|68/100|[from] item: Leftovers\n|-heal|p2b: Overqwil|85/100|[from] Grassy Terrain\n|-heal|p2b: Overqwil|91/100|[from] item: Black Sludge\n|-damage|p1b: Calyrex|85/100|[from] Leech Seed|[of] p2a: Calyrex\n|-heal|p2a: Calyrex|80/100|[silent]\n|-damage|p2a: Calyrex|68/100|[from] Leech Seed|[of] p1b: Calyrex\n|-heal|p1b: Calyrex|97/100|[silent]\n|-damage|p1a: Ursaluna|36/100 tox|[from] psn\n|-fieldend|move: Grassy Terrain\n|upkeep\n|turn|9\n|inactive|kojimuranishi has 30 seconds left.\n|inactive|drive stone has 30 seconds left.\n|inactive|drive stone has 20 seconds left.\n|\n|t:|1772619486\n|switch|p2a: Ogerpon|Ogerpon-Wellspring, L50, F|100/100\n|move|p1b: Calyrex|Glacial Lance|p2a: Ogerpon|[spread] p2a,p2b\n|-damage|p2a: Ogerpon|75/100\n|-damage|p2b: Overqwil|67/100\n|move|p1a: Ursaluna|Facade|p2b: Overqwil\n|-damage|p2b: Overqwil|12/100\n|move|p2b: Overqwil|Barb Barrage|p1b: Calyrex\n|-damage|p1b: Calyrex|84/100\n|-status|p1b: Calyrex|psn\n|\n|-heal|p1b: Calyrex|89/100 psn|[from] item: Leftovers\n|-heal|p2b: Overqwil|19/100|[from] item: Black Sludge\n|-damage|p1b: Calyrex|77/100 psn|[from] Leech Seed|[of] p2a: Ogerpon\n|-heal|p2a: Ogerpon|88/100|[silent]\n|-damage|p1b: Calyrex|65/100 psn|[from] psn\n|-damage|p1a: Ursaluna|0 fnt|[from] psn\n|faint|p1a: Ursaluna\n|upkeep\n|\n|t:|1772619506\n|switch|p1a: Raging Bolt|Raging Bolt, L50|100/100\n|-status|p1a: Raging Bolt|tox\n|turn|10\n|\n|t:|1772619520\n|move|p2b: Overqwil|Protect|p2b: Overqwil\n|-singleturn|p2b: Overqwil|Protect\n|move|p2a: Ogerpon|Spiky Shield|p2a: Ogerpon\n|-singleturn|p2a: Ogerpon|move: Protect\n|move|p1b: Calyrex|Glacial Lance|p2b: Overqwil|[spread] \n|-activate|p2a: Ogerpon|move: Protect\n|-activate|p2b: Overqwil|move: Protect\n|move|p1a: Raging Bolt|Thunderbolt|p2a: Ogerpon\n|-activate|p2a: Ogerpon|move: Protect\n|\n|-heal|p1b: Calyrex|71/100 psn|[from] item: Leftovers\n|-heal|p2b: Overqwil|25/100|[from] item: Black Sludge\n|-damage|p1b: Calyrex|59/100 psn|[from] Leech Seed|[of] p2a: Ogerpon\n|-heal|p2a: Ogerpon|100/100|[silent]\n|-damage|p1b: Calyrex|47/100 psn|[from] psn\n|-damage|p1a: Raging Bolt|94/100 tox|[from] psn\n|-fieldend|move: Trick Room\n|upkeep\n|turn|11\n|\n|t:|1772619544\n|switch|p2b: Calyrex|Calyrex-Ice, L50|68/100\n|-ability|p2b: Calyrex|As One\n|-ability|p2b: Calyrex|Unnerve\n|-terastallize|p1a: Raging Bolt|Electric\n|move|p2a: Ogerpon|Ivy Cudgel|p1b: Calyrex|[anim] Ivy Cudgel Water\n|-damage|p1b: Calyrex|12/100 psn\n|move|p1a: Raging Bolt|Thunderbolt|p2a: Ogerpon\n|-damage|p2a: Ogerpon|15/100\n|-damage|p1a: Raging Bolt|85/100 tox|[from] item: Life Orb\n|move|p1b: Calyrex|Glacial Lance|p2a: Ogerpon|[spread] p2a,p2b\n|-resisted|p2b: Calyrex\n|-damage|p2a: Ogerpon|0 fnt\n|-damage|p2b: Calyrex|61/100\n|faint|p2a: Ogerpon\n|-ability|p1b: Calyrex|Chilling Neigh|boost\n|-boost|p1b: Calyrex|atk|1\n|\n|-heal|p2b: Calyrex|67/100|[from] item: Leftovers\n|-heal|p1b: Calyrex|18/100 psn|[from] item: Leftovers\n|-damage|p1a: Raging Bolt|72/100 tox|[from] psn\n|-damage|p1b: Calyrex|6/100 psn|[from] psn\n|upkeep\n|\n|t:|1772619568\n|switch|p2a: Overqwil|Overqwil, L50, M|25/100\n|-ability|p2a: Overqwil|Intimidate|boost\n|-unboost|p1a: Raging Bolt|atk|1\n|-unboost|p1b: Calyrex|atk|1\n|turn|12\n|\n|t:|1772619576\n|move|p2a: Overqwil|Protect|p2a: Overqwil\n|-singleturn|p2a: Overqwil|Protect\n|move|p2b: Calyrex|Protect|p2b: Calyrex\n|-singleturn|p2b: Calyrex|Protect\n|move|p1a: Raging Bolt|Thunderbolt|p2b: Calyrex\n|-activate|p2b: Calyrex|move: Protect\n|move|p1b: Calyrex|Glacial Lance|p2b: Calyrex|[spread] \n|-activate|p2a: Overqwil|move: Protect\n|-activate|p2b: Calyrex|move: Protect\n|\n|-heal|p2a: Overqwil|31/100|[from] item: Black Sludge\n|-heal|p2b: Calyrex|72/100|[from] item: Leftovers\n|-heal|p1b: Calyrex|12/100 psn|[from] item: Leftovers\n|-damage|p1b: Calyrex|0 fnt|[from] Leech Seed|[of] p2a: Overqwil\n|-heal|p2a: Overqwil|43/100|[silent]\n|faint|p1b: Calyrex\n|-damage|p1a: Raging Bolt|54/100 tox|[from] psn\n|upkeep\n|turn|13\n|\n|t:|1772619600\n|-terastallize|p2a: Overqwil|Poison\n|move|p2a: Overqwil|Barb Barrage|p1a: Raging Bolt\n|-damage|p1a: Raging Bolt|5/100 tox\n|move|p1a: Raging Bolt|Thunderbolt|p2b: Calyrex\n|-damage|p2b: Calyrex|15/100\n|-damage|p1a: Raging Bolt|0 fnt|[from] item: Life Orb\n|faint|p1a: Raging Bolt\n|-end|p1a: Raging Bolt|Protosynthesis|[silent]\n|\n|win|drive stone\n|raw|kojimuranishi's rating: 1542 &rarr; <strong>1518</strong><br />(-24 for losing)\n|raw|drive stone's rating: 1480 &rarr; <strong>1504</strong><br />(+24 for winning)\n|l|\u2606kojimuranishi\n|player|p1|\n|l|\u2606drive stone\n|player|p2|\n","uploadtime":1772619747,"views":22,"formatid":"gen9vgc2026regi","rating":1504,"private":0,"password":null}