{"id":"gen9vgc2026regi-2530424979","format":"[Gen 9] VGC 2026 Reg I","players":["hallowhollow","ky123456"],"log":"|j|\u2606hallowhollow\n|j|\u2606ky123456\n|t:|1769915421\n|gametype|doubles\n|player|p1|hallowhollow|170|1234\n|player|p2|ky123456|cynthia-gen4|1394\n|gen|9\n|tier|[Gen 9] VGC 2026 Reg I\n|rated|\n|rule|Species Clause: Limit one of each Pok\u00e9mon\n|rule|Item Clause: Limit 1 of each item\n|clearpoke\n|poke|p1|Calyrex-Shadow, L50|\n|poke|p1|Kyurem-Black, L50|\n|poke|p1|Weezing, L50, M|\n|poke|p1|Thundurus, L50, M|\n|poke|p1|Ogerpon-Wellspring, L50, F|\n|poke|p1|Incineroar, L50, F|\n|poke|p2|Lunala, L50|\n|poke|p2|Torkoal, L50, M|\n|poke|p2|Urshifu-*, L50, M|\n|poke|p2|Indeedee-F, L50, F|\n|poke|p2|Calyrex-Ice, L50|\n|poke|p2|Smeargle, L50, M|\n|teampreview|4\n|inactive|Battle timer is ON: inactive players will automatically lose when time's up. (requested by hallowhollow)\n|\n|t:|1769915473\n|teamsize|p1|4\n|teamsize|p2|4\n|start\n|switch|p1a: Kyurem|Kyurem-Black, L50|100/100\n|switch|p1b: Weezing|Weezing, L50, M|100/100\n|switch|p2a: Calyrex|Calyrex-Ice, L50|100/100\n|switch|p2b: Smeargle|Smeargle, L50, M|100/100\n|-ability|p1b: Weezing|Neutralizing Gas\n|-ability|p2a: Calyrex|As One\n|-ability|p2a: Calyrex|Unnerve\n|turn|1\n|\n|t:|1769915490\n|switch|p1a: Incineroar|Incineroar, L50, F, shiny|100/100\n|-terastallize|p2a: Calyrex|Fire\n|move|p2b: Smeargle|Fake Out|p1a: Incineroar\n|-damage|p1a: Incineroar|96/100\n|move|p1b: Weezing|Will-O-Wisp|p2a: Calyrex\n|-immune|p2a: Calyrex\n|move|p2a: Calyrex|Glacial Lance|p1b: Weezing|[spread] p1a,p1b\n|-resisted|p1a: Incineroar\n|-damage|p1a: Incineroar|71/100\n|-damage|p1b: Weezing|54/100\n|\n|upkeep\n|turn|2\n|\n|t:|1769915510\n|move|p1a: Incineroar|Fake Out|p2b: Smeargle\n|-damage|p2b: Smeargle|75/100\n|cant|p2b: Smeargle|flinch\n|move|p1b: Weezing|Taunt|p2b: Smeargle\n|-start|p2b: Smeargle|move: Taunt\n|move|p2a: Calyrex|High Horsepower|p1a: Incineroar\n|-supereffective|p1a: Incineroar\n|-damage|p1a: Incineroar|9/100\n|\n|upkeep\n|turn|3\n|inactive|hallowhollow has 30 seconds left.\n|inactive|ky123456 has 30 seconds left.\n|inactive|ky123456 has 20 seconds left.\n|\n|t:|1769915549\n|switch|p2b: Urshifu|Urshifu, L50, M|100/100\n|move|p1b: Weezing|Protect|p1b: Weezing\n|-singleturn|p1b: Weezing|Protect\n|move|p2a: Calyrex|Protect|p2a: Calyrex\n|-singleturn|p2a: Calyrex|Protect\n|move|p1a: Incineroar|U-turn|p2b: Urshifu\n|-damage|p2b: Urshifu|82/100\n|\n|t:|1769915565\n|switch|p1a: Calyrex|Calyrex-Shadow, L50|100/100|[from] U-turn\n|-ability|p1a: Calyrex|As One\n|-ability|p1a: Calyrex|Unnerve\n|\n|upkeep\n|turn|4\n|\n|t:|1769915574\n|-terastallize|p1a: Calyrex|Dark\n|move|p1a: Calyrex|Encore|p2a: Calyrex\n|-start|p2a: Calyrex|Encore\n|move|p2b: Urshifu|Wicked Blow|p1b: Weezing\n|-crit|p1b: Weezing\n|-damage|p1b: Weezing|0 fnt\n|faint|p1b: Weezing\n|-end|p1b: Weezing|ability: Neutralizing Gas\n|move|p2a: Calyrex|Protect||[still]\n|-fail|p2a: Calyrex\n|\n|upkeep\n|\n|t:|1769915584\n|switch|p1b: Kyurem|Kyurem-Black, L50|100/100\n|-ability|p1b: Kyurem|Teravolt\n|turn|5\n|\n|t:|1769915595\n|switch|p2a: Smeargle|Smeargle, L50, M|75/100\n|move|p1a: Calyrex|Astral Barrage|p2b: Urshifu|[spread] p2b\n|-immune|p2a: Smeargle\n|-resisted|p2b: Urshifu\n|-damage|p2b: Urshifu|46/100\n|move|p1b: Kyurem|Icicle Spear|p2b: Urshifu\n|-damage|p2b: Urshifu|33/100\n|-damage|p2b: Urshifu|20/100\n|-damage|p2b: Urshifu|8/100\n|-damage|p2b: Urshifu|0 fnt\n|faint|p2b: Urshifu\n|-hitcount|p2: Urshifu|4\n|\n|-ability|p2a: Smeargle|Moody|boost\n|-boost|p2a: Smeargle|spa|2\n|-unboost|p2a: Smeargle|spd|1\n|upkeep\n|\n|t:|1769915614\n|switch|p2b: Calyrex|Calyrex-Ice, L50, tera:Fire|100/100\n|-ability|p2b: Calyrex|As One\n|-ability|p2b: Calyrex|Unnerve\n|turn|6\n|\n|t:|1769915643\n|switch|p1b: Incineroar|Incineroar, L50, F, shiny|9/100\n|-ability|p1b: Incineroar|Intimidate|boost\n|-unboost|p2a: Smeargle|atk|1\n|-fail|p2b: Calyrex|unboost|[from] item: Clear Amulet|[of] p2b: Calyrex\n|move|p1a: Calyrex|Psychic|p2a: Smeargle\n|-damage|p2a: Smeargle|0 fnt\n|faint|p2a: Smeargle\n|-ability|p1a: Calyrex|Grim Neigh|boost\n|-boost|p1a: Calyrex|spa|1\n|move|p2b: Calyrex|Trick Room|p2b: Calyrex\n|-fieldstart|move: Trick Room|[of] p2b: Calyrex\n|\n|upkeep\n|\n|t:|1769915647\n|switch|p2a: Lunala|Lunala, L50|100/100\n|turn|7\n|j| dasabe\u76d6\u6b27\u5361\u4fa0\n|\n|t:|1769915663\n|move|p1b: Incineroar|Fake Out|p2b: Calyrex\n|-damage|p2b: Calyrex|93/100\n|cant|p2b: Calyrex|flinch\n|move|p2a: Lunala|Meteor Beam||[still]\n|-prepare|p2a: Lunala|Meteor Beam\n|-boost|p2a: Lunala|spa|1\n|-enditem|p2a: Lunala|Power Herb\n|-anim|p2a: Lunala|Meteor Beam|p1a: Calyrex\n|-damage|p1a: Calyrex|34/100\n|move|p1a: Calyrex|Encore|p2b: Calyrex\n|-start|p2b: Calyrex|Encore\n|\n|upkeep\n|turn|8\n|inactive|ky123456 has 30 seconds left.\n|\n|t:|1769915690\n|move|p1a: Calyrex|Protect|p1a: Calyrex\n|-singleturn|p1a: Calyrex|Protect\n|move|p1b: Incineroar|U-turn|p2a: Lunala\n|-damage|p2a: Lunala|94/100\n|\n|t:|1769915694\n|switch|p1b: Kyurem|Kyurem-Black, L50|100/100|[from] U-turn\n|-ability|p1b: Kyurem|Teravolt\n|move|p2a: Lunala|Moongeist Beam|p1a: Calyrex\n|-activate|p1a: Calyrex|move: Protect\n|move|p2b: Calyrex|Trick Room|p2b: Calyrex\n|-fieldend|move: Trick Room\n|\n|upkeep\n|turn|9\n|j| QAQeee\u603b\u5bfc\u6f14\n|inactive|hallowhollow has 30 seconds left.\n|\n|t:|1769915720\n|move|p1a: Calyrex|Psychic|p2b: Calyrex\n|-damage|p2b: Calyrex|36/100\n|move|p1b: Kyurem|Dragon Dance|p1b: Kyurem\n|-boost|p1b: Kyurem|atk|1\n|-boost|p1b: Kyurem|spe|1\n|move|p2a: Lunala|Moongeist Beam|p1a: Calyrex\n|-resisted|p1a: Calyrex\n|-damage|p1a: Calyrex|0 fnt\n|faint|p1a: Calyrex\n|move|p2b: Calyrex|Trick Room|p2b: Calyrex\n|-fieldstart|move: Trick Room|[of] p2b: Calyrex\n|\n|upkeep\n|\n|t:|1769915731\n|switch|p1a: Incineroar|Incineroar, L50, F, shiny|9/100\n|-ability|p1a: Incineroar|Intimidate|boost\n|-unboost|p2a: Lunala|atk|1\n|-fail|p2b: Calyrex|unboost|[from] item: Clear Amulet|[of] p2b: Calyrex\n|turn|10\n|\n|t:|1769915743\n|move|p1b: Kyurem|Protect|p1b: Kyurem\n|-singleturn|p1b: Kyurem|Protect\n|move|p1a: Incineroar|Knock Off|p2a: Lunala\n|-supereffective|p2a: Lunala\n|-damage|p2a: Lunala|18/100\n|move|p2a: Lunala|Moongeist Beam|p1a: Incineroar\n|-resisted|p1a: Incineroar\n|-damage|p1a: Incineroar|0 fnt\n|faint|p1a: Incineroar\n|move|p2b: Calyrex|Trick Room|p2b: Calyrex\n|-fieldend|move: Trick Room\n|\n|-end|p2b: Calyrex|Encore\n|upkeep\n|turn|11\n|inactive|ky123456 has 30 seconds left.\n|\n|t:|1769915768\n|move|p1b: Kyurem|Icicle Spear|p2a: Lunala\n|-damage|p2a: Lunala|1/100\n|-damage|p2a: Lunala|0 fnt\n|faint|p2a: Lunala\n|-hitcount|p2: Lunala|2\n|move|p2b: Calyrex|Glacial Lance|p1b: Kyurem\n|-damage|p1b: Kyurem|35/100\n|\n|upkeep\n|turn|12\n|\n|t:|1769915784\n|move|p1b: Kyurem|Scale Shot|p2b: Calyrex\n|-damage|p2b: Calyrex|21/100\n|-damage|p2b: Calyrex|6/100\n|-damage|p2b: Calyrex|0 fnt\n|faint|p2b: Calyrex\n|-hitcount|p2: Calyrex|3\n|\n|win|hallowhollow\n|raw|hallowhollow's rating: 1234 &rarr; <strong>1270</strong><br />(+36 for winning)\n|raw|ky123456's rating: 1394 &rarr; <strong>1365</strong><br />(-29 for losing)\n|l|\u2606ky123456\n|player|p2|\n|l|\u2606hallowhollow\n|player|p1|\n|l| QAQeee\u603b\u5bfc\u6f14\n|j| QAQeee\u603b\u5bfc\u6f14\n|l| QAQeee\u603b\u5bfc\u6f14\n","uploadtime":1769916020,"views":14,"formatid":"gen9vgc2026regi","rating":1270,"private":0,"password":null}