{"id":"gen9vgc2026regi-2550779642","format":"[Gen 9] VGC 2026 Reg I","players":["blackred123","RickyZainer"],"log":"|j|\u2606blackred123\n|j|\u2606RickyZainer\n|t:|1772532097\n|gametype|doubles\n|player|p1|blackred123|iono-masters|1378\n|player|p2|RickyZainer|2|1400\n|gen|9\n|tier|[Gen 9] VGC 2026 Reg I\n|rated|\n|rule|Species Clause: Limit one of each Pok\u00e9mon\n|rule|Item Clause: Limit 1 of each item\n|clearpoke\n|poke|p1|Kyogre, L50|\n|poke|p1|Zamazenta-*, L50|\n|poke|p1|Chien-Pao, L50|\n|poke|p1|Amoonguss, L50, F|\n|poke|p1|Dragonite, L50, M|\n|poke|p1|Rillaboom, L50, M|\n|poke|p2|Calyrex-Ice, L50|\n|poke|p2|Koraidon, L50|\n|poke|p2|Incineroar, L50, F|\n|poke|p2|Brute Bonnet, L50|\n|poke|p2|Flutter Mane, L50|\n|poke|p2|Raging Bolt, L50|\n|teampreview|4\n|inactive|Battle timer is ON: inactive players will automatically lose when time's up. (requested by blackred123)\n|inactive|RickyZainer has 60 seconds left.\n|l|\u2606RickyZainer\n|inactive|RickyZainer disconnected and has a minute to reconnect!\n|player|p2|\n|inactive|RickyZainer has 30 seconds left.\n|j|\u2606RickyZainer\n|inactive|RickyZainer reconnected and has 25 seconds left.\n|player|p2|RickyZainer|2|\n|inactive|RickyZainer has 20 seconds left.\n|inactive|RickyZainer has 15 seconds left.\n|inactive|RickyZainer has 10 seconds left.\n|\n|t:|1772532179\n|teamsize|p1|4\n|teamsize|p2|4\n|start\n|switch|p1a: Zamazenta|Zamazenta-Crowned, L50|100/100\n|switch|p1b: Chien-Pao|Chien-Pao, L50|100/100\n|switch|p2a: Con Botas|Incineroar, L50, F|100/100\n|switch|p2b: SanchoPanza|Calyrex-Ice, L50|100/100\n|-ability|p2b: SanchoPanza|As One\n|-ability|p2b: SanchoPanza|Unnerve\n|-ability|p1b: Chien-Pao|Sword of Ruin\n|-ability|p1a: Zamazenta|Dauntless Shield|boost\n|-boost|p1a: Zamazenta|def|1\n|-ability|p2a: Con Botas|Intimidate|boost\n|-unboost|p1a: Zamazenta|atk|1\n|-unboost|p1b: Chien-Pao|atk|1\n|turn|1\n|inactive|RickyZainer has 30 seconds left.\n|\n|t:|1772532206\n|switch|p2b: Simba|Koraidon, L50|100/100\n|-weather|SunnyDay|[from] ability: Orichalcum Pulse|[of] p2b: Simba\n|-activate|p2b: Simba|Orichalcum Pulse|[source]\n|move|p2a: Con Botas|Fake Out|p1b: Chien-Pao\n|-damage|p1b: Chien-Pao|86/100\n|cant|p1b: Chien-Pao|flinch\n|move|p1a: Zamazenta|Body Press|p2a: Con Botas\n|-supereffective|p2a: Con Botas\n|-damage|p2a: Con Botas|0 fnt\n|faint|p2a: Con Botas\n|\n|-weather|SunnyDay|[upkeep]\n|upkeep\n|\n|t:|1772532217\n|switch|p2a: Melman|Raging Bolt, L50|100/100\n|-activate|p2a: Melman|ability: Protosynthesis\n|-start|p2a: Melman|protosynthesisspa\n|turn|2\n|\n|t:|1772532229\n|switch|p1b: Kyogre|Kyogre, L50|100/100\n|-weather|RainDance|[from] ability: Drizzle|[of] p1b: Kyogre\n|-end|p2a: Melman|Protosynthesis\n|-enditem|p2a: Melman|Booster Energy\n|-activate|p2a: Melman|ability: Protosynthesis|[fromitem]\n|-start|p2a: Melman|protosynthesisspa\n|move|p2b: Simba|Collision Course|p1a: Zamazenta\n|-supereffective|p1a: Zamazenta\n|-damage|p1a: Zamazenta|15/100\n|-damage|p2b: Simba|91/100|[from] item: Life Orb\n|move|p1a: Zamazenta|Body Press|p2a: Melman\n|-damage|p2a: Melman|46/100\n|move|p2a: Melman|Thunderbolt|p1a: Zamazenta\n|-damage|p1a: Zamazenta|0 fnt\n|faint|p1a: Zamazenta\n|\n|-weather|RainDance|[upkeep]\n|upkeep\n|\n|t:|1772532248\n|switch|p1a: Dragonite|Dragonite, L50, M|100/100\n|turn|3\n|\n|t:|1772532267\n|switch|p1b: Chien-Pao|Chien-Pao, L50|86/100\n|-ability|p1b: Chien-Pao|Sword of Ruin\n|move|p2a: Melman|Thunderclap||[still]\n|-fail|p2a: Melman\n|move|p2b: Simba|Collision Course|p1a: Dragonite\n|-resisted|p1a: Dragonite\n|-damage|p1a: Dragonite|48/100\n|-damage|p2b: Simba|81/100|[from] item: Life Orb\n|move|p1a: Dragonite|Aerial Ace|p2b: Simba\n|-supereffective|p2b: Simba\n|-damage|p2b: Simba|0 fnt\n|faint|p2b: Simba\n|\n|-weather|RainDance|[upkeep]\n|upkeep\n|\n|t:|1772532271\n|switch|p2b: SanchoPanza|Calyrex-Ice, L50|100/100\n|-ability|p2b: SanchoPanza|As One\n|-ability|p2b: SanchoPanza|Unnerve\n|turn|4\n|inactive|blackred123 has 30 seconds left.\n|\n|t:|1772532303\n|switch|p1a: Kyogre|Kyogre, L50|100/100\n|-terastallize|p2b: SanchoPanza|Water\n|move|p2a: Melman|Protect|p2a: Melman\n|-singleturn|p2a: Melman|Protect\n|move|p1b: Chien-Pao|Taunt|p2b: SanchoPanza\n|-start|p2b: SanchoPanza|move: Taunt\n|cant|p2b: SanchoPanza|move: Taunt|Trick Room\n|\n|-weather|RainDance|[upkeep]\n|upkeep\n|turn|5\n|inactive|blackred123 has 30 seconds left.\n|inactive|RickyZainer has 30 seconds left.\n|\n|t:|1772532329\n|-terastallize|p1a: Kyogre|Ghost\n|move|p2a: Melman|Thunderclap|p1a: Kyogre\n|-damage|p1a: Kyogre|58/100\n|move|p1a: Kyogre|Thunder|p2b: SanchoPanza\n|-supereffective|p2b: SanchoPanza\n|-damage|p2b: SanchoPanza|47/100\n|-status|p2b: SanchoPanza|par\n|move|p1b: Chien-Pao|Ice Spinner|p2a: Melman\n|-supereffective|p2a: Melman\n|-damage|p2a: Melman|0 fnt\n|faint|p2a: Melman\n|-end|p2a: Melman|Protosynthesis|[silent]\n|cant|p2b: SanchoPanza|par\n|\n|-weather|RainDance|[upkeep]\n|upkeep\n|turn|6\n|-message|RickyZainer forfeited.\n|\n|win|blackred123\n|raw|blackred123's rating: 1378 &rarr; <strong>1399</strong><br />(+21 for winning)\n|raw|RickyZainer's rating: 1400 &rarr; <strong>1379</strong><br />(-21 for losing)\n|l|\u2606RickyZainer\n|player|p2|\n|l|\u2606blackred123\n|player|p1|\n","uploadtime":1772532558,"views":13,"formatid":"gen9vgc2026regi","rating":1379,"private":0,"password":null}