{"id":"gen9vgc2026regi-2561444936","format":"[Gen 9] VGC 2026 Reg I","players":["thegreatestgalar","LechonkBro"],"log":"|j|\u2606thegreatestgalar\n|j|\u2606LechonkBro\n|t:|1773796940\n|gametype|doubles\n|player|p1|thegreatestgalar|veteran|1454\n|player|p2|LechonkBro|102|1532\n|gen|9\n|tier|[Gen 9] VGC 2026 Reg I\n|rated|\n|rule|Species Clause: Limit one of each Pok\u00e9mon\n|rule|Item Clause: Limit 1 of each item\n|clearpoke\n|poke|p1|Farigiraf, L50, F|\n|poke|p1|Calyrex-Shadow, L50|\n|poke|p1|Zamazenta-*, L50|\n|poke|p1|Tornadus, L50, M|\n|poke|p1|Urshifu-*, L50, M|\n|poke|p1|Clefairy, L50, M|\n|poke|p2|Chien-Pao, L50|\n|poke|p2|Calyrex-Shadow, L50|\n|poke|p2|Dondozo, L50, M|\n|poke|p2|Zamazenta-*, L50|\n|poke|p2|Dragonite, L50, M|\n|poke|p2|Tatsugiri, L50, M|\n|teampreview|4\n|inactive|Battle timer is ON: inactive players will automatically lose when time's up. (requested by LechonkBro)\nthegreatestgalar rejected open team sheets.\n|inactive|thegreatestgalar has 60 seconds left.\n|inactive|thegreatestgalar has 30 seconds left.\n|\n|t:|1773797002\n|teamsize|p1|4\n|teamsize|p2|4\n|start\n|switch|p1a: Zamazenta|Zamazenta-Crowned, L50|100/100\n|switch|p1b: Calyrex|Calyrex-Shadow, L50|100/100\n|switch|p2a: Chien-Pao|Chien-Pao, L50|100/100\n|switch|p2b: Zamazenta|Zamazenta-Crowned, L50|100/100\n|-ability|p1b: Calyrex|As One\n|-ability|p1b: Calyrex|Unnerve\n|-ability|p2a: Chien-Pao|Sword of Ruin\n|-ability|p2b: Zamazenta|Dauntless Shield|boost\n|-boost|p2b: Zamazenta|def|1\n|-ability|p1a: Zamazenta|Dauntless Shield|boost\n|-boost|p1a: Zamazenta|def|1\n|turn|1\n|\n|t:|1773797019\n|switch|p1b: Farigiraf|Farigiraf, L50, F|100/100\n|move|p2a: Chien-Pao|Ruination|p1a: Zamazenta\n|-damage|p1a: Zamazenta|51/100\n|move|p2b: Zamazenta|Body Press|p1a: Zamazenta\n|-supereffective|p1a: Zamazenta\n|-damage|p1a: Zamazenta|0 fnt\n|faint|p1a: Zamazenta\n|\n|upkeep\n|\n|t:|1773797029\n|switch|p1a: Calyrex|Calyrex-Shadow, L50|100/100\n|-ability|p1a: Calyrex|As One\n|-ability|p1a: Calyrex|Unnerve\n|turn|2\n|\n|t:|1773797041\n|-terastallize|p1a: Calyrex|Ghost\n|move|p1a: Calyrex|Astral Barrage|p2b: Zamazenta|[spread] p2a,p2b\n|-resisted|p2a: Chien-Pao\n|-damage|p2a: Chien-Pao|24/100\n|-damage|p2b: Zamazenta|30/100\n|move|p2a: Chien-Pao|Taunt|p1b: Farigiraf\n|-start|p1b: Farigiraf|move: Taunt\n|move|p2b: Zamazenta|Behemoth Bash|p1a: Calyrex\n|-damage|p1a: Calyrex|31/100\n|move|p1b: Farigiraf|Hyper Voice|p2a: Chien-Pao|[spread] p2a,p2b\n|-resisted|p2b: Zamazenta\n|-damage|p2a: Chien-Pao|0 fnt\n|-damage|p2b: Zamazenta|19/100\n|faint|p2a: Chien-Pao\n|-enditem|p1b: Farigiraf|Throat Spray\n|-boost|p1b: Farigiraf|spa|1|[from] item: Throat Spray\n|\n|upkeep\n|\n|t:|1773797060\n|switch|p2a: Calyrex|Calyrex-Shadow, L50|100/100\n|-ability|p2a: Calyrex|As One\n|-ability|p2a: Calyrex|Unnerve\n|turn|3\n|\n|t:|1773797075\n|move|p2b: Zamazenta|Wide Guard|p2b: Zamazenta\n|-singleturn|p2b: Zamazenta|Wide Guard\n|move|p2a: Calyrex|Astral Barrage|p1a: Calyrex|[spread] p1a\n|-immune|p1b: Farigiraf\n|-supereffective|p1a: Calyrex\n|-damage|p1a: Calyrex|0 fnt\n|faint|p1a: Calyrex\n|-ability|p2a: Calyrex|Grim Neigh|boost\n|-boost|p2a: Calyrex|spa|1\n|move|p1b: Farigiraf|Psychic|p2b: Zamazenta\n|-damage|p2b: Zamazenta|0 fnt\n|faint|p2b: Zamazenta\n|\n|upkeep\n|\n|t:|1773797088\n|switch|p1a: Clefairy|Clefairy, L50, M|100/100\n|switch|p2b: Dragonite|Dragonite, L50, M|100/100\n|turn|4\n|\n|t:|1773797101\n|-terastallize|p2a: Calyrex|Ghost\n|move|p1a: Clefairy|Follow Me|p1a: Clefairy\n|-singleturn|p1a: Clefairy|move: Follow Me\n|move|p2a: Calyrex|Astral Barrage|p1a: Clefairy|[spread] p1a\n|-immune|p1b: Farigiraf\n|-damage|p1a: Clefairy|7/100\n|move|p2b: Dragonite|Outrage|p1a: Clefairy\n|-immune|p1a: Clefairy\n|move|p1b: Farigiraf|Psychic|p2a: Calyrex\n|-damage|p2a: Calyrex|37/100\n|\n|-end|p1b: Farigiraf|move: Taunt\n|upkeep\n|turn|5\n|\n|t:|1773797124\n|move|p2a: Calyrex|Astral Barrage|p1b: Farigiraf|[spread] p1a\n|-immune|p1b: Farigiraf\n|-damage|p1a: Clefairy|0 fnt\n|faint|p1a: Clefairy\n|-ability|p2a: Calyrex|Grim Neigh|boost\n|-boost|p2a: Calyrex|spa|1\n|move|p2b: Dragonite|Outrage|p1b: Farigiraf\n|-damage|p1b: Farigiraf|1/100\n|move|p1b: Farigiraf|Trick Room|p1b: Farigiraf\n|-fieldstart|move: Trick Room|[of] p1b: Farigiraf\n|\n|upkeep\n|turn|6\n|\n|t:|1773797136\n|move|p1b: Farigiraf|Psychic|p2b: Dragonite\n|-crit|p2b: Dragonite\n|-damage|p2b: Dragonite|11/100\n|move|p2b: Dragonite|Outrage|p1b: Farigiraf|[from] lockedmove\n|-damage|p1b: Farigiraf|0 fnt\n|faint|p1b: Farigiraf\n|\n|win|LechonkBro\n|raw|thegreatestgalar's rating: 1454 &rarr; <strong>1438</strong><br />(-16 for losing)\n|raw|LechonkBro's rating: 1532 &rarr; <strong>1548</strong><br />(+16 for winning)\n|l|\u2606LechonkBro\n|player|p2|\n|l|\u2606thegreatestgalar\n|player|p1|\n","uploadtime":1773797359,"views":11,"formatid":"gen9vgc2026regi","rating":1438,"private":0,"password":null}