{"id":"gen9vgc2026regi-2557936706","format":"[Gen 9] VGC 2026 Reg I","players":["jj11j1","soten soten"],"log":"|j|\u2606jj11j1\n|j|\u2606soten soten\n|t:|1773376382\n|gametype|doubles\n|player|p1|jj11j1|170|1383\n|player|p2|soten soten|hilbert|1446\n|gen|9\n|tier|[Gen 9] VGC 2026 Reg I\n|rated|\n|rule|Species Clause: Limit one of each Pok\u00e9mon\n|rule|Item Clause: Limit 1 of each item\n|clearpoke\n|poke|p1|Kyogre, L50|\n|poke|p1|Calyrex-Shadow, L50|\n|poke|p1|Landorus, L50, M|\n|poke|p1|Urshifu-*, L50, F|\n|poke|p1|Whimsicott, L50, M|\n|poke|p1|Flutter Mane, L50|\n|poke|p2|Terapagos, L50, M|\n|poke|p2|Eternatus, L50|\n|poke|p2|Incineroar, L50, F|\n|poke|p2|Grimmsnarl, L50, M|\n|poke|p2|Rillaboom, L50, M|\n|poke|p2|Urshifu-*, L50, F|\n|teampreview|4\n|inactive|Battle timer is ON: inactive players will automatically lose when time's up. (requested by soten soten)\n|\n|t:|1773376408\n|teamsize|p1|4\n|teamsize|p2|4\n|start\n|switch|p1a: Flutter Mane|Flutter Mane, L50|100/100\n|switch|p1b: Landorus|Landorus, L50, M|100/100\n|switch|p2a: Terapagos|Terapagos, L50, M|100/100\n|switch|p2b: Grimmsnarl|Grimmsnarl, L50, M|100/100\n|-activate|p2a: Terapagos|ability: Tera Shift\n|detailschange|p2a: Terapagos|Terapagos-Terastal, L50, M\n|-heal|p2a: Terapagos|100/100|[silent]\n|-enditem|p1a: Flutter Mane|Booster Energy\n|-activate|p1a: Flutter Mane|ability: Protosynthesis|[fromitem]\n|-start|p1a: Flutter Mane|protosynthesisspe\n|turn|1\n|\n|t:|1773376428\n|move|p2b: Grimmsnarl|Light Screen|p2b: Grimmsnarl\n|-sidestart|p2: soten soten|move: Light Screen\n|move|p1a: Flutter Mane|Moonblast|p2b: Grimmsnarl\n|-supereffective|p2b: Grimmsnarl\n|-damage|p2b: Grimmsnarl|39/100\n|move|p1b: Landorus|Sandsear Storm|p2b: Grimmsnarl|[spread] p2a,p2b\n|-activate|p2a: Terapagos|ability: Tera Shell\n|-resisted|p2a: Terapagos\n|-damage|p2a: Terapagos|81/100\n|-damage|p2b: Grimmsnarl|0 fnt\n|faint|p2b: Grimmsnarl\n|move|p2a: Terapagos|Tera Starstorm|p1b: Landorus\n|-damage|p1b: Landorus|28/100\n|\n|-heal|p2a: Terapagos|87/100|[from] item: Leftovers\n|upkeep\n|\n|t:|1773376435\n|switch|p2b: Rillaboom|Rillaboom, L50, M|100/100\n|-fieldstart|move: Grassy Terrain|[from] ability: Grassy Surge|[of] p2b: Rillaboom\n|turn|2\n|inactive|jj11j1 has 30 seconds left.\n|\n|t:|1773376461\n|move|p1b: Landorus|Protect|p1b: Landorus\n|-singleturn|p1b: Landorus|Protect\n|move|p1a: Flutter Mane|Shadow Ball|p2a: Terapagos\n|-immune|p2a: Terapagos\n|move|p2b: Rillaboom|Wood Hammer|p1a: Flutter Mane\n|-damage|p1a: Flutter Mane|0 fnt\n|faint|p1a: Flutter Mane\n|-end|p1a: Flutter Mane|Protosynthesis|[silent]\n|-damage|p2b: Rillaboom|78/100|[from] Recoil\n|move|p2a: Terapagos|Substitute|p2a: Terapagos\n|-start|p2a: Terapagos|Substitute\n|-damage|p2a: Terapagos|62/100\n|\n|-heal|p2b: Rillaboom|85/100|[from] Grassy Terrain\n|-heal|p2a: Terapagos|68/100|[from] Grassy Terrain\n|-heal|p2a: Terapagos|74/100|[from] item: Leftovers\n|upkeep\n|\n|t:|1773376479\n|switch|p1a: Calyrex|Calyrex-Shadow, L50|100/100\n|-ability|p1a: Calyrex|As One\n|-ability|p1a: Calyrex|Unnerve\n|turn|3\n|\n|t:|1773376489\n|move|p2b: Rillaboom|Grassy Glide|p1b: Landorus\n|-damage|p1b: Landorus|0 fnt\n|faint|p1b: Landorus\n|move|p1a: Calyrex|Astral Barrage|p2b: Rillaboom|[spread] p2b\n|-immune|p2a: Terapagos\n|-damage|p2b: Rillaboom|56/100\n|move|p2a: Terapagos|Toxic|p1a: Calyrex\n|-status|p1a: Calyrex|tox\n|\n|-heal|p2b: Rillaboom|62/100|[from] Grassy Terrain\n|-heal|p2a: Terapagos|81/100|[from] Grassy Terrain\n|-heal|p2a: Terapagos|87/100|[from] item: Leftovers\n|-damage|p1a: Calyrex|94/100 tox|[from] psn\n|upkeep\n|\n|t:|1773376506\n|switch|p1b: Kyogre|Kyogre, L50|100/100\n|-weather|RainDance|[from] ability: Drizzle|[of] p1b: Kyogre\n|turn|4\n|\n|t:|1773376517\n|-terastallize|p2a: Terapagos|Stellar\n|detailschange|p2a: Terapagos|Terapagos-Stellar, L50, M, tera:Stellar\n|-heal|p2a: Terapagos|90/100|[silent]\n|-ability|p2a: Terapagos|Teraform Zero\n|-weather|none\n|-fieldend|move: Grassy Terrain\n|move|p1a: Calyrex|Draining Kiss|p2a: Terapagos\n|-activate|p2a: Terapagos|move: Substitute|[damage]\n|-heal|p1a: Calyrex|100/100 tox|[from] drain|[of] p2a: Terapagos\n|move|p2b: Rillaboom|U-turn|p1a: Calyrex\n|-damage|p1a: Calyrex|70/100 tox\n|\n|t:|1773376529\n|switch|p2b: Eternatus|Eternatus, L50|100/100|[from] U-turn\n|-ability|p2b: Eternatus|Pressure\n|move|p2a: Terapagos|Tera Starstorm|p1a: Calyrex|[spread] p1a,p1b\n|-damage|p1a: Calyrex|29/100 tox\n|-damage|p1b: Kyogre|75/100\n|move|p1b: Kyogre|Water Spout|p2b: Eternatus|[spread] p2a,p2b\n|-end|p2a: Terapagos|Substitute\n|-resisted|p2b: Eternatus\n|-damage|p2b: Eternatus|86/100\n|\n|-heal|p2a: Terapagos|97/100|[from] item: Leftovers\n|-damage|p1a: Calyrex|16/100 tox|[from] psn\n|upkeep\n|turn|5\n|\n|t:|1773376551\n|-terastallize|p1a: Calyrex|Ghost\n|move|p2b: Eternatus|Protect|p2b: Eternatus\n|-singleturn|p2b: Eternatus|Protect\n|move|p2a: Terapagos|Protect|p2a: Terapagos\n|-singleturn|p2a: Terapagos|Protect\n|move|p1a: Calyrex|Astral Barrage|p2b: Eternatus|[spread] \n|-activate|p2a: Terapagos|move: Protect\n|-activate|p2b: Eternatus|move: Protect\n|move|p1b: Kyogre|Hydro Pump|p2a: Terapagos\n|-activate|p2a: Terapagos|move: Protect\n|\n|-heal|p2a: Terapagos|100/100|[from] item: Leftovers\n|-damage|p1a: Calyrex|0 fnt|[from] psn\n|faint|p1a: Calyrex\n|-sideend|p2: soten soten|move: Light Screen\n|upkeep\n|turn|6\n|-message|jj11j1 forfeited.\n|\n|win|soten soten\n|raw|jj11j1's rating: 1383 &rarr; <strong>1367</strong><br />(-16 for losing)\n|raw|soten soten's rating: 1446 &rarr; <strong>1462</strong><br />(+16 for winning)\n|l|\u2606jj11j1\n|player|p1|\n|l|\u2606soten soten\n|player|p2|\n","uploadtime":1773376751,"views":16,"formatid":"gen9vgc2026regi","rating":1367,"private":0,"password":null}