{"id":"gen9vgc2026regi-2579474155","format":"[Gen 9] VGC 2026 Reg I","players":["Hugo22222","snively3"],"log":"|j|\u2606Hugo22222\n|j|\u2606snively3\n|html|<table width=\"100%\"><tr><td align=\"left\">Hugo22222</td><td align=\"right\">snively3</tr><tr><td align=\"left\"><i class=\"fa fa-circle-o\"></i> <i class=\"fa fa-circle-o\"></i> </td><td align=\"right\"><i class=\"fa fa-circle-o\"></i> <i class=\"fa fa-circle-o\"></i> </tr></table>\n|uhtml|bestof|<h2><strong>Game 1</strong> of <a href=\"/game-bestof3-gen9vgc2026regi-2579474154\">a best-of-3</a></h2>\n|t:|1775786608\n|gametype|doubles\n|player|p1|Hugo22222|hilbert|\n|player|p2|snively3|veteran|\n|gen|9\n|tier|[Gen 9] VGC 2026 Reg I\n|rated|Tournament battle\n|rule|Species Clause: Limit one of each Pok\u00e9mon\n|rule|Item Clause: Limit 1 of each item\n|raw|<div class=\"infobox\"><details class=\"readmore\" open><summary><strong>4 custom rules:</strong></summary> Open Team Sheets, Force Open Team Sheets, !Open Team Sheets, Best of = 3</details></div>\n|clearpoke\n|poke|p1|Whimsicott, L50, M|\n|poke|p1|Calyrex-Shadow, L50|\n|poke|p1|Zamazenta-*, L50|\n|poke|p1|Ogerpon-Cornerstone, L50, F|\n|poke|p1|Raging Bolt, L50|\n|poke|p1|Urshifu-*, L50, M|\n|poke|p2|Miraidon, L50|\n|poke|p2|Koraidon, L50|\n|poke|p2|Flutter Mane, L50|\n|poke|p2|Chi-Yu, L50|\n|poke|p2|Araquanid, L50, F|\n|poke|p2|Ogerpon-Cornerstone, L50, F|\n|teampreview|4\n|showteam|p1|Whimsicott||CovertCloak|Prankster|Moonblast,Tailwind,MistyTerrain,FakeTears|||M|||50|,,,,,Dark]Calyrex-Shadow||FocusSash|AsOneSpectrier|AstralBarrage,Psychic,NastyPlot,Protect||||||50|,,,,,Ghost]Zamazenta-Crowned||RustedShield|DauntlessShield|BodyPress,HeavySlam,WideGuard,Protect||||||50|,,,,,Dragon]Ogerpon-Cornerstone||CornerstoneMask|Sturdy|IvyCudgel,HornLeech,FollowMe,SpikyShield|||F|||50|,,,,,Rock]Raging Bolt||AssaultVest|Protosynthesis|DracoMeteor,Thunderclap,Thunderbolt,Electroweb||||||50|,,,,,Water]Urshifu-Rapid-Strike||ChoiceBand|UnseenFist|SurgingStrikes,CloseCombat,AquaJet,Uturn|||M|||50|,,,,,Steel\n|showteam|p2|Miraidon||AssaultVest|HadronEngine|ElectroDrift,VoltSwitch,DracoMeteor,Overheat||||||50|,,,,,Electric]Koraidon||ClearAmulet|OrichalcumPulse|Protect,CollisionCourse,FlareBlitz,FlameCharge||||||50|,,,,,Fire]Flutter Mane||FocusSash|Protosynthesis|Protect,Moonblast,ShadowBall,IcyWind||||||50|,,,,,Stellar]Chi-Yu||ChoiceScarf|BeadsofRuin|HeatWave,DarkPulse,Snarl,Overheat||||||50|,,,,,Ghost]Araquanid||Leftovers|WaterBubble|WideGuard,Infestation,Protect,Liquidation|||F|||50|,,,,,Grass]Ogerpon-Cornerstone||CornerstoneMask|Sturdy|SpikyShield,IvyCudgel,FollowMe,PowerWhip|||F|||50|,,,,,Rock\n|inactive|Battle timer is ON: inactive players will automatically lose when time's up. (requested by snively3)\n|c|\u2606snively3|ghf\n|j| Givemetheghoul\n|l| Givemetheghoul\n|c|\u2606Hugo22222|glhf\n|inactive|snively3 has 60 seconds left.\n|j| 801344244b\n|j| Almirante Matthew\n|inactive|snively3 has 30 seconds left.\n|\n|t:|1775786670\n|teamsize|p1|4\n|teamsize|p2|4\n|start\n|switch|p1a: Calyrex|Calyrex-Shadow, L50|100/100\n|switch|p1b: Whimsicott|Whimsicott, L50, M, shiny|100/100\n|switch|p2a: Miraidon|Miraidon, L50, shiny|100/100\n|switch|p2b: Flutter Mane|Flutter Mane, L50|100/100\n|-ability|p1a: Calyrex|As One\n|-ability|p1a: Calyrex|Unnerve\n|-fieldstart|move: Electric Terrain|[from] ability: Hadron Engine|[of] p2a: Miraidon\n|turn|1\n|inactive|Hugo22222 has 30 seconds left.\n|inactive|snively3 has 30 seconds left.\n|l| 801344244b\n|inactive|Hugo22222 has 20 seconds left.\n|inactive|snively3 has 20 seconds left.\n|inactive|Hugo22222 has 15 seconds left.\n|inactive|snively3 has 15 seconds left.\n|inactive|Hugo22222 has 10 seconds left.\n|inactive|Hugo22222 has 5 seconds left.\n|\n|t:|1775786723\n|-terastallize|p1a: Calyrex|Ghost\n|move|p1b: Whimsicott|Fake Tears|p2a: Miraidon\n|-unboost|p2a: Miraidon|spd|2\n|move|p2b: Flutter Mane|Shadow Ball|p1a: Calyrex\n|-supereffective|p1a: Calyrex\n|-damage|p1a: Calyrex|10/100\n|move|p1a: Calyrex|Astral Barrage|p2b: Flutter Mane|[spread] p2a,p2b\n|-supereffective|p2b: Flutter Mane\n|-damage|p2a: Miraidon|19/100\n|-enditem|p2b: Flutter Mane|Focus Sash\n|-damage|p2b: Flutter Mane|1/100\n|move|p2a: Miraidon|Volt Switch|p1b: Whimsicott\n|-resisted|p1b: Whimsicott\n|-damage|p1b: Whimsicott|60/100\n|inactive|snively3 has 30 seconds left.\n|\n|t:|1775786751\n|switch|p2a: Koraidon|Koraidon, L50, shiny|100/100|[from] Volt Switch\n|-weather|SunnyDay|[from] ability: Orichalcum Pulse|[of] p2a: Koraidon\n|-activate|p2b: Flutter Mane|ability: Protosynthesis\n|-start|p2b: Flutter Mane|protosynthesisspe\n|-activate|p2a: Koraidon|Orichalcum Pulse|[source]\n|\n|-weather|SunnyDay|[upkeep]\n|upkeep\n|turn|2\n|inactive|snively3 has 30 seconds left.\n|\n|t:|1775786778\n|move|p1b: Whimsicott|Tailwind|p1b: Whimsicott\n|-sidestart|p1: Hugo22222|move: Tailwind\n|move|p1a: Calyrex|Astral Barrage|p2a: Koraidon|[spread] p2a,p2b\n|-supereffective|p2b: Flutter Mane\n|-crit|p2b: Flutter Mane\n|-damage|p2a: Koraidon|32/100\n|-damage|p2b: Flutter Mane|0 fnt\n|faint|p2b: Flutter Mane\n|-end|p2b: Flutter Mane|Protosynthesis|[silent]\n|-ability|p1a: Calyrex|Grim Neigh|boost\n|-boost|p1a: Calyrex|spa|1\n|move|p2a: Koraidon|Flame Charge|p1a: Calyrex\n|-damage|p1a: Calyrex|0 fnt\n|-boost|p2a: Koraidon|spe|1\n|faint|p1a: Calyrex\n|\n|-weather|SunnyDay|[upkeep]\n|upkeep\n|j| aurora ltd\n|inactive|Hugo22222 has 30 seconds left.\n|inactive|Hugo22222 has 20 seconds left.\n|\n|t:|1775786814\n|switch|p2b: Araquanid|Araquanid, L50, F|100/100\n|switch|p1a: Zamazenta|Zamazenta-Crowned, L50, shiny|100/100\n|-ability|p1a: Zamazenta|Dauntless Shield|boost\n|-boost|p1a: Zamazenta|def|1\n|turn|3\n|inactive|Hugo22222 has 30 seconds left.\n|inactive|Hugo22222 has 20 seconds left.\n|inactive|Hugo22222 has 15 seconds left.\n|inactive|Hugo22222 has 10 seconds left.\n|inactive|Hugo22222 has 5 seconds left.\n|\n|t:|1775786868\n|move|p2a: Koraidon|Protect|p2a: Koraidon\n|-singleturn|p2a: Koraidon|Protect\n|move|p1a: Zamazenta|Body Press|p2a: Koraidon\n|-activate|p2a: Koraidon|move: Protect\n|move|p1b: Whimsicott|Moonblast|p2a: Koraidon\n|-activate|p2a: Koraidon|move: Protect\n|move|p2b: Araquanid|Infestation|p1a: Zamazenta\n|-resisted|p1a: Zamazenta\n|-damage|p1a: Zamazenta|99/100\n|-activate|p1a: Zamazenta|move: Infestation|[of] p2b: Araquanid\n|\n|-weather|SunnyDay|[upkeep]\n|-damage|p1a: Zamazenta|88/100|[from] move: Infestation|[partiallytrapped]\n|upkeep\n|turn|4\n|\n|t:|1775786884\n|switch|p2a: Miraidon|Miraidon, L50, shiny|19/100\n|-activate|p2a: Miraidon|ability: Hadron Engine\n|move|p1a: Zamazenta|Body Press|p2a: Miraidon\n|-damage|p2a: Miraidon|0 fnt\n|faint|p2a: Miraidon\n|move|p1b: Whimsicott|Moonblast|p2b: Araquanid\n|-damage|p2b: Araquanid|74/100\n|move|p2b: Araquanid|Infestation|p1b: Whimsicott\n|-damage|p1b: Whimsicott|56/100\n|-activate|p1b: Whimsicott|move: Infestation|[of] p2b: Araquanid\n|\n|-weather|SunnyDay|[upkeep]\n|-heal|p2b: Araquanid|80/100|[from] item: Leftovers\n|-damage|p1a: Zamazenta|76/100|[from] move: Infestation|[partiallytrapped]\n|-damage|p1b: Whimsicott|44/100|[from] move: Infestation|[partiallytrapped]\n|upkeep\n|j| teal_knight\n|\n|t:|1775786891\n|switch|p2a: Koraidon|Koraidon, L50, shiny|32/100\n|-activate|p2a: Koraidon|ability: Orichalcum Pulse\n|turn|5\n|inactive|Hugo22222 has 30 seconds left.\n|l| teal_knight\n|\n|t:|1775786924\n|move|p2a: Koraidon|Protect|p2a: Koraidon\n|-singleturn|p2a: Koraidon|Protect\n|move|p1a: Zamazenta|Body Press|p2a: Koraidon\n|-activate|p2a: Koraidon|move: Protect\n|move|p1b: Whimsicott|Moonblast|p2a: Koraidon\n|-activate|p2a: Koraidon|move: Protect\n|move|p2b: Araquanid|Infestation|p1b: Whimsicott\n|-damage|p1b: Whimsicott|38/100\n|\n|-weather|none\n|-heal|p2b: Araquanid|86/100|[from] item: Leftovers\n|-damage|p1a: Zamazenta|64/100|[from] move: Infestation|[partiallytrapped]\n|-damage|p1b: Whimsicott|26/100|[from] move: Infestation|[partiallytrapped]\n|-sideend|p1: Hugo22222|move: Tailwind\n|-fieldend|move: Electric Terrain\n|upkeep\n|turn|6\n|\n|t:|1775786940\n|move|p1b: Whimsicott|Tailwind|p1b: Whimsicott\n|-sidestart|p1: Hugo22222|move: Tailwind\n|move|p1a: Zamazenta|Body Press|p2a: Koraidon\n|-damage|p2a: Koraidon|0 fnt\n|faint|p2a: Koraidon\n|move|p2b: Araquanid|Liquidation|p1a: Zamazenta\n|-damage|p1a: Zamazenta|46/100\n|\n|-heal|p2b: Araquanid|91/100|[from] item: Leftovers\n|-damage|p1a: Zamazenta|34/100|[from] move: Infestation|[partiallytrapped]\n|-damage|p1b: Whimsicott|14/100|[from] move: Infestation|[partiallytrapped]\n|upkeep\n|turn|7\n|inactive|Hugo22222 has 30 seconds left.\n|\n|t:|1775786973\n|move|p2b: Araquanid|Protect|p2b: Araquanid\n|-singleturn|p2b: Araquanid|Protect\n|move|p1a: Zamazenta|Body Press|p2b: Araquanid\n|-activate|p2b: Araquanid|move: Protect\n|move|p1b: Whimsicott|Moonblast|p2b: Araquanid\n|-activate|p2b: Araquanid|move: Protect\n|\n|-heal|p2b: Araquanid|97/100|[from] item: Leftovers\n|-damage|p1a: Zamazenta|22/100|[from] move: Infestation|[partiallytrapped]\n|-damage|p1b: Whimsicott|2/100|[from] move: Infestation|[partiallytrapped]\n|upkeep\n|turn|8\n|\n|t:|1775786996\n|move|p1a: Zamazenta|Body Press|p2b: Araquanid\n|-resisted|p2b: Araquanid\n|-damage|p2b: Araquanid|72/100\n|move|p1b: Whimsicott|Moonblast|p2b: Araquanid\n|-damage|p2b: Araquanid|46/100\n|-unboost|p2b: Araquanid|spa|1\n|move|p2b: Araquanid|Liquidation|p1a: Zamazenta\n|-crit|p1a: Zamazenta\n|-damage|p1a: Zamazenta|0 fnt\n|faint|p1a: Zamazenta\n|\n|-heal|p2b: Araquanid|51/100|[from] item: Leftovers\n|-damage|p1b: Whimsicott|0 fnt|[from] move: Infestation|[partiallytrapped]\n|faint|p1b: Whimsicott\n|upkeep\n|\n|t:|1775787011\n|switch|p1b: Raging Bolt|Raging Bolt, L50|100/100\n|turn|9\n|\n|t:|1775787013\n|move|p2b: Araquanid|Protect|p2b: Araquanid\n|-singleturn|p2b: Araquanid|Protect\n|move|p1b: Raging Bolt|Thunderbolt|p2b: Araquanid\n|-activate|p2b: Araquanid|move: Protect\n|\n|-heal|p2b: Araquanid|57/100|[from] item: Leftovers\n|-sideend|p1: Hugo22222|move: Tailwind\n|upkeep\n|turn|10\n|\n|t:|1775787018\n|-terastallize|p2b: Araquanid|Grass\n|move|p1b: Raging Bolt|Thunderbolt|p2b: Araquanid\n|-resisted|p2b: Araquanid\n|-damage|p2b: Araquanid|38/100\n|move|p2b: Araquanid|Infestation|p1b: Raging Bolt\n|-damage|p1b: Raging Bolt|99/100\n|-activate|p1b: Raging Bolt|move: Infestation|[of] p2b: Araquanid\n|\n|-heal|p2b: Araquanid|43/100|[from] item: Leftovers\n|-damage|p1b: Raging Bolt|87/100|[from] move: Infestation|[partiallytrapped]\n|upkeep\n|turn|11\n|\n|t:|1775787033\n|move|p2b: Araquanid|Protect|p2b: Araquanid\n|-singleturn|p2b: Araquanid|Protect\n|move|p1b: Raging Bolt|Draco Meteor|p2b: Araquanid\n|-activate|p2b: Araquanid|move: Protect\n|\n|-heal|p2b: Araquanid|49/100|[from] item: Leftovers\n|-damage|p1b: Raging Bolt|75/100|[from] move: Infestation|[partiallytrapped]\n|upkeep\n|turn|12\n|\n|t:|1775787038\n|move|p1b: Raging Bolt|Draco Meteor|p2b: Araquanid\n|-damage|p2b: Araquanid|0 fnt\n|-unboost|p1b: Raging Bolt|spa|2\n|faint|p2b: Araquanid\n|\n|win|Hugo22222\n||snively3 is ready for game 2.\n||Hugo22222 is ready for game 2.\n|uhtml|next|Next: <a href=\"/battle-gen9vgc2026regi-2579478031\"><strong>Game 2 of 3</strong></a>\n|l|\u2606snively3\n|player|p2|\n|l| Almirante Matthew\n|l|\u2606Hugo22222\n|player|p1|\n","uploadtime":1775787327,"views":7,"formatid":"gen9vgc2026regi","rating":null,"private":0,"password":null}