{"id":"gen9vgc2026regi-2576876579","format":"[Gen 9] VGC 2026 Reg I","players":["GeoBetaXZ","FRESHmustard"],"log":"|j|\u2606GeoBetaXZ\n|j|\u2606FRESHmustard\n|t:|1775513368\n|gametype|doubles\n|player|p1|GeoBetaXZ|169|1122\n|player|p2|FRESHmustard|266|1040\n|gen|9\n|tier|[Gen 9] VGC 2026 Reg I\n|rated|\n|rule|Species Clause: Limit one of each Pok\u00e9mon\n|rule|Item Clause: Limit 1 of each item\n|clearpoke\n|poke|p1|Miraidon, L50|\n|poke|p1|Lunala, L50|\n|poke|p1|Iron Hands, L50|\n|poke|p1|Ogerpon-Hearthflame, L50, F|\n|poke|p1|Whimsicott, L50, M|\n|poke|p1|Urshifu-*, L50, F|\n|poke|p2|Lunala, L50|\n|poke|p2|Ursaluna, L50, M|\n|poke|p2|Urshifu-*, L50, M|\n|poke|p2|Miraidon, L50|\n|poke|p2|Grimmsnarl, L50, M|\n|poke|p2|Incineroar, L50, M|\n|teampreview|4\n|j| BlackInmortalGG\n|\n|t:|1775513380\n|teamsize|p1|4\n|teamsize|p2|4\n|start\n|switch|p1a: Miraidon|Miraidon, L50|100/100\n|switch|p1b: Whimsicott|Whimsicott, L50, M|100/100\n|switch|p2a: Lunala|Lunala, L50|100/100\n|switch|p2b: Ursaluna|Ursaluna, L50, M|100/100\n|-fieldstart|move: Electric Terrain|[from] ability: Hadron Engine|[of] p1a: Miraidon\n|-enditem|p2a: Lunala|Electric Seed\n|-boost|p2a: Lunala|def|1|[from] item: Electric Seed\n|turn|1\n|inactive|Battle timer is ON: inactive players will automatically lose when time's up. (requested by GeoBetaXZ)\n|\n|t:|1775513399\n|-terastallize|p1a: Miraidon|Fairy\n|move|p1b: Whimsicott|Tailwind|p1b: Whimsicott\n|-sidestart|p1: GeoBetaXZ|move: Tailwind\n|move|p1a: Miraidon|Electro Drift|p2a: Lunala\n|-damage|p2a: Lunala|48/100\n|move|p2b: Ursaluna|Headlong Rush|p1a: Miraidon\n|-damage|p1a: Miraidon|20/100\n|-unboost|p2b: Ursaluna|def|1\n|-unboost|p2b: Ursaluna|spd|1\n|move|p2a: Lunala|Trick Room|p2a: Lunala\n|-fieldstart|move: Trick Room|[of] p2a: Lunala\n|\n|-status|p2b: Ursaluna|brn|[from] item: Flame Orb\n|upkeep\n|turn|2\n|\n|t:|1775513419\n|move|p1b: Whimsicott|Encore|p2a: Lunala\n|-start|p2a: Lunala|Encore\n|move|p2b: Ursaluna|Facade|p1b: Whimsicott\n|-damage|p1b: Whimsicott|0 fnt\n|faint|p1b: Whimsicott\n|move|p2a: Lunala|Trick Room|p2a: Lunala\n|-fieldend|move: Trick Room\n|move|p1a: Miraidon|Electro Drift|p2a: Lunala\n|-damage|p2a: Lunala|0 fnt\n|faint|p2a: Lunala\n|\n|-damage|p2b: Ursaluna|95/100 brn|[from] brn\n|upkeep\n|\n|t:|1775513431\n|switch|p1b: Urshifu|Urshifu, L50, F|100/100\n|switch|p2a: Grimmsnarl|Grimmsnarl, L50, M|100/100\n|turn|3\n|\n|t:|1775513448\n|move|p2a: Grimmsnarl|Reflect|p2a: Grimmsnarl\n|-sidestart|p2: FRESHmustard|Reflect\n|move|p1a: Miraidon|Electro Drift|p2a: Grimmsnarl\n|-damage|p2a: Grimmsnarl|0 fnt\n|faint|p2a: Grimmsnarl\n|move|p1b: Urshifu|Wicked Blow|p2b: Ursaluna\n|-crit|p2b: Ursaluna\n|-damage|p2b: Ursaluna|29/100 brn\n|move|p2b: Ursaluna|Earthquake|p1a: Miraidon|[spread] p1a,p1b\n|-damage|p1a: Miraidon|0 fnt\n|-damage|p1b: Urshifu|36/100\n|faint|p1a: Miraidon\n|\n|-damage|p2b: Ursaluna|23/100 brn|[from] brn\n|upkeep\n|\n|t:|1775513459\n|switch|p1a: Ogerpon|Ogerpon-Hearthflame, L50, F|100/100\n|switch|p2a: Miraidon|Miraidon, L50|100/100\n|-ability|p1a: Ogerpon|Mold Breaker\n|-activate|p2a: Miraidon|ability: Hadron Engine\n|turn|4\n|\n|t:|1775513475\n|move|p2b: Ursaluna|Protect|p2b: Ursaluna\n|-singleturn|p2b: Ursaluna|Protect\n|move|p1a: Ogerpon|Follow Me|p1a: Ogerpon\n|-singleturn|p1a: Ogerpon|move: Follow Me\n|move|p1b: Urshifu|Wicked Blow|p2b: Ursaluna\n|-crit|p2b: Ursaluna\n|-damage|p2b: Ursaluna|0 fnt\n|faint|p2b: Ursaluna\n|move|p2a: Miraidon|Electro Drift|p1a: Ogerpon\n|-resisted|p1a: Ogerpon\n|-damage|p1a: Ogerpon|44/100\n|\n|-sideend|p1: GeoBetaXZ|move: Tailwind\n|upkeep\n|turn|5\n|inactive|GeoBetaXZ has 30 seconds left.\n|\n|t:|1775513504\n|move|p1b: Urshifu|Detect|p1b: Urshifu\n|-singleturn|p1b: Urshifu|Protect\n|move|p1a: Ogerpon|Ivy Cudgel|p2a: Miraidon|[anim] Ivy Cudgel Fire\n|-resisted|p2a: Miraidon\n|-damage|p2a: Miraidon|84/100\n|move|p2a: Miraidon|Electro Drift|p1b: Urshifu\n|-activate|p1b: Urshifu|move: Protect\n|\n|-fieldend|move: Electric Terrain\n|upkeep\n|turn|6\n|\n|t:|1775513519\n|move|p1a: Ogerpon|Follow Me|p1a: Ogerpon\n|-singleturn|p1a: Ogerpon|move: Follow Me\n|move|p1b: Urshifu|Wicked Blow|p2a: Miraidon\n|-crit|p2a: Miraidon\n|-damage|p2a: Miraidon|36/100\n|move|p2a: Miraidon|Electro Drift|p1a: Ogerpon\n|-resisted|p1a: Ogerpon\n|-damage|p1a: Ogerpon|13/100\n|\n|upkeep\n|turn|7\n|\n|t:|1775513530\n|-terastallize|p2a: Miraidon|Electric\n|move|p1a: Ogerpon|Follow Me|p1a: Ogerpon\n|-singleturn|p1a: Ogerpon|move: Follow Me\n|move|p1b: Urshifu|Wicked Blow|p2a: Miraidon\n|-crit|p2a: Miraidon\n|-damage|p2a: Miraidon|0 fnt\n|faint|p2a: Miraidon\n|\n|win|GeoBetaXZ\n|raw|GeoBetaXZ's rating: 1122 &rarr; <strong>1144</strong><br />(+22 for winning)\n|raw|FRESHmustard's rating: 1074 &rarr; <strong>1056</strong><br />(-18 for losing)\n|l|\u2606FRESHmustard\n|player|p2|\n","uploadtime":1775513538,"views":30,"formatid":"gen9vgc2026regi","rating":1056,"private":0,"password":null}