{"id":"gen9vgc2026regi-2551490352","format":"[Gen 9] VGC 2026 Reg I","players":["bigbadbirdvgc","Zorse Mentality"],"log":"|j|\u2606bigbadbirdvgc\n|j|\u2606Zorse Mentality\n|t:|1772610572\n|gametype|doubles\n|player|p1|bigbadbirdvgc|169|1213\n|player|p2|Zorse Mentality|169|1350\n|gen|9\n|tier|[Gen 9] VGC 2026 Reg I\n|rated|\n|rule|Species Clause: Limit one of each Pok\u00e9mon\n|rule|Item Clause: Limit 1 of each item\n|clearpoke\n|poke|p1|Kyogre, L50|\n|poke|p1|Rillaboom, L50, M|\n|poke|p1|Amoonguss, L50, F|\n|poke|p1|Incineroar, L50, M|\n|poke|p1|Lunala, L50|\n|poke|p1|Landorus, L50, M|\n|poke|p2|Miraidon, L50|\n|poke|p2|Tatsugiri, L50, F|\n|poke|p2|Raichu-Alola, L50, M|\n|poke|p2|Dondozo, L50, F|\n|poke|p2|Calyrex-Shadow, L50|\n|poke|p2|Weezing-Galar, L50, F|\n|teampreview|4\n|inactive|Battle timer is ON: inactive players will automatically lose when time's up. (requested by bigbadbirdvgc)\n|\n|t:|1772610633\n|teamsize|p1|4\n|teamsize|p2|4\n|start\n|switch|p1a: Lunala|Lunala, L50|100/100\n|switch|p1b: Rillaboom|Rillaboom, L50, M|100/100\n|switch|p2a: Calyrex|Calyrex-Shadow, L50|100/100\n|switch|p2b: Weezing|Weezing-Galar, L50, F|100/100\n|-ability|p2b: Weezing|Neutralizing Gas\n|-ability|p2a: Calyrex|As One\n|-ability|p2a: Calyrex|Unnerve\n|turn|1\n|inactive|bigbadbirdvgc has 30 seconds left.\n|inactive|Zorse Mentality has 30 seconds left.\n|\n|t:|1772610661\n|switch|p1a: Incineroar|Incineroar, L50, M|100/100\n|move|p2a: Calyrex|Protect|p2a: Calyrex\n|-singleturn|p2a: Calyrex|Protect\n|move|p1b: Rillaboom|U-turn|p2a: Calyrex\n|-activate|p2a: Calyrex|move: Protect\n|move|p2b: Weezing|Poison Gas|p1a: Incineroar|[spread] p1a,p1b\n|-status|p1a: Incineroar|psn\n|-status|p1b: Rillaboom|psn\n|\n|-damage|p1b: Rillaboom|88/100 psn|[from] psn\n|-damage|p1a: Incineroar|88/100 psn|[from] psn\n|upkeep\n|turn|2\n|inactive|Zorse Mentality has 30 seconds left.\n|inactive|Zorse Mentality has 20 seconds left.\n|\n|t:|1772610698\n|-terastallize|p2a: Calyrex|Ground\n|move|p2a: Calyrex|Tera Blast|p1a: Incineroar|[anim] Tera Blast Ground\n|-supereffective|p1a: Incineroar\n|-damage|p1a: Incineroar|0 fnt\n|faint|p1a: Incineroar\n|-ability|p2a: Calyrex|Grim Neigh|boost\n|-boost|p2a: Calyrex|spa|1\n|-damage|p2a: Calyrex|91/100|[from] item: Life Orb\n|move|p1b: Rillaboom|U-turn|p2a: Calyrex\n|-damage|p2a: Calyrex|66/100\n|\n|t:|1772610711\n|switch|p1b: Lunala|Lunala, L50|100/100|[from] U-turn\n|move|p2b: Weezing|Strange Steam|p1b: Lunala|[miss]\n|-miss|p2b: Weezing|p1b: Lunala\n|\n|upkeep\n|\n|t:|1772610717\n|switch|p1a: Rillaboom|Rillaboom, L50, M|88/100 psn\n|turn|3\n|\n|t:|1772610733\n|move|p2a: Calyrex|Protect|p2a: Calyrex\n|-singleturn|p2a: Calyrex|Protect\n|move|p1a: Rillaboom|Fake Out|p2a: Calyrex\n|-activate|p2a: Calyrex|move: Protect\n|move|p2b: Weezing|Taunt|p1b: Lunala\n|-start|p1b: Lunala|move: Taunt\n|cant|p1b: Lunala|move: Taunt|Trick Room\n|\n|-damage|p1a: Rillaboom|76/100 psn|[from] psn\n|upkeep\n|turn|4\n|\n|t:|1772610758\n|-terastallize|p1b: Lunala|Fairy\n|move|p2a: Calyrex|Astral Barrage|p1a: Rillaboom|[spread] p1a,p1b\n|-damage|p1a: Rillaboom|14/100 psn\n|-damage|p1b: Lunala|24/100\n|-damage|p2a: Calyrex|57/100|[from] item: Life Orb\n|move|p1b: Lunala|Moongeist Beam|p2b: Weezing\n|-damage|p2b: Weezing|41/100\n|move|p1a: Rillaboom|Drum Beating|p2a: Calyrex\n|-supereffective|p2a: Calyrex\n|-damage|p2a: Calyrex|0 fnt\n|faint|p2a: Calyrex\n|move|p2b: Weezing|Poison Gas|p1b: Lunala|[spread] p1b\n|-miss|p2b: Weezing|p1a: Rillaboom\n|-status|p1b: Lunala|psn\n|\n|-heal|p2b: Weezing|46/100|[from] item: Leftovers\n|-damage|p1b: Lunala|12/100 psn|[from] psn\n|-damage|p1a: Rillaboom|1/100 psn|[from] psn\n|upkeep\n|inactive|Zorse Mentality has 30 seconds left.\n|\n|t:|1772610783\n|switch|p2a: Miraidon|Miraidon, L50|100/100\n|turn|5\n|\n|t:|1772610795\n|switch|p1b: Amoonguss|Amoonguss, L50, F|100/100\n|move|p2a: Miraidon|Protect|p2a: Miraidon\n|-singleturn|p2a: Miraidon|Protect\n|move|p2b: Weezing|Protect|p2b: Weezing\n|-singleturn|p2b: Weezing|Protect\n|move|p1a: Rillaboom|U-turn|p2a: Miraidon\n|-activate|p2a: Miraidon|move: Protect\n|\n|-heal|p2b: Weezing|52/100|[from] item: Leftovers\n|-damage|p1a: Rillaboom|0 fnt|[from] psn\n|faint|p1a: Rillaboom\n|upkeep\n|\n|t:|1772610808\n|switch|p1a: Lunala|Lunala, L50, tera:Fairy|12/100 psn\n|turn|6\n|\n|t:|1772610817\n|-end|p2b: Weezing|ability: Neutralizing Gas\n|-fieldstart|move: Electric Terrain|[from] ability: Hadron Engine|[of] p2a: Miraidon\n|switch|p2b: Raichu|Raichu-Alola, L50, M|100/100\n|move|p1a: Lunala|Wide Guard|p1a: Lunala\n|-singleturn|p1a: Lunala|Wide Guard\n|move|p2a: Miraidon|Parabolic Charge|p1a: Lunala|[spread] p2b\n|-activate|p1a: Lunala|move: Wide Guard\n|-activate|p1b: Amoonguss|move: Wide Guard\n|-resisted|p2b: Raichu\n|-damage|p2b: Raichu|63/100\n|move|p1b: Amoonguss|Spore|p2a: Miraidon\n|-activate|p2a: Miraidon|move: Electric Terrain\n|\n|-damage|p1a: Lunala|0 fnt|[from] psn\n|faint|p1a: Lunala\n|upkeep\n|turn|7\n|-message|bigbadbirdvgc forfeited.\n|\n|win|Zorse Mentality\n|raw|bigbadbirdvgc's rating: 1213 &rarr; <strong>1197</strong><br />(-16 for losing)\n|raw|Zorse Mentality's rating: 1350 &rarr; <strong>1362</strong><br />(+12 for winning)\n|l|\u2606bigbadbirdvgc\n|player|p1|\n|l|\u2606Zorse Mentality\n|player|p2|\n","uploadtime":1772610981,"views":12,"formatid":"gen9vgc2026regi","rating":1197,"private":0,"password":null}