{"id":"gen9vgc2026regi-2554730853","format":"[Gen 9] VGC 2026 Reg I","players":["Cello L.","kinderlew"],"log":"|j|\u2606Cello L.\n|j|\u2606kinderlew\n|t:|1773005366\n|gametype|doubles\n|player|p1|Cello L.|psychic-gen4|1474\n|player|p2|kinderlew|265|1547\n|gen|9\n|tier|[Gen 9] VGC 2026 Reg I\n|rated|\n|rule|Species Clause: Limit one of each Pok\u00e9mon\n|rule|Item Clause: Limit 1 of each item\n|clearpoke\n|poke|p1|Calyrex-Shadow, L50|\n|poke|p1|Koraidon, L50|\n|poke|p1|Regieleki, L50|\n|poke|p1|Volcarona, L50, F|\n|poke|p1|Rillaboom, L50, F|\n|poke|p1|Incineroar, L50, F|\n|poke|p2|Calyrex-Shadow, L50|\n|poke|p2|Smeargle, L50, F|\n|poke|p2|Koraidon, L50|\n|poke|p2|Tornadus, L50, M|\n|poke|p2|Volcarona, L50, F|\n|poke|p2|Iron Hands, L50|\n|teampreview|4\n|\n|t:|1773005399\n|teamsize|p1|4\n|teamsize|p2|4\n|start\n|switch|p1a: Calyrex|Calyrex-Shadow, L50|100/100\n|switch|p1b: Regieleki|Regieleki, L50|100/100\n|switch|p2a: Calyrex|Calyrex-Shadow, L50|100/100\n|switch|p2b: Smeargle|Smeargle, L50, F|100/100\n|-ability|p1a: Calyrex|As One\n|-ability|p1a: Calyrex|Unnerve\n|-ability|p2a: Calyrex|As One\n|-ability|p2a: Calyrex|Unnerve\n|turn|1\n|inactive|Battle timer is ON: inactive players will automatically lose when time's up. (requested by kinderlew)\n|\n|t:|1773005423\n|-terastallize|p1a: Calyrex|Dark\n|move|p1b: Regieleki|Protect|p1b: Regieleki\n|-singleturn|p1b: Regieleki|Protect\n|move|p2b: Smeargle|Wide Guard|p2b: Smeargle\n|-singleturn|p2b: Smeargle|Wide Guard\n|move|p1a: Calyrex|Psychic|p2b: Smeargle\n|-enditem|p2b: Smeargle|Focus Sash\n|-damage|p2b: Smeargle|1/100\n|-damage|p1a: Calyrex|91/100|[from] item: Life Orb\n|move|p2a: Calyrex|Astral Barrage|p1a: Calyrex|[spread] p1a\n|-activate|p1b: Regieleki|move: Protect\n|-resisted|p1a: Calyrex\n|-damage|p1a: Calyrex|50/100\n|\n|upkeep\n|turn|2\n|inactive|Cello L. has 30 seconds left.\n|inactive|kinderlew has 30 seconds left.\n|\n|t:|1773005456\n|move|p2b: Smeargle|Wide Guard|p2b: Smeargle\n|-singleturn|p2b: Smeargle|Wide Guard\n|move|p1b: Regieleki|Volt Switch|p2b: Smeargle\n|-damage|p2b: Smeargle|0 fnt\n|faint|p2b: Smeargle\n|\n|t:|1773005462\n|switch|p1b: Incineroar|Incineroar, L50, F|100/100|[from] Volt Switch\n|-ability|p1b: Incineroar|Intimidate|boost\n|-unboost|p2a: Calyrex|atk|1\n|move|p1a: Calyrex|Nasty Plot|p1a: Calyrex\n|-boost|p1a: Calyrex|spa|2\n|move|p2a: Calyrex|Astral Barrage|p1b: Incineroar|[spread] p1a,p1b\n|-resisted|p1a: Calyrex\n|-resisted|p1b: Incineroar\n|-damage|p1a: Calyrex|8/100\n|-damage|p1b: Incineroar|63/100\n|\n|upkeep\n|\n|t:|1773005475\n|switch|p2b: Tornadus|Tornadus, L50, M|100/100\n|turn|3\n|\n|t:|1773005482\n|-terastallize|p2a: Calyrex|Ghost\n|move|p1a: Calyrex|Protect|p1a: Calyrex\n|-singleturn|p1a: Calyrex|Protect\n|move|p2b: Tornadus|Tailwind|p2b: Tornadus\n|-sidestart|p2: kinderlew|move: Tailwind\n|move|p2a: Calyrex|Astral Barrage|p1a: Calyrex|[spread] p1b\n|-activate|p1a: Calyrex|move: Protect\n|-resisted|p1b: Incineroar\n|-damage|p1b: Incineroar|4/100\n|move|p1b: Incineroar|Knock Off|p2a: Calyrex\n|-supereffective|p2a: Calyrex\n|-damage|p2a: Calyrex|13/100\n|-enditem|p2a: Calyrex|Choice Specs|[from] move: Knock Off|[of] p1b: Incineroar\n|\n|upkeep\n|turn|4\n|inactive|Cello L. has 30 seconds left.\n|inactive|kinderlew has 30 seconds left.\n|inactive|Cello L. has 20 seconds left.\n|\n|t:|1773005517\n|move|p1a: Calyrex|Protect||[still]\n|-fail|p1a: Calyrex\n|move|p2a: Calyrex|Astral Barrage|p1a: Calyrex|[spread] p1a,p1b\n|-resisted|p1a: Calyrex\n|-resisted|p1b: Incineroar\n|-damage|p1a: Calyrex|0 fnt\n|-damage|p1b: Incineroar|0 fnt\n|faint|p1a: Calyrex\n|faint|p1b: Incineroar\n|-ability|p2a: Calyrex|Grim Neigh|boost\n|-boost|p2a: Calyrex|spa|2\n|move|p2b: Tornadus|Bleakwind Storm|p1: Calyrex|[notarget]\n|-fail|p2b: Tornadus\n|\n|upkeep\n|\n|t:|1773005529\n|switch|p1a: Koraidon|Koraidon, L50|100/100\n|switch|p1b: Regieleki|Regieleki, L50|100/100\n|-weather|SunnyDay|[from] ability: Orichalcum Pulse|[of] p1a: Koraidon\n|-activate|p1a: Koraidon|Orichalcum Pulse|[source]\n|turn|5\n|\n|t:|1773005537\n|move|p1a: Koraidon|Protect|p1a: Koraidon\n|-singleturn|p1a: Koraidon|Protect\n|move|p2b: Tornadus|Rain Dance|p2b: Tornadus\n|-weather|RainDance\n|move|p2a: Calyrex|Astral Barrage|p1b: Regieleki|[spread] p1b\n|-activate|p1a: Koraidon|move: Protect\n|-enditem|p1b: Regieleki|Focus Sash\n|-damage|p1b: Regieleki|1/100\n|move|p1b: Regieleki|Electroweb|p2a: Calyrex|[spread] p2a,p2b\n|-supereffective|p2b: Tornadus\n|-damage|p2a: Calyrex|0 fnt\n|-damage|p2b: Tornadus|57/100\n|faint|p2a: Calyrex\n|\n|-weather|RainDance|[upkeep]\n|upkeep\n|\n|t:|1773005543\n|switch|p2a: Iron Hands|Iron Hands, L50|100/100\n|turn|6\n|\n|t:|1773005563\n|move|p1b: Regieleki|Protect|p1b: Regieleki\n|-singleturn|p1b: Regieleki|Protect\n|move|p1a: Koraidon|Protect||[still]\n|-fail|p1a: Koraidon\n|move|p2a: Iron Hands|Fake Out|p1a: Koraidon\n|-damage|p1a: Koraidon|88/100\n|move|p2b: Tornadus|Bleakwind Storm|p1a: Koraidon|[spread] p1a\n|-activate|p1b: Regieleki|move: Protect\n|-supereffective|p1a: Koraidon\n|-damage|p1a: Koraidon|36/100\n|\n|-weather|RainDance|[upkeep]\n|-sideend|p2: kinderlew|move: Tailwind\n|upkeep\n|turn|7\n|\n|t:|1773005590\n|move|p2b: Tornadus|Tailwind|p2b: Tornadus\n|-sidestart|p2: kinderlew|move: Tailwind\n|move|p1b: Regieleki|Thunderbolt|p2b: Tornadus\n|-supereffective|p2b: Tornadus\n|-damage|p2b: Tornadus|0 fnt\n|faint|p2b: Tornadus\n|move|p1a: Koraidon|Collision Course|p2a: Iron Hands\n|-damage|p2a: Iron Hands|66/100\n|move|p2a: Iron Hands|Drain Punch|p1a: Koraidon\n|-damage|p1a: Koraidon|7/100\n|-heal|p2a: Iron Hands|79/100|[from] drain|[of] p1a: Koraidon\n|\n|-weather|RainDance|[upkeep]\n|upkeep\n|turn|8\n|\n|t:|1773005605\n|move|p1a: Koraidon|Protect|p1a: Koraidon\n|-singleturn|p1a: Koraidon|Protect\n|move|p1b: Regieleki|Thunderbolt|p2a: Iron Hands\n|-resisted|p2a: Iron Hands\n|-damage|p2a: Iron Hands|62/100\n|move|p2a: Iron Hands|Drain Punch|p1a: Koraidon\n|-activate|p1a: Koraidon|move: Protect\n|\n|-weather|RainDance|[upkeep]\n|upkeep\n|turn|9\n|\n|t:|1773005619\n|move|p1b: Regieleki|Thunderbolt|p2a: Iron Hands\n|-resisted|p2a: Iron Hands\n|-damage|p2a: Iron Hands|46/100\n|move|p1a: Koraidon|Collision Course|p2a: Iron Hands\n|-damage|p2a: Iron Hands|17/100\n|move|p2a: Iron Hands|Drain Punch|p1a: Koraidon\n|-damage|p1a: Koraidon|0 fnt\n|-heal|p2a: Iron Hands|19/100|[from] drain|[of] p1a: Koraidon\n|faint|p1a: Koraidon\n|\n|-weather|none\n|upkeep\n|turn|10\n|\n|t:|1773005632\n|move|p1b: Regieleki|Thunderbolt|p2a: Iron Hands\n|-resisted|p2a: Iron Hands\n|-damage|p2a: Iron Hands|3/100\n|move|p2a: Iron Hands|Wild Charge|p1b: Regieleki\n|-resisted|p1b: Regieleki\n|-damage|p1b: Regieleki|0 fnt\n|faint|p1b: Regieleki\n|-damage|p2a: Iron Hands|2/100|[from] Recoil\n|\n|win|kinderlew\n|raw|Cello L.'s rating: 1474 &rarr; <strong>1458</strong><br />(-16 for losing)\n|raw|kinderlew's rating: 1547 &rarr; <strong>1563</strong><br />(+16 for winning)\n","uploadtime":1773005637,"views":16,"formatid":"gen9vgc2026regi","rating":1458,"private":0,"password":null}