{"id":"gen9vgc2026regi-2564793144","format":"[Gen 9] VGC 2026 Reg I","players":["jacre22","testhan92"],"log":"|j|\u2606jacre22\n|j|\u2606testhan92\n|t:|1774198229\n|gametype|doubles\n|player|p1|jacre22|iris-gen5bw2|1261\n|player|p2|testhan92|266|1361\n|gen|9\n|tier|[Gen 9] VGC 2026 Reg I\n|rated|\n|rule|Species Clause: Limit one of each Pok\u00e9mon\n|rule|Item Clause: Limit 1 of each item\n|clearpoke\n|poke|p1|Chien-Pao, L50|\n|poke|p1|Zacian-*, L50|\n|poke|p1|Kyogre, L50|\n|poke|p1|Urshifu-*, L50, M|\n|poke|p1|Roaring Moon, L50|\n|poke|p1|Amoonguss, L50, M|\n|poke|p2|Lunala, L50|\n|poke|p2|Groudon, L50|\n|poke|p2|Amoonguss, L50, F|\n|poke|p2|Incineroar, L50, M|\n|poke|p2|Raging Bolt, L50|\n|poke|p2|Roaring Moon, L50|\n|teampreview|4\n|\n|t:|1774198280\n|teamsize|p1|4\n|teamsize|p2|4\n|start\n|switch|p1a: Roaring Moon|Roaring Moon, L50|100/100\n|switch|p1b: Zacian|Zacian-Crowned, L50|100/100\n|switch|p2a: Roaring Moon|Roaring Moon, L50|100/100\n|switch|p2b: Raging Bolt|Raging Bolt, L50|100/100\n|-ability|p1b: Zacian|Intrepid Sword|boost\n|-boost|p1b: Zacian|atk|1\n|-enditem|p1a: Roaring Moon|Booster Energy\n|-activate|p1a: Roaring Moon|ability: Protosynthesis|[fromitem]\n|-start|p1a: Roaring Moon|protosynthesisspe\n|-enditem|p2a: Roaring Moon|Booster Energy\n|-activate|p2a: Roaring Moon|ability: Protosynthesis|[fromitem]\n|-start|p2a: Roaring Moon|protosynthesisspe\n|turn|1\n|\n|t:|1774198322\n|-end|p2a: Roaring Moon|Protosynthesis|[silent]\n|switch|p2a: Incineroar|Incineroar, L50, M|100/100\n|-ability|p2a: Incineroar|Intimidate|boost\n|-unboost|p1a: Roaring Moon|atk|1\n|-unboost|p1b: Zacian|atk|1\n|move|p2b: Raging Bolt|Protect|p2b: Raging Bolt\n|-singleturn|p2b: Raging Bolt|Protect\n|move|p1a: Roaring Moon|Tailwind|p1a: Roaring Moon\n|-sidestart|p1: jacre22|move: Tailwind\n|move|p1b: Zacian|Play Rough|p2a: Incineroar\n|-damage|p2a: Incineroar|63/100\n|\n|upkeep\n|turn|2\n|\n|t:|1774198346\n|move|p1a: Roaring Moon|Protect|p1a: Roaring Moon\n|-singleturn|p1a: Roaring Moon|Protect\n|move|p2a: Incineroar|Fake Out|p1b: Zacian\n|-resisted|p1b: Zacian\n|-damage|p1b: Zacian|96/100\n|cant|p1b: Zacian|flinch\n|move|p2b: Raging Bolt|Draco Meteor|p1a: Roaring Moon\n|-activate|p1a: Roaring Moon|move: Protect\n|\n|upkeep\n|turn|3\n|\n|t:|1774198370\n|-end|p1a: Roaring Moon|Protosynthesis|[silent]\n|switch|p1a: Amoonguss|Amoonguss, L50, M|100/100\n|-terastallize|p2b: Raging Bolt|Electric\n|move|p1b: Zacian|Swords Dance|p1b: Zacian\n|-boost|p1b: Zacian|atk|2\n|move|p2b: Raging Bolt|Thunderbolt|p1b: Zacian\n|-crit|p1b: Zacian\n|-damage|p1b: Zacian|0 fnt\n|faint|p1b: Zacian\n|-damage|p2b: Raging Bolt|91/100|[from] item: Life Orb\n|move|p2a: Incineroar|Parting Shot|p1a: Amoonguss\n|-unboost|p1a: Amoonguss|atk|1\n|-unboost|p1a: Amoonguss|spa|1\n|\n|t:|1774198380\n|switch|p2a: Roaring Moon|Roaring Moon, L50|100/100|[from] Parting Shot\n|\n|upkeep\n|\n|t:|1774198387\n|switch|p1b: Kyogre|Kyogre, L50|100/100\n|-weather|RainDance|[from] ability: Drizzle|[of] p1b: Kyogre\n|turn|4\n|\n|t:|1774198399\n|move|p2a: Roaring Moon|Protect|p2a: Roaring Moon\n|-singleturn|p2a: Roaring Moon|Protect\n|move|p2b: Raging Bolt|Protect|p2b: Raging Bolt\n|-singleturn|p2b: Raging Bolt|Protect\n|move|p1b: Kyogre|Water Spout|p2a: Roaring Moon|[spread] \n|-activate|p2a: Roaring Moon|move: Protect\n|-activate|p2b: Raging Bolt|move: Protect\n|move|p1a: Amoonguss|Spore|p2b: Raging Bolt\n|-activate|p2b: Raging Bolt|move: Protect\n|\n|-weather|RainDance|[upkeep]\n|-sideend|p1: jacre22|move: Tailwind\n|upkeep\n|turn|5\n|\n|t:|1774198413\n|-end|p2b: Raging Bolt|Protosynthesis|[silent]\n|switch|p2b: Groudon|Groudon, L50|100/100\n|-weather|SunnyDay|[from] ability: Drought|[of] p2b: Groudon\n|-activate|p2a: Roaring Moon|ability: Protosynthesis\n|-start|p2a: Roaring Moon|protosynthesisspe\n|-terastallize|p1a: Amoonguss|Water\n|move|p1a: Amoonguss|Rage Powder|p1a: Amoonguss\n|-singleturn|p1a: Amoonguss|move: Rage Powder\n|move|p2a: Roaring Moon|Breaking Swipe|p1b: Kyogre|[spread] p1a,p1b\n|-damage|p1a: Amoonguss|84/100\n|-damage|p1b: Kyogre|81/100\n|-unboost|p1a: Amoonguss|atk|1\n|-unboost|p1b: Kyogre|atk|1\n|-damage|p2a: Roaring Moon|84/100|[from] item: Rocky Helmet|[of] p1a: Amoonguss\n|move|p1b: Kyogre|Water Spout|p2a: Roaring Moon|[spread] p2a,p2b\n|-resisted|p2a: Roaring Moon\n|-supereffective|p2b: Groudon\n|-damage|p2a: Roaring Moon|70/100\n|-damage|p2b: Groudon|48/100\n|\n|-weather|SunnyDay|[upkeep]\n|upkeep\n|turn|6\n|\n|t:|1774198436\n|switch|p1b: Roaring Moon|Roaring Moon, L50|100/100\n|-activate|p1b: Roaring Moon|ability: Protosynthesis\n|-start|p1b: Roaring Moon|protosynthesisspe\n|move|p2a: Roaring Moon|Tailwind|p2a: Roaring Moon\n|-sidestart|p2: testhan92|move: Tailwind\n|move|p2b: Groudon|Precipice Blades|p1a: Amoonguss|[spread] p1a,p1b\n|-crit|p1b: Roaring Moon\n|-damage|p1a: Amoonguss|42/100\n|-damage|p1b: Roaring Moon|13/100\n|move|p1a: Amoonguss|Spore|p2b: Groudon\n|-status|p2b: Groudon|slp|[from] move: Spore\n|\n|-weather|SunnyDay|[upkeep]\n|upkeep\n|turn|7\n|\n|t:|1774198456\n|switch|p2b: Raging Bolt|Raging Bolt, L50, tera:Electric|91/100\n|-activate|p2b: Raging Bolt|ability: Protosynthesis\n|-start|p2b: Raging Bolt|protosynthesisspa\n|move|p1b: Roaring Moon|Protect|p1b: Roaring Moon\n|-singleturn|p1b: Roaring Moon|Protect\n|move|p2a: Roaring Moon|Breaking Swipe|p1a: Amoonguss|[spread] p1a\n|-activate|p1b: Roaring Moon|move: Protect\n|-damage|p1a: Amoonguss|26/100\n|-unboost|p1a: Amoonguss|atk|1\n|-damage|p2a: Roaring Moon|54/100|[from] item: Rocky Helmet|[of] p1a: Amoonguss\n|move|p1a: Amoonguss|Spore|p2a: Roaring Moon\n|-status|p2a: Roaring Moon|slp|[from] move: Spore\n|\n|-weather|SunnyDay|[upkeep]\n|upkeep\n|turn|8\n|\n|t:|1774198473\n|cant|p2a: Roaring Moon|slp\n|move|p1b: Roaring Moon|Tailwind|p1b: Roaring Moon\n|-sidestart|p1: jacre22|move: Tailwind\n|move|p2b: Raging Bolt|Thunderbolt|p1a: Amoonguss\n|-supereffective|p1a: Amoonguss\n|-damage|p1a: Amoonguss|0 fnt\n|faint|p1a: Amoonguss\n|-damage|p2b: Raging Bolt|81/100|[from] item: Life Orb\n|\n|-weather|SunnyDay|[upkeep]\n|upkeep\n|\n|t:|1774198479\n|switch|p1a: Kyogre|Kyogre, L50|81/100\n|-weather|RainDance|[from] ability: Drizzle|[of] p1a: Kyogre\n|-end|p1b: Roaring Moon|Protosynthesis\n|-end|p2a: Roaring Moon|Protosynthesis\n|-end|p2b: Raging Bolt|Protosynthesis\n|turn|9\n|\n|t:|1774198495\n|-end|p2a: Roaring Moon|Protosynthesis|[silent]\n|switch|p2a: Groudon|Groudon, L50|48/100 slp\n|-weather|SunnyDay|[from] ability: Drought|[of] p2a: Groudon\n|-activate|p1b: Roaring Moon|ability: Protosynthesis\n|-start|p1b: Roaring Moon|protosynthesisspe\n|-activate|p2b: Raging Bolt|ability: Protosynthesis\n|-start|p2b: Raging Bolt|protosynthesisspa\n|move|p2b: Raging Bolt|Protect|p2b: Raging Bolt\n|-singleturn|p2b: Raging Bolt|Protect\n|move|p1b: Roaring Moon|Knock Off|p2a: Groudon\n|-damage|p2a: Groudon|17/100 slp\n|-enditem|p2a: Groudon|Clear Amulet|[from] move: Knock Off|[of] p1b: Roaring Moon\n|move|p1a: Kyogre|Origin Pulse|p2a: Groudon|[spread] p2a\n|-activate|p2b: Raging Bolt|move: Protect\n|-supereffective|p2a: Groudon\n|-damage|p2a: Groudon|0 fnt\n|faint|p2a: Groudon\n|\n|-weather|SunnyDay|[upkeep]\n|-sideend|p2: testhan92|move: Tailwind\n|upkeep\n|\n|t:|1774198512\n|switch|p2a: Incineroar|Incineroar, L50, M|63/100\n|-ability|p2a: Incineroar|Intimidate|boost\n|-unboost|p1a: Kyogre|atk|1\n|-unboost|p1b: Roaring Moon|atk|1\n|turn|10\n|\n|t:|1774198520\n|move|p1b: Roaring Moon|Protect|p1b: Roaring Moon\n|-singleturn|p1b: Roaring Moon|Protect\n|move|p2a: Incineroar|Fake Out|p1b: Roaring Moon\n|-activate|p1b: Roaring Moon|move: Protect\n|move|p2b: Raging Bolt|Thunderclap|p1a: Kyogre\n|-supereffective|p1a: Kyogre\n|-damage|p1a: Kyogre|0 fnt\n|faint|p1a: Kyogre\n|-damage|p2b: Raging Bolt|72/100|[from] item: Life Orb\n|\n|-weather|SunnyDay|[upkeep]\n|upkeep\n|turn|11\n|\n|t:|1774198533\n|move|p2b: Raging Bolt|Thunderclap|p1b: Roaring Moon\n|-resisted|p1b: Roaring Moon\n|-damage|p1b: Roaring Moon|0 fnt\n|faint|p1b: Roaring Moon\n|-end|p1b: Roaring Moon|Protosynthesis|[silent]\n|-damage|p2b: Raging Bolt|62/100|[from] item: Life Orb\n|\n|win|testhan92\n|raw|jacre22's rating: 1261 &rarr; <strong>1243</strong><br />(-18 for losing)\n|raw|testhan92's rating: 1361 &rarr; <strong>1375</strong><br />(+14 for winning)\n|l|\u2606jacre22\n|player|p1|\n","uploadtime":1774198533,"views":22,"formatid":"gen9vgc2026regi","rating":1243,"private":0,"password":null}