{"id":"gen9vgc2026regi-2564047320","format":"[Gen 9] VGC 2026 Reg I","players":["Asamr","1VLTSQ Joker"],"log":"|raw|<div class=\"broadcast-blue\"><strong>This battle is required to be public due to a player having a name starting with '1vltsq'.</div>\n|j|\u2606Asamr\n|j|\u26061VLTSQ Joker\n|t:|1774104076\n|gametype|doubles\n|player|p1|Asamr|169|1500\n|player|p2|1VLTSQ Joker|blue|1576\n|gen|9\n|tier|[Gen 9] VGC 2026 Reg I\n|rated|\n|rule|Species Clause: Limit one of each Pok\u00e9mon\n|rule|Item Clause: Limit 1 of each item\n|clearpoke\n|poke|p1|Terapagos, L50, M|\n|poke|p1|Giratina-Origin, L50|\n|poke|p1|Ogerpon-Wellspring, L50, F|\n|poke|p1|Indeedee-F, L50, F|\n|poke|p1|Sableye, L50, M|\n|poke|p1|Sinistcha-Masterpiece, L50|\n|poke|p2|Calyrex-Ice, L50|\n|poke|p2|Smeargle, L50, F|\n|poke|p2|Kyogre, L50|\n|poke|p2|Maushold, L50|\n|poke|p2|Volcarona, L50, M|\n|poke|p2|Chesnaught, L50, F|\n|teampreview|4\n|inactive|Battle timer is ON: inactive players will automatically lose when time's up. (requested by Asamr)\n|\n|t:|1774104111\n|teamsize|p1|4\n|teamsize|p2|4\n|start\n|switch|p1a: Terapagos|Terapagos, L50, M|100/100\n|switch|p1b: Ogerpon|Ogerpon-Wellspring, L50, F|100/100\n|switch|p2a: Calyrex|Calyrex-Ice, L50|100/100\n|switch|p2b: Smeargle|Smeargle, L50, F|100/100\n|-activate|p1a: Terapagos|ability: Tera Shift\n|detailschange|p1a: Terapagos|Terapagos-Terastal, L50, M\n|-heal|p1a: Terapagos|100/100|[silent]\n|-ability|p2a: Calyrex|As One\n|-ability|p2a: Calyrex|Unnerve\n|turn|1\n|inactive|1VLTSQ Joker has 30 seconds left.\n|inactive|1VLTSQ Joker has 20 seconds left.\n|\n|t:|1774104148\n|move|p1a: Terapagos|Protect|p1a: Terapagos\n|-singleturn|p1a: Terapagos|Protect\n|move|p2b: Smeargle|Fake Out|p1a: Terapagos\n|-activate|p1a: Terapagos|move: Protect\n|move|p1b: Ogerpon|Taunt|p2b: Smeargle\n|-start|p2b: Smeargle|move: Taunt\n|move|p2a: Calyrex|Glacial Lance|p1b: Ogerpon|[spread] p1b\n|-activate|p1a: Terapagos|move: Protect\n|-damage|p1b: Ogerpon|44/100\n|\n|-ability|p2b: Smeargle|Moody|boost\n|-boost|p2b: Smeargle|def|2\n|-unboost|p2b: Smeargle|spe|1\n|upkeep\n|turn|2\n|\n|t:|1774104169\n|switch|p2b: Maushold|Maushold, L50|100/100\n|-terastallize|p2a: Calyrex|Grass\n|move|p1b: Ogerpon|Ivy Cudgel|p2a: Calyrex|[anim] Ivy Cudgel Water\n|-resisted|p2a: Calyrex\n|-damage|p2a: Calyrex|81/100\n|move|p1a: Terapagos|Calm Mind|p1a: Terapagos\n|-boost|p1a: Terapagos|spa|1\n|-boost|p1a: Terapagos|spd|1\n|move|p2a: Calyrex|Glacial Lance|p1a: Terapagos|[spread] p1a,p1b\n|-activate|p1a: Terapagos|ability: Tera Shell\n|-resisted|p1a: Terapagos\n|-damage|p1a: Terapagos|80/100\n|-damage|p1b: Ogerpon|0 fnt\n|faint|p1b: Ogerpon\n|-ability|p2a: Calyrex|Chilling Neigh|boost\n|-boost|p2a: Calyrex|atk|1\n|\n|upkeep\n|\n|t:|1774104187\n|switch|p1b: Sableye|Sableye, L50, M|100/100\n|turn|3\n|\n|t:|1774104194\n|-terastallize|p1a: Terapagos|Stellar\n|detailschange|p1a: Terapagos|Terapagos-Stellar, L50, M, tera:Stellar\n|-heal|p1a: Terapagos|85/100|[silent]\n|move|p1b: Sableye|Disable|p2a: Calyrex\n|-start|p2a: Calyrex|Disable|Glacial Lance\n|move|p2b: Maushold|Population Bomb|p1a: Terapagos\n|-damage|p1a: Terapagos|78/100\n|-damage|p1a: Terapagos|72/100\n|-damage|p1a: Terapagos|64/100\n|-damage|p1a: Terapagos|58/100\n|-damage|p1a: Terapagos|51/100\n|-damage|p1a: Terapagos|44/100\n|-damage|p1a: Terapagos|38/100\n|-damage|p1a: Terapagos|32/100\n|-damage|p1a: Terapagos|26/100\n|-damage|p1a: Terapagos|19/100\n|-hitcount|p1a: Terapagos|10\n|move|p1a: Terapagos|Tera Starstorm|p2b: Maushold|[spread] p2a,p2b\n|-supereffective|p2a: Calyrex\n|-damage|p2a: Calyrex|26/100\n|-damage|p2b: Maushold|3/100\n|cant|p2a: Calyrex|Disable|Glacial Lance\n|\n|upkeep\n|turn|4\n|inactive|Asamr has 30 seconds left.\n|inactive|1VLTSQ Joker has 30 seconds left.\n|\n|t:|1774104221\n|switch|p2a: Kyogre|Kyogre, L50|100/100\n|-weather|RainDance|[from] ability: Drizzle|[of] p2a: Kyogre\n|move|p2b: Maushold|Protect|p2b: Maushold\n|-singleturn|p2b: Maushold|Protect\n|move|p1b: Sableye|Disable|p2b: Maushold\n|-activate|p2b: Maushold|move: Protect\n|move|p1a: Terapagos|Tera Starstorm|p2a: Kyogre|[spread] p2a\n|-activate|p2b: Maushold|move: Protect\n|-damage|p2a: Kyogre|56/100\n|\n|-weather|RainDance|[upkeep]\n|upkeep\n|turn|5\n|j| Nakoruru_XD\n|\n|t:|1774104239\n|move|p1a: Terapagos|Protect|p1a: Terapagos\n|-singleturn|p1a: Terapagos|Protect\n|move|p1b: Sableye|Encore|p2b: Maushold\n|-start|p2b: Maushold|Encore\n|move|p2a: Kyogre|Origin Pulse|p1a: Terapagos|[spread] p1b\n|-activate|p1a: Terapagos|move: Protect\n|-damage|p1b: Sableye|4/100\n|move|p2b: Maushold|Protect||[still]\n|-fail|p2b: Maushold\n|\n|-weather|RainDance|[upkeep]\n|upkeep\n|turn|6\n|\n|t:|1774104256\n|switch|p2a: Smeargle|Smeargle, L50, F|100/100\n|move|p2b: Maushold|Protect|p2b: Maushold\n|-singleturn|p2b: Maushold|Protect\n|move|p1b: Sableye|Disable||[still]\n|-fail|p1b: Sableye\n|move|p1a: Terapagos|Tera Starstorm|p2a: Smeargle|[spread] p2a\n|-activate|p2b: Maushold|move: Protect\n|-enditem|p2a: Smeargle|Focus Sash\n|-damage|p2a: Smeargle|1/100\n|\n|-weather|RainDance|[upkeep]\n|-ability|p2a: Smeargle|Moody|boost\n|-boost|p2a: Smeargle|def|2\n|-unboost|p2a: Smeargle|spe|1\n|upkeep\n|turn|7\n|j| diamantsturm\n|inactive|Asamr has 30 seconds left.\n|\n|t:|1774104283\n|switch|p2b: Kyogre|Kyogre, L50|56/100\n|move|p2a: Smeargle|Fake Out|p1a: Terapagos\n|-damage|p1a: Terapagos|16/100\n|move|p1b: Sableye|Light Screen|p1b: Sableye\n|-sidestart|p1: Asamr|move: Light Screen\n|move|p1a: Terapagos|Tera Starstorm|p2b: Kyogre|[spread] p2a,p2b\n|-crit|p2a: Smeargle\n|-crit|p2b: Kyogre\n|-damage|p2a: Smeargle|0 fnt\n|-damage|p2b: Kyogre|0 fnt\n|faint|p2a: Smeargle\n|faint|p2b: Kyogre\n|\n|-weather|RainDance|[upkeep]\n|upkeep\n|\n|t:|1774104298\n|switch|p2b: Maushold|Maushold, L50|3/100\n|switch|p2a: Calyrex|Calyrex-Ice, L50, tera:Grass|26/100\n|-ability|p2a: Calyrex|As One\n|-ability|p2a: Calyrex|Unnerve\n|turn|8\n|\n|t:|1774104322\n|move|p1a: Terapagos|Protect|p1a: Terapagos\n|-singleturn|p1a: Terapagos|Protect\n|move|p1b: Sableye|Reflect|p1b: Sableye\n|-sidestart|p1: Asamr|Reflect\n|move|p2b: Maushold|Population Bomb|p1a: Terapagos\n|-activate|p1a: Terapagos|move: Protect\n|move|p2a: Calyrex|Glacial Lance|p1b: Sableye|[spread] p1b\n|-activate|p1a: Terapagos|move: Protect\n|-damage|p1b: Sableye|0 fnt\n|faint|p1b: Sableye\n|-ability|p2a: Calyrex|Chilling Neigh|boost\n|-boost|p2a: Calyrex|atk|1\n|\n|-weather|none\n|upkeep\n|\n|t:|1774104337\n|switch|p1b: Giratina|Giratina-Origin, L50|100/100\n|turn|9\n|\n|t:|1774104349\n|move|p2b: Maushold|Population Bomb|p1a: Terapagos\n|-damage|p1a: Terapagos|12/100\n|-damage|p1a: Terapagos|7/100\n|-damage|p1a: Terapagos|2/100\n|-damage|p1a: Terapagos|0 fnt\n|faint|p1a: Terapagos\n|detailschange|p1: Terapagos|Terapagos, L50, M|[silent]\n|-hitcount|p1: Terapagos|4\n|move|p1b: Giratina|Poltergeist|p2a: Calyrex\n|-activate|p2a: Calyrex|move: Poltergeist|Assault Vest\n|-damage|p2a: Calyrex|0 fnt\n|faint|p2a: Calyrex\n|\n|upkeep\n|turn|10\n|\n|t:|1774104364\n|move|p2b: Maushold|Protect|p2b: Maushold\n|-singleturn|p2b: Maushold|Protect\n|move|p1b: Giratina|Dragon Claw|p2b: Maushold\n|-activate|p2b: Maushold|move: Protect\n|\n|upkeep\n|turn|11\n|\n|t:|1774104372\n|move|p2b: Maushold|Bite|p1b: Giratina\n|-supereffective|p1b: Giratina\n|-damage|p1b: Giratina|79/100\n|cant|p1b: Giratina|flinch\n|\n|upkeep\n|turn|12\n|\n|t:|1774104379\n|move|p2b: Maushold|Protect|p2b: Maushold\n|-singleturn|p2b: Maushold|Protect\n|move|p1b: Giratina|Dragon Claw|p2b: Maushold\n|-activate|p2b: Maushold|move: Protect\n|\n|upkeep\n|turn|13\n|\n|t:|1774104386\n|move|p2b: Maushold|Bite|p1b: Giratina\n|-supereffective|p1b: Giratina\n|-damage|p1b: Giratina|60/100\n|move|p1b: Giratina|Dragon Claw|p2b: Maushold\n|-damage|p2b: Maushold|0 fnt\n|faint|p2b: Maushold\n|\n|win|Asamr\n|raw|Asamr's rating: 1500 &rarr; <strong>1524</strong><br />(+24 for winning)\n|raw|1VLTSQ Joker's rating: 1576 &rarr; <strong>1552</strong><br />(-24 for losing)\n|j| ThisAccForT35t\n|c|\u26061VLTSQ Joker|gg\n|l| diamantsturm\n|l|\u26061VLTSQ Joker\n|player|p2|\n|l| Nakoruru_XD\n|l|\u2606Asamr\n|player|p1|\n","uploadtime":1774104531,"views":30,"formatid":"gen9vgc2026regi","rating":1524,"private":0,"password":null}