{"id":"gen9vgc2026regi-2568964707","format":"[Gen 9] VGC 2026 Reg I","players":["Cello L.","soahmed"],"log":"|j|\u2606Cello L.\n|j|\u2606soahmed\n|t:|1774636881\n|gametype|doubles\n|player|p1|Cello L.|cynthia-gen4|1559\n|player|p2|soahmed|backersf|1478\n|gen|9\n|tier|[Gen 9] VGC 2026 Reg I\n|rated|\n|rule|Species Clause: Limit one of each Pok\u00e9mon\n|rule|Item Clause: Limit 1 of each item\n|clearpoke\n|poke|p1|Miraidon, L50|\n|poke|p1|Zamazenta-*, L50|\n|poke|p1|Chien-Pao, L50|\n|poke|p1|Iron Hands, L50|\n|poke|p1|Volcarona, L50, M|\n|poke|p1|Grimmsnarl, L50, M|\n|poke|p2|Calyrex-Shadow, L50|\n|poke|p2|Zamazenta-*, L50|\n|poke|p2|Chien-Pao, L50|\n|poke|p2|Dragonite, L50, M|\n|poke|p2|Amoonguss, L50, M|\n|poke|p2|Ogerpon-Cornerstone, L50, F|\n|teampreview|4\n|\n|t:|1774636961\n|teamsize|p1|4\n|teamsize|p2|4\n|start\n|switch|p1a: Zamazenta|Zamazenta-Crowned, L50|100/100\n|switch|p1b: Grimmsnarl|Grimmsnarl, L50, M|100/100\n|switch|p2a: Calyrex|Calyrex-Shadow, L50|100/100\n|switch|p2b: Dragonite|Dragonite, L50, M|100/100\n|-ability|p2a: Calyrex|As One\n|-ability|p2a: Calyrex|Unnerve\n|-ability|p1a: Zamazenta|Dauntless Shield|boost\n|-boost|p1a: Zamazenta|def|1\n|turn|1\n|inactive|Battle timer is ON: inactive players will automatically lose when time's up. (requested by soahmed)\n|inactive|Cello L. has 60 seconds left.\n|inactive|soahmed has 60 seconds left.\n|\n|t:|1774636998\n|move|p1b: Grimmsnarl|Light Screen|p1b: Grimmsnarl\n|-sidestart|p1: Cello L.|move: Light Screen\n|move|p2a: Calyrex|Encore|p1b: Grimmsnarl\n|-start|p1b: Grimmsnarl|Encore\n|move|p1a: Zamazenta|Heavy Slam|p2a: Calyrex\n|-damage|p2a: Calyrex|44/100\n|move|p2b: Dragonite|Low Kick|p1a: Zamazenta\n|-supereffective|p1a: Zamazenta\n|-damage|p1a: Zamazenta|54/100\n|\n|upkeep\n|turn|2\n|inactive|Cello L. has 30 seconds left.\n|inactive|soahmed has 30 seconds left.\n|inactive|Cello L. has 20 seconds left.\n|\n|t:|1774637038\n|switch|p1b: Miraidon|Miraidon, L50|100/100\n|-fieldstart|move: Electric Terrain|[from] ability: Hadron Engine|[of] p1b: Miraidon\n|move|p2a: Calyrex|Astral Barrage|p1a: Zamazenta|[spread] p1a,p1b\n|-damage|p1a: Zamazenta|29/100\n|-damage|p1b: Miraidon|69/100\n|move|p1a: Zamazenta|Heavy Slam|p2b: Dragonite\n|-damage|p2b: Dragonite|71/100\n|move|p2b: Dragonite|Low Kick|p1a: Zamazenta\n|-supereffective|p1a: Zamazenta\n|-damage|p1a: Zamazenta|0 fnt\n|faint|p1a: Zamazenta\n|\n|upkeep\n|inactive|Cello L. has 30 seconds left.\n|\n|t:|1774637063\n|switch|p1a: Grimmsnarl|Grimmsnarl, L50, M|100/100\n|turn|3\n|\n|t:|1774637080\n|switch|p2b: Ogerpon|Ogerpon-Cornerstone, L50, F|100/100\n|-terastallize|p1b: Miraidon|Fairy\n|move|p2a: Calyrex|Protect|p2a: Calyrex\n|-singleturn|p2a: Calyrex|Protect\n|move|p1a: Grimmsnarl|Thunder Wave|p2a: Calyrex\n|-activate|p2a: Calyrex|move: Protect\n|move|p1b: Miraidon|Electro Drift|p2b: Ogerpon\n|-resisted|p2b: Ogerpon\n|-damage|p2b: Ogerpon|17/100\n|\n|upkeep\n|turn|4\n|inactive|soahmed has 30 seconds left.\n|\n|t:|1774637113\n|move|p2b: Ogerpon|Follow Me|p2b: Ogerpon\n|-singleturn|p2b: Ogerpon|move: Follow Me\n|move|p2a: Calyrex|Astral Barrage|p1a: Grimmsnarl|[spread] p1a,p1b\n|-resisted|p1a: Grimmsnarl\n|-damage|p1a: Grimmsnarl|84/100\n|-damage|p1b: Miraidon|37/100\n|move|p1b: Miraidon|Electro Drift|p2b: Ogerpon\n|-resisted|p2b: Ogerpon\n|-damage|p2b: Ogerpon|0 fnt\n|faint|p2b: Ogerpon\n|move|p1a: Grimmsnarl|Spirit Break|p2a: Calyrex\n|-damage|p2a: Calyrex|7/100\n|-unboost|p2a: Calyrex|spa|1\n|\n|upkeep\n|\n|t:|1774637129\n|switch|p2b: Dragonite|Dragonite, L50, M|71/100\n|turn|5\n|\n|t:|1774637150\n|switch|p2a: Zamazenta|Zamazenta-Crowned, L50|100/100\n|-ability|p2a: Zamazenta|Dauntless Shield|boost\n|-boost|p2a: Zamazenta|def|1\n|switch|p1b: Chien-Pao|Chien-Pao, L50|100/100\n|-ability|p1b: Chien-Pao|Sword of Ruin\n|-terastallize|p2b: Dragonite|Normal\n|move|p2b: Dragonite|Extreme Speed|p1b: Chien-Pao\n|-damage|p1b: Chien-Pao|6/100\n|move|p1a: Grimmsnarl|Spirit Break|p2b: Dragonite\n|-damage|p2b: Dragonite|31/100\n|-unboost|p2b: Dragonite|spa|1\n|\n|upkeep\n|turn|6\n|inactive|Cello L. has 30 seconds left.\n|inactive|Cello L. has 20 seconds left.\n|inactive|Cello L. has 15 seconds left.\n|inactive|Cello L. has 10 seconds left.\n|inactive|Cello L. has 5 seconds left.\n|\n|t:|1774637201\n|move|p1b: Chien-Pao|Protect|p1b: Chien-Pao\n|-singleturn|p1b: Chien-Pao|Protect\n|move|p2b: Dragonite|Extreme Speed|p1b: Chien-Pao\n|-activate|p1b: Chien-Pao|move: Protect\n|move|p1a: Grimmsnarl|Reflect|p1a: Grimmsnarl\n|-sidestart|p1: Cello L.|Reflect\n|move|p2a: Zamazenta|Behemoth Bash|p1a: Grimmsnarl\n|-supereffective|p1a: Grimmsnarl\n|-damage|p1a: Grimmsnarl|4/100\n|\n|-fieldend|move: Electric Terrain\n|upkeep\n|turn|7\n|inactive|Cello L. has 30 seconds left.\n|\n|t:|1774637233\n|move|p2b: Dragonite|Extreme Speed|p1b: Chien-Pao\n|-damage|p1b: Chien-Pao|0 fnt\n|faint|p1b: Chien-Pao\n|move|p2a: Zamazenta|Behemoth Bash|p1a: Grimmsnarl\n|-supereffective|p1a: Grimmsnarl\n|-damage|p1a: Grimmsnarl|0 fnt\n|faint|p1a: Grimmsnarl\n|\n|upkeep\n|\n|t:|1774637239\n|switch|p1a: Miraidon|Miraidon, L50, tera:Fairy|37/100\n|-fieldstart|move: Electric Terrain|[from] ability: Hadron Engine|[of] p1a: Miraidon\n|turn|8\n|\n|t:|1774637255\n|move|p2b: Dragonite|Extreme Speed|p1a: Miraidon\n|-damage|p1a: Miraidon|0 fnt\n|faint|p1a: Miraidon\n|\n|win|soahmed\n|raw|Cello L.'s rating: 1559 &rarr; <strong>1534</strong><br />(-25 for losing)\n|raw|soahmed's rating: 1478 &rarr; <strong>1503</strong><br />(+25 for winning)\n|l|\u2606Cello L.\n|player|p1|\n|l|\u2606soahmed\n|player|p2|\n","uploadtime":1774637391,"views":20,"formatid":"gen9vgc2026regi","rating":1503,"private":0,"password":null}