{"id":"gen9vgc2026regi-2565268298","format":"[Gen 9] VGC 2026 Reg I","players":["hallzy17","ScribbleScribble"],"log":"|j|\u2606hallzy17\n|j|\u2606ScribbleScribble\n|t:|1774254813\n|gametype|doubles\n|player|p1|hallzy17|101|1404\n|player|p2|ScribbleScribble|mina-lgpe|1665\n|gen|9\n|tier|[Gen 9] VGC 2026 Reg I\n|rated|\n|rule|Species Clause: Limit one of each Pok\u00e9mon\n|rule|Item Clause: Limit 1 of each item\n|clearpoke\n|poke|p1|Calyrex-Shadow, L50|\n|poke|p1|Zamazenta-*, L50|\n|poke|p1|Chien-Pao, L50|\n|poke|p1|Dragonite, L50, M|\n|poke|p1|Raging Bolt, L50|\n|poke|p1|Amoonguss, L50, F|\n|poke|p2|Calyrex-Ice, L50|\n|poke|p2|Kyogre, L50|\n|poke|p2|Tornadus, L50, M|\n|poke|p2|Indeedee-F, L50, F|\n|poke|p2|Urshifu-*, L50, M|\n|poke|p2|Landorus, L50, M|\n|teampreview|4\n|inactive|Battle timer is ON: inactive players will automatically lose when time's up. (requested by ScribbleScribble)\n|inactive|hallzy17 has 60 seconds left.\n|inactive|ScribbleScribble has 60 seconds left.\n|\n|t:|1774254848\n|teamsize|p1|4\n|teamsize|p2|4\n|start\n|switch|p1a: Calyrex|Calyrex-Shadow, L50|100/100\n|switch|p1b: Amoonguss|Amoonguss, L50, F|100/100\n|switch|p2a: Tornadus|Tornadus, L50, M|100/100\n|switch|p2b: Landorus|Landorus, L50, M|100/100\n|-ability|p1a: Calyrex|As One\n|-ability|p1a: Calyrex|Unnerve\n|turn|1\n|\n|t:|1774254869\n|move|p2a: Tornadus|Taunt|p1b: Amoonguss\n|-start|p1b: Amoonguss|move: Taunt\n|move|p1a: Calyrex|Astral Barrage|p2b: Landorus|[spread] p2a,p2b\n|-damage|p2a: Tornadus|25/100\n|-damage|p2b: Landorus|31/100\n|move|p2b: Landorus|Sandsear Storm|p1a: Calyrex|[spread] p1a\n|-miss|p2b: Landorus|p1b: Amoonguss\n|-crit|p1a: Calyrex\n|-enditem|p1a: Calyrex|Focus Sash\n|-damage|p1a: Calyrex|1/100\n|cant|p1b: Amoonguss|move: Taunt|Spore\n|\n|upkeep\n|turn|2\n|inactive|hallzy17 has 30 seconds left.\n|\n|t:|1774254899\n|switch|p1a: Dragonite|Dragonite, L50, M|100/100\n|move|p2a: Tornadus|Tailwind|p2a: Tornadus\n|-sidestart|p2: ScribbleScribble|move: Tailwind\n|move|p2b: Landorus|Sandsear Storm|p1b: Amoonguss|[spread] p1b\n|-immune|p1a: Dragonite\n|-damage|p1b: Amoonguss|50/100\n|move|p1b: Amoonguss|Sludge Bomb|p2b: Landorus\n|-resisted|p2b: Landorus\n|-damage|p2b: Landorus|14/100\n|\n|upkeep\n|turn|3\n|inactive|ScribbleScribble has 30 seconds left.\n|\n|t:|1774254929\n|switch|p2a: Indeedee|Indeedee-F, L50, F, shiny|100/100\n|-fieldstart|move: Psychic Terrain|[from] ability: Psychic Surge|[of] p2a: Indeedee\n|-enditem|p2a: Indeedee|Psychic Seed\n|-boost|p2a: Indeedee|spd|1|[from] item: Psychic Seed\n|switch|p1b: Calyrex|Calyrex-Shadow, L50|1/100\n|-ability|p1b: Calyrex|As One\n|-ability|p1b: Calyrex|Unnerve\n|-terastallize|p2b: Landorus|Poison\n|move|p1a: Dragonite|Extreme Speed|p2b: Landorus\n|-activate|p2b: Landorus|move: Psychic Terrain\n|move|p2b: Landorus|Earth Power|p1b: Calyrex\n|-damage|p1b: Calyrex|0 fnt\n|faint|p1b: Calyrex\n|\n|upkeep\n|\n|t:|1774254952\n|switch|p1b: Chien-Pao|Chien-Pao, L50|100/100\n|-ability|p1b: Chien-Pao|Sword of Ruin\n|turn|4\n|inactive|ScribbleScribble has 30 seconds left.\n|\n|t:|1774254982\n|switch|p1a: Amoonguss|Amoonguss, L50, F|84/100\n|move|p2b: Landorus|Sludge Bomb|p1a: Amoonguss\n|-damage|p1a: Amoonguss|20/100\n|move|p2a: Indeedee|Psychic|p1a: Amoonguss\n|-supereffective|p1a: Amoonguss\n|-damage|p1a: Amoonguss|0 fnt\n|faint|p1a: Amoonguss\n|move|p1b: Chien-Pao|Ice Spinner|p2a: Indeedee\n|-damage|p2a: Indeedee|58/100\n|-fieldend|move: Psychic Terrain\n|\n|upkeep\n|\n|t:|1774254992\n|switch|p1a: Dragonite|Dragonite, L50, M|100/100\n|turn|5\n|\n|t:|1774255006\n|-terastallize|p1a: Dragonite|Normal\n|move|p2a: Indeedee|Follow Me|p2a: Indeedee\n|-singleturn|p2a: Indeedee|move: Follow Me\n|move|p1a: Dragonite|Extreme Speed|p2a: Indeedee\n|-damage|p2a: Indeedee|0 fnt\n|faint|p2a: Indeedee\n|move|p1b: Chien-Pao|Sucker Punch|p2b: Landorus\n|-damage|p2b: Landorus|0 fnt\n|faint|p2b: Landorus\n|\n|-sideend|p2: ScribbleScribble|move: Tailwind\n|upkeep\n|\n|t:|1774255025\n|switch|p2b: Tornadus|Tornadus, L50, M|25/100\n|switch|p2a: Calyrex|Calyrex-Ice, L50|100/100\n|-ability|p2a: Calyrex|As One\n|-ability|p2a: Calyrex|Unnerve\n|turn|6\n|\n|t:|1774255034\n|move|p1a: Dragonite|Extreme Speed|p2b: Tornadus\n|-damage|p2b: Tornadus|0 fnt\n|faint|p2b: Tornadus\n|move|p1b: Chien-Pao|Ruination|p2a: Calyrex\n|-damage|p2a: Calyrex|51/100\n|move|p2a: Calyrex|Glacial Lance|p1b: Chien-Pao|[spread] p1a,p1b\n|-resisted|p1b: Chien-Pao\n|-damage|p1a: Dragonite|33/100\n|-damage|p1b: Chien-Pao|69/100\n|\n|upkeep\n|turn|7\n|\n|t:|1774255050\n|move|p1a: Dragonite|Extreme Speed|p2a: Calyrex\n|-damage|p2a: Calyrex|0 fnt\n|faint|p2a: Calyrex\n|\n|win|hallzy17\n|raw|hallzy17's rating: 1404 &rarr; <strong>1435</strong><br />(+31 for winning)\n|raw|ScribbleScribble's rating: 1611 &rarr; <strong>1580</strong><br />(-31 for losing)\n|l|\u2606ScribbleScribble\n|player|p2|\n|l|\u2606hallzy17\n|player|p1|\n","uploadtime":1774255275,"views":15,"formatid":"gen9vgc2026regi","rating":1435,"private":0,"password":null}