{"id":"gen9vgc2026regi-2569013359","format":"[Gen 9] VGC 2026 Reg I","players":["xjazuu","KaiMVGC"],"log":"|j|\u2606xjazuu\n|j|\u2606KaiMVGC\n|t:|1774640951\n|gametype|doubles\n|player|p1|xjazuu|266|1530\n|player|p2|KaiMVGC|boarder|1623\n|gen|9\n|tier|[Gen 9] VGC 2026 Reg I\n|rated|\n|rule|Species Clause: Limit one of each Pok\u00e9mon\n|rule|Item Clause: Limit 1 of each item\n|clearpoke\n|poke|p1|Calyrex-Ice, L50|\n|poke|p1|Miraidon, L50|\n|poke|p1|Urshifu-*, L50, F|\n|poke|p1|Grimmsnarl, L50, M|\n|poke|p1|Pelipper, L50, F|\n|poke|p1|Farigiraf, L50, M|\n|poke|p2|Calyrex-Shadow, L50|\n|poke|p2|Zamazenta-*, L50|\n|poke|p2|Rillaboom, L50, M|\n|poke|p2|Raging Bolt, L50|\n|poke|p2|Smeargle, L50, F|\n|poke|p2|Tornadus, L50, M|\n|teampreview|4\n|j| g0dGun\nKaiMVGC has agreed to open team sheets.\n|\n|t:|1774640992\n|teamsize|p1|4\n|teamsize|p2|4\n|start\n|switch|p1a: Urshifu|Urshifu-Rapid-Strike, L50, F|100/100\n|switch|p1b: Calyrex|Calyrex-Ice, L50|100/100\n|switch|p2a: Notorious CSR|Calyrex-Shadow, L50|100/100\n|switch|p2b: Dark Void X|Smeargle, L50, F|100/100\n|-ability|p2a: Notorious CSR|As One\n|-ability|p2a: Notorious CSR|Unnerve\n|-ability|p1b: Calyrex|As One\n|-ability|p1b: Calyrex|Unnerve\n|turn|1\n|\n|t:|1774641020\n|switch|p1a: Miraidon|Miraidon, L50|100/100\n|-fieldstart|move: Electric Terrain|[from] ability: Hadron Engine|[of] p1a: Miraidon\n|-terastallize|p1b: Calyrex|Water\n|move|p2b: Dark Void X|Follow Me|p2b: Dark Void X\n|-singleturn|p2b: Dark Void X|move: Follow Me\n|move|p2a: Notorious CSR|Astral Barrage|p1a: Miraidon|[spread] p1a,p1b\n|-damage|p1a: Miraidon|60/100\n|-damage|p1b: Calyrex|51/100\n|-damage|p2a: Notorious CSR|91/100|[from] item: Life Orb\n|move|p1b: Calyrex|Trick Room|p1b: Calyrex\n|-fieldstart|move: Trick Room|[of] p1b: Calyrex\n|\n|-heal|p1b: Calyrex|57/100|[from] item: Leftovers\n|-ability|p2b: Dark Void X|Moody|boost\n|-boost|p2b: Dark Void X|atk|2\n|-unboost|p2b: Dark Void X|spa|1\n|upkeep\n|turn|2\n|\n|t:|1774641036\n|switch|p2a: Metro Boomin|Rillaboom, L50, M|100/100\n|-fieldstart|move: Grassy Terrain|[from] ability: Grassy Surge|[of] p2a: Metro Boomin\n|move|p2b: Dark Void X|Wide Guard|p2b: Dark Void X\n|-singleturn|p2b: Dark Void X|Wide Guard\n|move|p1b: Calyrex|Glacial Lance|p2a: Metro Boomin|[spread] \n|-activate|p2a: Metro Boomin|move: Wide Guard\n|-activate|p2b: Dark Void X|move: Wide Guard\n|move|p1a: Miraidon|Snarl|p2b: Dark Void X|[spread] \n|-activate|p2a: Metro Boomin|move: Wide Guard\n|-activate|p2b: Dark Void X|move: Wide Guard\n|\n|-heal|p1b: Calyrex|62/100|[from] Grassy Terrain\n|-heal|p1b: Calyrex|68/100|[from] item: Leftovers\n|-heal|p1a: Miraidon|66/100|[from] Grassy Terrain\n|-ability|p2b: Dark Void X|Moody|boost\n|-boost|p2b: Dark Void X|spd|2\n|-unboost|p2b: Dark Void X|def|1\n|upkeep\n|turn|3\n|\n|t:|1774641072\n|-terastallize|p2a: Metro Boomin|Water\n|move|p1b: Calyrex|Protect|p1b: Calyrex\n|-singleturn|p1b: Calyrex|Protect\n|move|p2a: Metro Boomin|Wood Hammer|p1b: Calyrex\n|-activate|p1b: Calyrex|move: Protect\n|move|p2b: Dark Void X|Spore|p1a: Miraidon\n|-status|p1a: Miraidon|slp|[from] move: Spore\n|cant|p1a: Miraidon|slp\n|\n|-heal|p1b: Calyrex|74/100|[from] Grassy Terrain\n|-heal|p1b: Calyrex|80/100|[from] item: Leftovers\n|-heal|p1a: Miraidon|72/100 slp|[from] Grassy Terrain\n|-ability|p2b: Dark Void X|Moody|boost\n|-boost|p2b: Dark Void X|atk|2\n|-unboost|p2b: Dark Void X|spd|1\n|upkeep\n|turn|4\n|\n|t:|1774641094\n|switch|p1b: Farigiraf|Farigiraf, L50, M|100/100\n|move|p2a: Metro Boomin|Wood Hammer|p1b: Farigiraf\n|-damage|p1b: Farigiraf|31/100\n|-damage|p2a: Metro Boomin|77/100|[from] Recoil\n|move|p2b: Dark Void X|Spore|p1b: Farigiraf\n|-status|p1b: Farigiraf|slp|[from] move: Spore\n|-curestatus|p1a: Miraidon|slp|[msg]\n|move|p1a: Miraidon|Electro Drift|p2a: Metro Boomin\n|-supereffective|p2a: Metro Boomin\n|-damage|p2a: Metro Boomin|0 fnt\n|faint|p2a: Metro Boomin\n|\n|-heal|p1b: Farigiraf|37/100 slp|[from] Grassy Terrain\n|-heal|p1a: Miraidon|78/100|[from] Grassy Terrain\n|-ability|p2b: Dark Void X|Moody|boost\n|-boost|p2b: Dark Void X|spa|2\n|-unboost|p2b: Dark Void X|def|1\n|upkeep\n|\n|t:|1774641105\n|switch|p2a: Notorious CSR|Calyrex-Shadow, L50|91/100\n|-ability|p2a: Notorious CSR|As One\n|-ability|p2a: Notorious CSR|Unnerve\n|turn|5\n|\n|t:|1774641156\n|switch|p1a: Urshifu|Urshifu-Rapid-Strike, L50, F|100/100\n|cant|p1b: Farigiraf|slp\n|move|p2b: Dark Void X|Spore|p1a: Urshifu\n|-status|p1a: Urshifu|slp|[from] move: Spore\n|move|p2a: Notorious CSR|Nasty Plot|p2a: Notorious CSR\n|-boost|p2a: Notorious CSR|spa|2\n|\n|-heal|p1b: Farigiraf|44/100 slp|[from] Grassy Terrain\n|-heal|p2a: Notorious CSR|97/100|[from] Grassy Terrain\n|-fieldend|move: Trick Room\n|-ability|p2b: Dark Void X|Moody|boost\n|-boost|p2b: Dark Void X|spa|2\n|-unboost|p2b: Dark Void X|def|1\n|upkeep\n|turn|6\n|\n|t:|1774641173\n|cant|p1a: Urshifu|slp\n|move|p2b: Dark Void X|Follow Me|p2b: Dark Void X\n|-singleturn|p2b: Dark Void X|move: Follow Me\n|move|p2a: Notorious CSR|Psychic|p1b: Farigiraf\n|-resisted|p1b: Farigiraf\n|-damage|p1b: Farigiraf|0 fnt\n|faint|p1b: Farigiraf\n|-ability|p2a: Notorious CSR|Grim Neigh|boost\n|-boost|p2a: Notorious CSR|spa|1\n|-damage|p2a: Notorious CSR|88/100|[from] item: Life Orb\n|\n|-heal|p2a: Notorious CSR|94/100|[from] Grassy Terrain\n|-fieldend|move: Grassy Terrain\n|-ability|p2b: Dark Void X|Moody|boost\n|-boost|p2b: Dark Void X|spd|2\n|-unboost|p2b: Dark Void X|spa|1\n|upkeep\n|\n|t:|1774641190\n|switch|p1b: Miraidon|Miraidon, L50|78/100\n|-fieldstart|move: Electric Terrain|[from] ability: Hadron Engine|[of] p1b: Miraidon\n|turn|7\n|\n|t:|1774641207\n|move|p2b: Dark Void X|Follow Me|p2b: Dark Void X\n|-singleturn|p2b: Dark Void X|move: Follow Me\n|move|p2a: Notorious CSR|Astral Barrage|p1b: Miraidon|[spread] p1a,p1b\n|-crit|p1a: Urshifu\n|-damage|p1a: Urshifu|0 fnt\n|-damage|p1b: Miraidon|0 fnt\n|faint|p1a: Urshifu\n|faint|p1b: Miraidon\n|-ability|p2a: Notorious CSR|Grim Neigh|boost\n|-boost|p2a: Notorious CSR|spa|2\n|-damage|p2a: Notorious CSR|84/100|[from] item: Life Orb\n|\n|-ability|p2b: Dark Void X|Moody|boost\n|-boost|p2b: Dark Void X|spa|2\n|-unboost|p2b: Dark Void X|def|1\n|upkeep\n|l| g0dGun\n|-message|xjazuu forfeited.\n|\n|win|KaiMVGC\n|raw|xjazuu's rating: 1530 &rarr; <strong>1515</strong><br />(-15 for losing)\n|raw|KaiMVGC's rating: 1623 &rarr; <strong>1638</strong><br />(+15 for winning)\n|l|\u2606xjazuu\n|player|p1|\n|l|\u2606KaiMVGC\n|player|p2|\n","uploadtime":1774642064,"views":16,"formatid":"gen9vgc2026regi","rating":1515,"private":0,"password":null}