{"id":"gen9vgc2026regi-2517633831","format":"[Gen 9] VGC 2026 Reg I","players":["yaochangzhe","zestydemon15"],"log":"|j|\u2606yaochangzhe\n|j|\u2606zestydemon15\n|t:|1768288940\n|gametype|doubles\n|player|p1|yaochangzhe|265|1199\n|player|p2|zestydemon15|serena-masters3|1324\n|gen|9\n|tier|[Gen 9] VGC 2026 Reg I\n|rated|\n|rule|Species Clause: Limit one of each Pok\u00e9mon\n|rule|Item Clause: Limit 1 of each item\n|clearpoke\n|poke|p1|Kyogre, L50|\n|poke|p1|Calyrex-Ice, L50|\n|poke|p1|Urshifu-*, L50, F|\n|poke|p1|Grimmsnarl, L50, M|\n|poke|p1|Landorus, L50, M|\n|poke|p1|Rillaboom, L50, F|\n|poke|p2|Miraidon, L50|\n|poke|p2|Rillaboom, L50, M|\n|poke|p2|Incineroar, L50, M|\n|poke|p2|Urshifu-*, L50, M|\n|poke|p2|Sableye, L50, M|\n|poke|p2|Calyrex-Shadow, L50|\n|teampreview|4\n|inactive|Battle timer is ON: inactive players will automatically lose when time's up. (requested by yaochangzhe)\n|\n|t:|1768288964\n|teamsize|p1|4\n|teamsize|p2|4\n|start\n|switch|p1a: Kyogre|Kyogre, L50|100/100\n|switch|p1b: Grimmsnarl|Grimmsnarl, L50, M|100/100\n|switch|p2a: Shadow Monarch|Calyrex-Shadow, L50|100/100\n|switch|p2b: Indra|Miraidon, L50|100/100\n|-ability|p2a: Shadow Monarch|As One\n|-ability|p2a: Shadow Monarch|Unnerve\n|-fieldstart|move: Electric Terrain|[from] ability: Hadron Engine|[of] p2b: Indra\n|-weather|RainDance|[from] ability: Drizzle|[of] p1a: Kyogre\n|turn|1\n|inactive|yaochangzhe has 30 seconds left.\n|\n|t:|1768288991\n|-terastallize|p1a: Kyogre|Grass\n|move|p1b: Grimmsnarl|Light Screen|p1b: Grimmsnarl\n|-sidestart|p1: yaochangzhe|move: Light Screen\n|move|p2a: Shadow Monarch|Taunt|p1b: Grimmsnarl\n|-start|p1b: Grimmsnarl|move: Taunt\n|move|p2b: Indra|Electro Drift|p1a: Kyogre\n|-resisted|p1a: Kyogre\n|-damage|p1a: Kyogre|79/100\n|move|p1a: Kyogre|Origin Pulse|p2b: Indra|[spread] p2a,p2b\n|-resisted|p2b: Indra\n|-damage|p2a: Shadow Monarch|21/100\n|-damage|p2b: Indra|66/100\n|\n|-weather|RainDance|[upkeep]\n|upkeep\n|turn|2\n|inactive|yaochangzhe has 30 seconds left.\n|inactive|zestydemon15 has 30 seconds left.\n|\n|t:|1768289022\n|switch|p2a: Maruthi|Urshifu-Rapid-Strike, L50, M|100/100\n|move|p2b: Indra|Electro Drift|p1b: Grimmsnarl\n|-damage|p1b: Grimmsnarl|12/100\n|move|p1a: Kyogre|Origin Pulse|p2a: Maruthi|[spread] p2b\n|-miss|p1a: Kyogre|p2a: Maruthi\n|-resisted|p2b: Indra\n|-damage|p2b: Indra|35/100\n|move|p1b: Grimmsnarl|Foul Play|p2b: Indra\n|-damage|p2b: Indra|10/100\n|\n|-weather|RainDance|[upkeep]\n|upkeep\n|turn|3\n|\n|t:|1768289044\n|move|p2b: Indra|Electro Drift|p1b: Grimmsnarl\n|-damage|p1b: Grimmsnarl|0 fnt\n|faint|p1b: Grimmsnarl\n|move|p2a: Maruthi|Close Combat|p1a: Kyogre\n|-damage|p1a: Kyogre|16/100\n|-unboost|p2a: Maruthi|def|1\n|-unboost|p2a: Maruthi|spd|1\n|move|p1a: Kyogre|Thunder|p2a: Maruthi\n|-supereffective|p2a: Maruthi\n|-damage|p2a: Maruthi|0 fnt\n|faint|p2a: Maruthi\n|\n|-weather|RainDance|[upkeep]\n|upkeep\n|\n|t:|1768289057\n|switch|p2a: Shadow Monarch|Calyrex-Shadow, L50|21/100\n|switch|p1b: Urshifu|Urshifu-Rapid-Strike, L50, F|100/100\n|-ability|p2a: Shadow Monarch|As One\n|-ability|p2a: Shadow Monarch|Unnerve\n|turn|4\n|inactive|yaochangzhe has 30 seconds left.\n|inactive|zestydemon15 has 30 seconds left.\n|\n|t:|1768289088\n|switch|p2a: Achillies|Incineroar, L50, M|100/100\n|-ability|p2a: Achillies|Intimidate|boost\n|-unboost|p1a: Kyogre|atk|1\n|-unboost|p1b: Urshifu|atk|1\n|move|p1b: Urshifu|U-turn|p2b: Indra\n|-damage|p2b: Indra|0 fnt\n|faint|p2b: Indra\n|\n|t:|1768289096\n|switch|p1b: Calyrex|Calyrex-Ice, L50|100/100|[from] U-turn\n|-ability|p1b: Calyrex|As One\n|-ability|p1b: Calyrex|Unnerve\n|move|p1a: Kyogre|Origin Pulse|p2a: Achillies|[miss]\n|-miss|p1a: Kyogre|p2a: Achillies\n|\n|-weather|RainDance|[upkeep]\n|upkeep\n|\n|t:|1768289104\n|switch|p2b: Shadow Monarch|Calyrex-Shadow, L50|21/100\n|-ability|p2b: Shadow Monarch|As One\n|-ability|p2b: Shadow Monarch|Unnerve\n|turn|5\n|\n|t:|1768289111\n|move|p1b: Calyrex|Protect|p1b: Calyrex\n|-singleturn|p1b: Calyrex|Protect\n|move|p2a: Achillies|Fake Out|p1b: Calyrex\n|-activate|p1b: Calyrex|move: Protect\n|move|p2b: Shadow Monarch|Astral Barrage|p1a: Kyogre|[spread] p1a\n|-activate|p1b: Calyrex|move: Protect\n|-damage|p1a: Kyogre|1/100\n|move|p1a: Kyogre|Origin Pulse|p2a: Achillies|[spread] p2a,p2b\n|-supereffective|p2a: Achillies\n|-damage|p2a: Achillies|0 fnt\n|-damage|p2b: Shadow Monarch|0 fnt\n|faint|p2a: Achillies\n|faint|p2b: Shadow Monarch\n|\n|win|yaochangzhe\n|raw|yaochangzhe's rating: 1199 &rarr; <strong>1233</strong><br />(+34 for winning)\n|raw|zestydemon15's rating: 1324 &rarr; <strong>1297</strong><br />(-27 for losing)\n","uploadtime":1768289322,"views":12,"formatid":"gen9vgc2026regi","rating":1233,"private":0,"password":null}