{"id":"gen9vgc2026regi-2565706564","format":"[Gen 9] VGC 2026 Reg I","players":["curfy320","ScribbleScribble"],"log":"|j|\u2606curfy320\n|j|\u2606ScribbleScribble\n|t:|1774297037\n|gametype|doubles\n|player|p1|curfy320|101|1468\n|player|p2|ScribbleScribble|mina-lgpe|1658\n|gen|9\n|tier|[Gen 9] VGC 2026 Reg I\n|rated|\n|rule|Species Clause: Limit one of each Pok\u00e9mon\n|rule|Item Clause: Limit 1 of each item\n|clearpoke\n|poke|p1|Zacian-*, L50|\n|poke|p1|Lunala, L50|\n|poke|p1|Umbreon, L50, F|\n|poke|p1|Urshifu-*, L50, M|\n|poke|p1|Rillaboom, L50, M|\n|poke|p1|Thundurus, L50, M|\n|poke|p2|Calyrex-Ice, L50|\n|poke|p2|Kyogre, L50|\n|poke|p2|Tornadus, L50, M|\n|poke|p2|Indeedee-F, L50, F|\n|poke|p2|Urshifu-*, L50, F|\n|poke|p2|Landorus, L50, M|\n|teampreview|4\n|inactive|Battle timer is ON: inactive players will automatically lose when time's up. (requested by ScribbleScribble)\n|inactive|curfy320 also wants the timer to be on.\n|\n|t:|1774297060\n|teamsize|p1|4\n|teamsize|p2|4\n|start\n|switch|p1a: Umbreon|Umbreon, L50, F, shiny|100/100\n|switch|p1b: Zacian|Zacian-Crowned, L50|100/100\n|switch|p2a: Tornadus|Tornadus, L50, M|100/100\n|switch|p2b: Urshifu|Urshifu-Rapid-Strike, L50, F|100/100\n|-ability|p1b: Zacian|Intrepid Sword|boost\n|-boost|p1b: Zacian|atk|1\n|turn|1\n|\n|t:|1774297083\n|switch|p1b: Rillaboom|Rillaboom, L50, M|100/100\n|-fieldstart|move: Grassy Terrain|[from] ability: Grassy Surge|[of] p1b: Rillaboom\n|move|p2a: Tornadus|Tailwind|p2a: Tornadus\n|-sidestart|p2: ScribbleScribble|move: Tailwind\n|move|p2b: Urshifu|Surging Strikes|p1b: Rillaboom\n|-resisted|p1b: Rillaboom\n|-crit|p1b: Rillaboom\n|-damage|p1b: Rillaboom|85/100\n|-resisted|p1b: Rillaboom\n|-crit|p1b: Rillaboom\n|-damage|p1b: Rillaboom|69/100\n|-resisted|p1b: Rillaboom\n|-crit|p1b: Rillaboom\n|-damage|p1b: Rillaboom|53/100\n|-hitcount|p1b: Rillaboom|3\n|move|p1a: Umbreon|Taunt|p2a: Tornadus\n|-start|p2a: Tornadus|move: Taunt\n|\n|-heal|p1b: Rillaboom|59/100|[from] Grassy Terrain\n|upkeep\n|turn|2\n|\n|t:|1774297105\n|move|p1a: Umbreon|Helping Hand|p1b: Rillaboom\n|-singleturn|p1b: Rillaboom|Helping Hand|[of] p1a: Umbreon\n|move|p1b: Rillaboom|Grassy Glide|p2b: Urshifu\n|-supereffective|p2b: Urshifu\n|-damage|p2b: Urshifu|17/100\n|move|p2a: Tornadus|Bleakwind Storm|p1b: Rillaboom|[spread] \n|-miss|p2a: Tornadus|p1a: Umbreon\n|-miss|p2a: Tornadus|p1b: Rillaboom\n|move|p2b: Urshifu|Surging Strikes|p1a: Umbreon\n|-crit|p1a: Umbreon\n|-damage|p1a: Umbreon|76/100\n|-crit|p1a: Umbreon\n|-damage|p1a: Umbreon|54/100\n|-crit|p1a: Umbreon\n|-damage|p1a: Umbreon|32/100\n|-hitcount|p1a: Umbreon|3\n|\n|-heal|p2b: Urshifu|23/100|[from] Grassy Terrain\n|-heal|p1b: Rillaboom|66/100|[from] Grassy Terrain\n|-heal|p1a: Umbreon|38/100|[from] Grassy Terrain\n|upkeep\n|turn|3\n|inactive|ScribbleScribble has 30 seconds left.\n|\n|t:|1774297131\n|switch|p2b: Calyrex|Calyrex-Ice, L50|100/100\n|-ability|p2b: Calyrex|As One\n|-ability|p2b: Calyrex|Unnerve\n|move|p1b: Rillaboom|Grassy Glide|p2b: Calyrex\n|-damage|p2b: Calyrex|78/100\n|move|p2a: Tornadus|Bleakwind Storm|p1a: Umbreon|[spread] \n|-miss|p2a: Tornadus|p1a: Umbreon\n|-miss|p2a: Tornadus|p1b: Rillaboom\n|move|p1a: Umbreon|Snarl|p2b: Calyrex|[spread] p2a\n|-miss|p1a: Umbreon|p2b: Calyrex\n|-damage|p2a: Tornadus|86/100\n|-unboost|p2a: Tornadus|spa|1\n|\n|-heal|p2b: Calyrex|84/100|[from] Grassy Terrain\n|-heal|p1b: Rillaboom|72/100|[from] Grassy Terrain\n|-heal|p1a: Umbreon|44/100|[from] Grassy Terrain\n|upkeep\n|turn|4\n|\n|t:|1774297150\n|switch|p1b: Zacian|Zacian-Crowned, L50|100/100\n|move|p2a: Tornadus|Bleakwind Storm|p1b: Zacian|[spread] p1a,p1b\n|-resisted|p1b: Zacian\n|-damage|p1a: Umbreon|28/100\n|-damage|p1b: Zacian|91/100\n|move|p2b: Calyrex|Glacial Lance|p1a: Umbreon|[spread] p1a,p1b\n|-resisted|p1b: Zacian\n|-damage|p1a: Umbreon|0 fnt\n|-damage|p1b: Zacian|70/100\n|faint|p1a: Umbreon\n|-ability|p2b: Calyrex|Chilling Neigh|boost\n|-boost|p2b: Calyrex|atk|1\n|\n|-heal|p2b: Calyrex|90/100|[from] Grassy Terrain\n|-heal|p1b: Zacian|77/100|[from] Grassy Terrain\n|-end|p2a: Tornadus|move: Taunt\n|-sideend|p2: ScribbleScribble|move: Tailwind\n|upkeep\n|\n|t:|1774297166\n|switch|p1a: Lunala|Lunala, L50|100/100\n|turn|5\n|\n|t:|1774297183\n|-terastallize|p2b: Calyrex|Grass\n|move|p2a: Tornadus|Taunt|p1a: Lunala\n|-start|p1a: Lunala|move: Taunt\n|move|p1b: Zacian|Behemoth Blade|p2b: Calyrex\n|-damage|p2b: Calyrex|51/100\n|move|p1a: Lunala|Meteor Beam||[still]\n|-prepare|p1a: Lunala|Meteor Beam\n|-boost|p1a: Lunala|spa|1\n|-enditem|p1a: Lunala|Power Herb\n|-anim|p1a: Lunala|Meteor Beam|p2b: Calyrex\n|-damage|p2b: Calyrex|0 fnt\n|faint|p2b: Calyrex\n|\n|-heal|p1b: Zacian|83/100|[from] Grassy Terrain\n|-fieldend|move: Grassy Terrain\n|upkeep\n|\n|t:|1774297187\n|switch|p2b: Kyogre|Kyogre, L50|100/100\n|-weather|RainDance|[from] ability: Drizzle|[of] p2b: Kyogre\n|turn|6\n|\n|t:|1774297210\n|-terastallize|p1a: Lunala|Water\n|move|p1b: Zacian|Protect|p1b: Zacian\n|-singleturn|p1b: Zacian|Protect\n|move|p2a: Tornadus|Bleakwind Storm|p1a: Lunala|[spread] p1a\n|-activate|p1b: Zacian|move: Protect\n|-damage|p1a: Lunala|92/100\n|move|p2b: Kyogre|Water Spout|p1b: Zacian|[spread] p1a\n|-activate|p1b: Zacian|move: Protect\n|-resisted|p1a: Lunala\n|-damage|p1a: Lunala|54/100\n|move|p1a: Lunala|Moongeist Beam|p2b: Kyogre\n|-damage|p2b: Kyogre|40/100\n|\n|-weather|RainDance|[upkeep]\n|upkeep\n|turn|7\n|\n|t:|1774297231\n|switch|p1a: Rillaboom|Rillaboom, L50, M|72/100\n|-fieldstart|move: Grassy Terrain|[from] ability: Grassy Surge|[of] p1a: Rillaboom\n|move|p2a: Tornadus|Tailwind|p2a: Tornadus\n|-sidestart|p2: ScribbleScribble|move: Tailwind\n|move|p2b: Kyogre|Thunder|p1a: Rillaboom\n|-resisted|p1a: Rillaboom\n|-damage|p1a: Rillaboom|55/100\n|move|p1b: Zacian|Behemoth Blade|p2a: Tornadus\n|-damage|p2a: Tornadus|6/100\n|\n|-weather|RainDance|[upkeep]\n|-heal|p2b: Kyogre|47/100|[from] Grassy Terrain\n|-heal|p1b: Zacian|89/100|[from] Grassy Terrain\n|-heal|p1a: Rillaboom|61/100|[from] Grassy Terrain\n|upkeep\n|turn|8\n|\n|t:|1774297255\n|move|p1a: Rillaboom|Fake Out|p2a: Tornadus\n|-damage|p2a: Tornadus|0 fnt\n|faint|p2a: Tornadus\n|move|p2b: Kyogre|Hydro Pump|p1b: Zacian\n|-damage|p1b: Zacian|0 fnt\n|faint|p1b: Zacian\n|\n|-weather|RainDance|[upkeep]\n|-heal|p2b: Kyogre|53/100|[from] Grassy Terrain\n|-heal|p1a: Rillaboom|68/100|[from] Grassy Terrain\n|upkeep\n|\n|t:|1774297264\n|switch|p1b: Lunala|Lunala, L50, tera:Water|54/100\n|switch|p2a: Urshifu|Urshifu-Rapid-Strike, L50, F|23/100\n|turn|9\n|\n|t:|1774297277\n|move|p1a: Rillaboom|Grassy Glide|p2a: Urshifu\n|-supereffective|p2a: Urshifu\n|-damage|p2a: Urshifu|0 fnt\n|faint|p2a: Urshifu\n|move|p2b: Kyogre|Thunder|p1b: Lunala\n|-supereffective|p1b: Lunala\n|-damage|p1b: Lunala|0 fnt\n|faint|p1b: Lunala\n|\n|-weather|RainDance|[upkeep]\n|-heal|p2b: Kyogre|59/100|[from] Grassy Terrain\n|-heal|p1a: Rillaboom|74/100|[from] Grassy Terrain\n|upkeep\n|turn|10\n|\n|t:|1774297288\n|move|p2b: Kyogre|Water Spout|p1a: Rillaboom\n|-resisted|p1a: Rillaboom\n|-damage|p1a: Rillaboom|42/100\n|move|p1a: Rillaboom|Drum Beating|p2b: Kyogre\n|-supereffective|p2b: Kyogre\n|-damage|p2b: Kyogre|0 fnt\n|faint|p2b: Kyogre\n|\n|win|curfy320\n|raw|curfy320's rating: 1468 &rarr; <strong>1498</strong><br />(+30 for winning)\n|raw|ScribbleScribble's rating: 1658 &rarr; <strong>1628</strong><br />(-30 for losing)\n|l|\u2606ScribbleScribble\n|player|p2|\n|l|\u2606curfy320\n|player|p1|\n","uploadtime":1774297544,"views":13,"formatid":"gen9vgc2026regi","rating":1498,"private":0,"password":null}