{"id":"gen9vgc2026regi-2519875699","format":"[Gen 9] VGC 2026 Reg I","players":["yubanmeiqin","ljd666"],"log":"|j|\u2606yubanmeiqin\n|j|\u2606ljd666\n|t:|1768564562\n|gametype|doubles\n|player|p1|yubanmeiqin|iono-masters|1241\n|player|p2|ljd666|cynthia|1257\n|gen|9\n|tier|[Gen 9] VGC 2026 Reg I\n|rated|\n|rule|Species Clause: Limit one of each Pok\u00e9mon\n|rule|Item Clause: Limit 1 of each item\n|clearpoke\n|poke|p1|Miraidon, L50|\n|poke|p1|Groudon, L50|\n|poke|p1|Grimmsnarl, L50, M|\n|poke|p1|Farigiraf, L50, M|\n|poke|p1|Incineroar, L50, M|\n|poke|p1|Ditto, L50|\n|poke|p2|Calyrex-Shadow, L50|\n|poke|p2|Incineroar, L50, M|\n|poke|p2|Farigiraf, L50, M|\n|poke|p2|Miraidon, L50|\n|poke|p2|Iron Hands, L50|\n|poke|p2|Smeargle, L50, F|\n|teampreview|4\n|inactive|Battle timer is ON: inactive players will automatically lose when time's up. (requested by ljd666)\n|j| manshouliu2333\n|\n|t:|1768564592\n|teamsize|p1|4\n|teamsize|p2|4\n|start\n|switch|p1a: Miraidon|Miraidon, L50|100/100\n|switch|p1b: Incineroar|Incineroar, L50, M|100/100\n|switch|p2a: Miraidon|Miraidon, L50|100/100\n|switch|p2b: Smeargle|Smeargle, L50, F|100/100\n|-fieldstart|move: Electric Terrain|[from] ability: Hadron Engine|[of] p2a: Miraidon\n|-activate|p1a: Miraidon|ability: Hadron Engine\n|-ability|p1b: Incineroar|Intimidate|boost\n|-unboost|p2a: Miraidon|atk|1\n|-unboost|p2b: Smeargle|atk|1\n|turn|1\n|\n|t:|1768564610\n|-terastallize|p2a: Miraidon|Fairy\n|-terastallize|p1a: Miraidon|Electric\n|move|p1b: Incineroar|Fake Out|p2a: Miraidon\n|-damage|p2a: Miraidon|90/100\n|cant|p2a: Miraidon|flinch\n|move|p1a: Miraidon|Electro Drift|p2a: Miraidon\n|-damage|p2a: Miraidon|0 fnt\n|faint|p2a: Miraidon\n|move|p2b: Smeargle|Tailwind|p2b: Smeargle\n|-sidestart|p2: ljd666|move: Tailwind\n|\n|-ability|p2b: Smeargle|Moody|boost\n|-boost|p2b: Smeargle|def|2\n|-unboost|p2b: Smeargle|spe|1\n|upkeep\n|\n|t:|1768564623\n|switch|p2a: Calyrex|Calyrex-Shadow, L50|100/100\n|-ability|p2a: Calyrex|As One\n|-ability|p2a: Calyrex|Unnerve\n|turn|2\n|\n|t:|1768564632\n|move|p2b: Smeargle|Follow Me|p2b: Smeargle\n|-singleturn|p2b: Smeargle|move: Follow Me\n|move|p2a: Calyrex|Astral Barrage|p1a: Miraidon|[spread] p1a,p1b\n|-resisted|p1b: Incineroar\n|-damage|p1a: Miraidon|67/100\n|-damage|p1b: Incineroar|65/100\n|-damage|p2a: Calyrex|91/100|[from] item: Life Orb\n|move|p1a: Miraidon|Volt Switch|p2b: Smeargle\n|-enditem|p2b: Smeargle|Focus Sash\n|-damage|p2b: Smeargle|1/100\n|l| manshouliu2333\n|\n|t:|1768564646\n|switch|p1a: Ditto|Ditto, L50|100/100|[from] Volt Switch\n|-transform|p1a: Ditto|p2b: Smeargle|[from] ability: Imposter\n|move|p1b: Incineroar|Parting Shot|p2b: Smeargle\n|-unboost|p2b: Smeargle|atk|1\n|-unboost|p2b: Smeargle|spa|1\n|\n|t:|1768564653\n|switch|p1b: Miraidon|Miraidon, L50, tera:Electric|67/100|[from] Parting Shot\n|-activate|p1b: Miraidon|ability: Hadron Engine\n|\n|-ability|p2b: Smeargle|Moody|boost\n|-boost|p2b: Smeargle|spd|2\n|-unboost|p2b: Smeargle|spa|1\n|-ability|p1a: Ditto|Moody|boost\n|-boost|p1a: Ditto|def|2\n|-unboost|p1a: Ditto|atk|1\n|upkeep\n|turn|3\n|\n|t:|1768564671\n|move|p1a: Ditto|Wide Guard|p1a: Ditto\n|-singleturn|p1a: Ditto|Wide Guard\n|move|p2b: Smeargle|Follow Me|p2b: Smeargle\n|-singleturn|p2b: Smeargle|move: Follow Me\n|move|p2a: Calyrex|Psychic|p1a: Ditto\n|-crit|p1a: Ditto\n|-enditem|p1a: Ditto|Focus Sash\n|-damage|p1a: Ditto|1/100\n|-unboost|p1a: Ditto|spd|1\n|-damage|p2a: Calyrex|81/100|[from] item: Life Orb\n|move|p1b: Miraidon|Snarl|p2b: Smeargle|[spread] p2b\n|-miss|p1b: Miraidon|p2a: Calyrex\n|-damage|p2b: Smeargle|0 fnt\n|faint|p2b: Smeargle\n|\n|-ability|p1a: Ditto|Moody|boost\n|-boost|p1a: Ditto|spd|2\n|-unboost|p1a: Ditto|atk|1\n|upkeep\n|\n|t:|1768564679\n|switch|p2b: Iron Hands|Iron Hands, L50|100/100\n|-activate|p2b: Iron Hands|ability: Quark Drive\n|-start|p2b: Iron Hands|quarkdriveatk\n|turn|4\n|\n|t:|1768564699\n|switch|p1a: Incineroar|Incineroar, L50, M|65/100\n|-ability|p1a: Incineroar|Intimidate|boost\n|-unboost|p2a: Calyrex|atk|1\n|-unboost|p2b: Iron Hands|atk|1\n|move|p2b: Iron Hands|Fake Out|p1b: Miraidon\n|-damage|p1b: Miraidon|55/100\n|move|p2a: Calyrex|Psychic|p1b: Miraidon\n|-damage|p1b: Miraidon|15/100\n|-damage|p2a: Calyrex|71/100|[from] item: Life Orb\n|cant|p1b: Miraidon|flinch\n|\n|-sideend|p2: ljd666|move: Tailwind\n|upkeep\n|turn|5\n|\n|t:|1768564718\n|move|p2a: Calyrex|Astral Barrage|p1b: Miraidon|[spread] p1a,p1b\n|-resisted|p1a: Incineroar\n|-damage|p1a: Incineroar|31/100\n|-damage|p1b: Miraidon|0 fnt\n|faint|p1b: Miraidon\n|-ability|p2a: Calyrex|Grim Neigh|boost\n|-boost|p2a: Calyrex|spa|1\n|-damage|p2a: Calyrex|62/100|[from] item: Life Orb\n|move|p1a: Incineroar|Knock Off|p2a: Calyrex\n|-supereffective|p2a: Calyrex\n|-damage|p2a: Calyrex|0 fnt\n|-enditem|p2a: Calyrex|Life Orb|[from] move: Knock Off|[of] p1a: Incineroar\n|faint|p2a: Calyrex\n|move|p2b: Iron Hands|Drain Punch|p1a: Incineroar\n|-supereffective|p1a: Incineroar\n|-damage|p1a: Incineroar|0 fnt\n|faint|p1a: Incineroar\n|\n|-fieldend|move: Electric Terrain\n|-end|p2b: Iron Hands|Quark Drive\n|upkeep\n|\n|t:|1768564723\n|switch|p1b: Ditto|Ditto, L50|1/100\n|switch|p1a: Groudon|Groudon, L50|100/100\n|-weather|SunnyDay|[from] ability: Drought|[of] p1a: Groudon\n|turn|6\n|\n|t:|1768564729\n|move|p1a: Groudon|High Horsepower|p2b: Iron Hands\n|-supereffective|p2b: Iron Hands\n|-damage|p2b: Iron Hands|32/100\n|move|p2b: Iron Hands|Ice Punch|p1a: Groudon\n|-supereffective|p1a: Groudon\n|-damage|p1a: Groudon|72/100\n|move|p1b: Ditto|Transform|p1a: Groudon\n|-transform|p1b: Ditto|p1a: Groudon\n|\n|-weather|SunnyDay|[upkeep]\n|upkeep\n|turn|7\n|c|\u2606ljd666|\u4e0d\u662f\n|c|\u2606yubanmeiqin|\u96be\u7ef7\n|inactive|ljd666 has 30 seconds left.\n|c|\u2606ljd666|\u4e0d\u662f\n|c|\u2606ljd666|\u554a\u554a\u554a\u554a\u554a\u554a\n|inactive|ljd666 has 20 seconds left.\n|inactive|ljd666 has 15 seconds left.\n|c|\u2606ljd666|\u5144\u5f1f\u80fd\u4e0d\u80fd\u653e\u4e00\u624b\n|inactive|ljd666 has 10 seconds left.\n|\n|t:|1768564779\n|move|p1a: Groudon|High Horsepower|p2b: Iron Hands\n|-supereffective|p2b: Iron Hands\n|-damage|p2b: Iron Hands|0 fnt\n|faint|p2b: Iron Hands\n|-end|p2b: Iron Hands|Quark Drive|[silent]\n|\n|win|yubanmeiqin\n|raw|yubanmeiqin's rating: 1241 &rarr; <strong>1267</strong><br />(+26 for winning)\n|raw|ljd666's rating: 1257 &rarr; <strong>1231</strong><br />(-26 for losing)\n|c|\u2606yubanmeiqin|\u56de\u590d\u665a\u4e86\uff08\n","uploadtime":1768564789,"views":20,"formatid":"gen9vgc2026regi","rating":1231,"private":0,"password":null}