{"id":"gen9vgc2026regi-2569572092","format":"[Gen 9] VGC 2026 Reg I","players":["hassuheimer","sunny_zong2"],"log":"|j|\u2606hassuheimer\n|j|\u2606sunny_zong2\n|t:|1774712024\n|gametype|doubles\n|player|p1|hassuheimer|169|1452\n|player|p2|sunny_zong2|266|1467\n|gen|9\n|tier|[Gen 9] VGC 2026 Reg I\n|rated|\n|rule|Species Clause: Limit one of each Pok\u00e9mon\n|rule|Item Clause: Limit 1 of each item\n|clearpoke\n|poke|p1|Miraidon, L50|\n|poke|p1|Whimsicott, L50, F|\n|poke|p1|Incineroar, L50, M|\n|poke|p1|Lunala, L50|\n|poke|p1|Urshifu-*, L50, M|\n|poke|p1|Ursaluna, L50, M|\n|poke|p2|Glimmora, L50, F|\n|poke|p2|Eternatus, L50|\n|poke|p2|Miraidon, L50|\n|poke|p2|Thundurus, L50, M|\n|poke|p2|Zapdos, L50|\n|poke|p2|Grimmsnarl, L50, M|\n|teampreview|4\n|inactive|Battle timer is ON: inactive players will automatically lose when time's up. (requested by sunny_zong2)\n|inactive|hassuheimer has 60 seconds left.\n|inactive|sunny_zong2 has 60 seconds left.\n|\n|t:|1774712068\n|teamsize|p1|4\n|teamsize|p2|4\n|start\n|switch|p1a: Lunala|Lunala, L50, shiny|100/100\n|switch|p1b: Incineroar|Incineroar, L50, M, shiny|100/100\n|switch|p2a: Grimmsnarl|Grimmsnarl, L50, M|100/100\n|switch|p2b: Glimmora|Glimmora, L50, F|100/100\n|-ability|p1b: Incineroar|Intimidate|boost\n|-unboost|p2a: Grimmsnarl|atk|1\n|-unboost|p2b: Glimmora|atk|1\n|turn|1\n|\n|t:|1774712089\n|move|p1b: Incineroar|Fake Out|p2a: Grimmsnarl\n|-damage|p2a: Grimmsnarl|89/100\n|cant|p2a: Grimmsnarl|flinch\n|move|p2b: Glimmora|Mortal Spin|p1a: Lunala|[spread] p1a,p1b\n|-resisted|p1a: Lunala\n|-damage|p1a: Lunala|99/100\n|-damage|p1b: Incineroar|99/100\n|-status|p1a: Lunala|psn\n|-status|p1b: Incineroar|psn\n|move|p1a: Lunala|Trick Room|p1a: Lunala\n|-fieldstart|move: Trick Room|[of] p1a: Lunala\n|\n|-damage|p1b: Incineroar|86/100 psn|[from] psn\n|-damage|p1a: Lunala|88/100 psn|[from] psn\n|upkeep\n|turn|2\n|\n|t:|1774712110\n|move|p2a: Grimmsnarl|Light Screen|p2a: Grimmsnarl\n|-sidestart|p2: sunny_zong2|move: Light Screen\n|move|p1b: Incineroar|U-turn|p2a: Grimmsnarl\n|-damage|p2a: Grimmsnarl|64/100\n|\n|t:|1774712114\n|switch|p1b: Ursaluna|Ursaluna, L50, M, shiny|100/100|[from] U-turn\n|move|p1a: Lunala|Moonblast|p2a: Grimmsnarl\n|-supereffective|p2a: Grimmsnarl\n|-damage|p2a: Grimmsnarl|24/100\n|move|p2b: Glimmora|Mortal Spin|p1a: Lunala|[spread] p1a,p1b\n|-resisted|p1a: Lunala\n|-resisted|p1b: Ursaluna\n|-damage|p1a: Lunala|86/100 psn\n|-damage|p1b: Ursaluna|99/100\n|-status|p1b: Ursaluna|psn\n|\n|-damage|p1b: Ursaluna|87/100 psn|[from] psn\n|-damage|p1a: Lunala|74/100 psn|[from] psn\n|upkeep\n|turn|3\n|\n|t:|1774712130\n|move|p1a: Lunala|Wide Guard|p1a: Lunala\n|-singleturn|p1a: Lunala|Wide Guard\n|move|p2a: Grimmsnarl|Reflect|p2a: Grimmsnarl\n|-sidestart|p2: sunny_zong2|Reflect\n|move|p1b: Ursaluna|Earthquake|p2a: Grimmsnarl|[spread] p2a,p2b\n|-activate|p1a: Lunala|move: Wide Guard\n|-supereffective|p2b: Glimmora\n|-damage|p2a: Grimmsnarl|0 fnt\n|-enditem|p2b: Glimmora|Focus Sash\n|-damage|p2b: Glimmora|1/100\n|-activate|p2b: Glimmora|ability: Toxic Debris\n|-sidestart|p1: hassuheimer|move: Toxic Spikes\n|faint|p2a: Grimmsnarl\n|move|p2b: Glimmora|Power Gem|p1b: Ursaluna\n|-resisted|p1b: Ursaluna\n|-damage|p1b: Ursaluna|68/100 psn\n|\n|-damage|p1b: Ursaluna|55/100 psn|[from] psn\n|-damage|p1a: Lunala|61/100 psn|[from] psn\n|upkeep\n|\n|t:|1774712149\n|switch|p2a: Eternatus|Eternatus, L50|100/100\n|-ability|p2a: Eternatus|Pressure\n|turn|4\n|\n|t:|1774712166\n|-terastallize|p2a: Eternatus|Grass\n|move|p1a: Lunala|Wide Guard|p1a: Lunala\n|-singleturn|p1a: Lunala|Wide Guard\n|move|p1b: Ursaluna|Earthquake|p2b: Glimmora|[spread] p2a,p2b\n|-activate|p1a: Lunala|move: Wide Guard\n|-resisted|p2a: Eternatus\n|-supereffective|p2b: Glimmora\n|-damage|p2a: Eternatus|86/100\n|-damage|p2b: Glimmora|0 fnt\n|-activate|p2b: Glimmora|ability: Toxic Debris\n|-sidestart|p1: hassuheimer|move: Toxic Spikes\n|faint|p2b: Glimmora\n|move|p2a: Eternatus|Cosmic Power|p2a: Eternatus\n|-boost|p2a: Eternatus|def|1\n|-boost|p2a: Eternatus|spd|1\n|\n|-heal|p2a: Eternatus|92/100|[from] item: Leftovers\n|-damage|p1b: Ursaluna|43/100 psn|[from] psn\n|-damage|p1a: Lunala|49/100 psn|[from] psn\n|upkeep\n|\n|t:|1774712169\n|switch|p2b: Miraidon|Miraidon, L50|100/100\n|-fieldstart|move: Electric Terrain|[from] ability: Hadron Engine|[of] p2b: Miraidon\n|-enditem|p1a: Lunala|Electric Seed\n|-boost|p1a: Lunala|def|1|[from] item: Electric Seed\n|turn|5\n|\n|t:|1774712190\n|-terastallize|p1a: Lunala|Fairy\n|move|p1b: Ursaluna|Facade|p2a: Eternatus\n|-damage|p2a: Eternatus|56/100\n|move|p1a: Lunala|Moonblast|p2b: Miraidon\n|-supereffective|p2b: Miraidon\n|-damage|p2b: Miraidon|36/100\n|move|p2a: Eternatus|Cosmic Power|p2a: Eternatus\n|-boost|p2a: Eternatus|def|1\n|-boost|p2a: Eternatus|spd|1\n|move|p2b: Miraidon|Snarl|p1a: Lunala|[spread] p1a,p1b\n|-resisted|p1a: Lunala\n|-crit|p1a: Lunala\n|-damage|p1a: Lunala|33/100 psn\n|-damage|p1b: Ursaluna|18/100 psn\n|-unboost|p1a: Lunala|spa|1\n|-unboost|p1b: Ursaluna|spa|1\n|\n|-heal|p2a: Eternatus|62/100|[from] item: Leftovers\n|-damage|p1b: Ursaluna|6/100 psn|[from] psn\n|-damage|p1a: Lunala|21/100 psn|[from] psn\n|-fieldend|move: Trick Room\n|upkeep\n|turn|6\n|\n|t:|1774712210\n|move|p2b: Miraidon|Snarl|p1a: Lunala|[spread] p1a,p1b\n|-resisted|p1a: Lunala\n|-crit|p1b: Ursaluna\n|-damage|p1a: Lunala|11/100 psn\n|-damage|p1b: Ursaluna|0 fnt\n|-unboost|p1a: Lunala|spa|1\n|faint|p1b: Ursaluna\n|move|p2a: Eternatus|Sludge Bomb|p1a: Lunala\n|-supereffective|p1a: Lunala\n|-damage|p1a: Lunala|0 fnt\n|faint|p1a: Lunala\n|\n|-heal|p2a: Eternatus|69/100|[from] item: Leftovers\n|upkeep\n|\n|t:|1774712215\n|switch|p1a: Miraidon|Miraidon, L50, shiny|100/100\n|switch|p1b: Incineroar|Incineroar, L50, M, shiny|86/100 psn\n|-status|p1a: Miraidon|tox\n|-activate|p1a: Miraidon|ability: Hadron Engine\n|-ability|p1b: Incineroar|Intimidate|boost\n|-unboost|p2a: Eternatus|atk|1\n|-unboost|p2b: Miraidon|atk|1\n|turn|7\n|\n|t:|1774712235\n|move|p1b: Incineroar|Fake Out|p2b: Miraidon\n|-damage|p2b: Miraidon|30/100\n|cant|p2b: Miraidon|flinch\n|move|p1a: Miraidon|Draco Meteor|p2b: Miraidon\n|-supereffective|p2b: Miraidon\n|-damage|p2b: Miraidon|0 fnt\n|-unboost|p1a: Miraidon|spa|2\n|faint|p2b: Miraidon\n|-damage|p1a: Miraidon|91/100 tox|[from] item: Life Orb\n|move|p2a: Eternatus|Recover|p2a: Eternatus\n|-heal|p2a: Eternatus|100/100\n|\n|-damage|p1a: Miraidon|85/100 tox|[from] psn\n|-damage|p1b: Incineroar|74/100 psn|[from] psn\n|upkeep\n|turn|8\n|\n|t:|1774712250\n|move|p1a: Miraidon|Draco Meteor|p2a: Eternatus\n|-damage|p2a: Eternatus|85/100\n|-unboost|p1a: Miraidon|spa|2\n|-damage|p1a: Miraidon|75/100 tox|[from] item: Life Orb\n|move|p2a: Eternatus|Cosmic Power|p2a: Eternatus\n|-boost|p2a: Eternatus|def|1\n|-boost|p2a: Eternatus|spd|1\n|move|p1b: Incineroar|Knock Off|p2a: Eternatus\n|-damage|p2a: Eternatus|78/100\n|-enditem|p2a: Eternatus|Leftovers|[from] move: Knock Off|[of] p1b: Incineroar\n|\n|-damage|p1a: Miraidon|64/100 tox|[from] psn\n|-damage|p1b: Incineroar|61/100 psn|[from] psn\n|upkeep\n|turn|9\n|\n|t:|1774712267\n|move|p1a: Miraidon|Draco Meteor|p2a: Eternatus\n|-damage|p2a: Eternatus|71/100\n|-unboost|p1a: Miraidon|spa|2\n|-damage|p1a: Miraidon|54/100 tox|[from] item: Life Orb\n|move|p2a: Eternatus|Recover|p2a: Eternatus\n|-heal|p2a: Eternatus|100/100\n|move|p1b: Incineroar|Flare Blitz|p2a: Eternatus\n|-supereffective|p2a: Eternatus\n|-damage|p2a: Eternatus|86/100\n|-damage|p1b: Incineroar|55/100 psn|[from] Recoil\n|\n|-damage|p1a: Miraidon|37/100 tox|[from] psn\n|-damage|p1b: Incineroar|43/100 psn|[from] psn\n|-sideend|p2: sunny_zong2|move: Light Screen\n|-fieldend|move: Electric Terrain\n|upkeep\n|turn|10\n|\n|t:|1774712284\n|move|p2a: Eternatus|Protect|p2a: Eternatus\n|-singleturn|p2a: Eternatus|Protect\n|move|p1a: Miraidon|Draco Meteor|p2a: Eternatus\n|-activate|p2a: Eternatus|move: Protect\n|move|p1b: Incineroar|Flare Blitz|p2a: Eternatus\n|-activate|p2a: Eternatus|move: Protect\n|\n|-damage|p1a: Miraidon|14/100 tox|[from] psn\n|-damage|p1b: Incineroar|31/100 psn|[from] psn\n|-sideend|p2: sunny_zong2|Reflect\n|upkeep\n|turn|11\n|\n|t:|1774712288\n|move|p1a: Miraidon|Draco Meteor|p2a: Eternatus\n|-crit|p2a: Eternatus\n|-damage|p2a: Eternatus|0 fnt\n|faint|p2a: Eternatus\n|-damage|p1a: Miraidon|4/100 tox|[from] item: Life Orb\n|\n|win|hassuheimer\n|raw|hassuheimer's rating: 1452 &rarr; <strong>1473</strong><br />(+21 for winning)\n|raw|sunny_zong2's rating: 1467 &rarr; <strong>1446</strong><br />(-21 for losing)\n|l|\u2606sunny_zong2\n|player|p2|\n","uploadtime":1774712301,"views":15,"formatid":"gen9vgc2026regi","rating":1446,"private":0,"password":null}