{"id":"gen9vgc2026regi-2516236822","format":"[Gen 9] VGC 2026 Reg I","players":["we all hate ursf","ky123456"],"log":"|j|\u2606we all hate ursf\n|j|\u2606ky123456\n|t:|1768105697\n|gametype|doubles\n|player|p1|we all hate ursf|shadowtriad|1365\n|player|p2|ky123456|cynthia-gen4|1348\n|gen|9\n|tier|[Gen 9] VGC 2026 Reg I\n|rated|\n|rule|Species Clause: Limit one of each Pok\u00e9mon\n|rule|Item Clause: Limit 1 of each item\n|clearpoke\n|poke|p1|Koraidon, L50|\n|poke|p1|Lunala, L50|\n|poke|p1|Chi-Yu, L50|\n|poke|p1|Flutter Mane, L50|\n|poke|p1|Ursaluna, L50, F|\n|poke|p1|Brute Bonnet, L50|\n|poke|p2|Koraidon, L50|\n|poke|p2|Calyrex-Ice, L50|\n|poke|p2|Incineroar, L50, M|\n|poke|p2|Smeargle, L50, M|\n|poke|p2|Rillaboom, L50, M|\n|poke|p2|Landorus, L50, M|\n|teampreview|4\n|inactive|Battle timer is ON: inactive players will automatically lose when time's up. (requested by we all hate ursf)\n|\n|t:|1768105718\n|teamsize|p1|4\n|teamsize|p2|4\n|start\n|switch|p1a: Chi-Yu|Chi-Yu, L50|100/100\n|switch|p1b: Koraidon|Koraidon, L50|100/100\n|switch|p2a: Calyrex|Calyrex-Ice, L50|100/100\n|switch|p2b: Smeargle|Smeargle, L50, M|100/100\n|-ability|p2a: Calyrex|As One\n|-ability|p2a: Calyrex|Unnerve\n|-ability|p1a: Chi-Yu|Beads of Ruin\n|-weather|SunnyDay|[from] ability: Orichalcum Pulse|[of] p1b: Koraidon\n|-activate|p1b: Koraidon|Orichalcum Pulse|[source]\n|turn|1\n|\n|t:|1768105732\n|-terastallize|p1b: Koraidon|Fire\n|move|p2b: Smeargle|Spiky Shield|p2b: Smeargle\n|-singleturn|p2b: Smeargle|move: Protect\n|move|p2a: Calyrex|Protect|p2a: Calyrex\n|-singleturn|p2a: Calyrex|Protect\n|move|p1a: Chi-Yu|Heat Wave|p2b: Smeargle|[spread] \n|-activate|p2a: Calyrex|move: Protect\n|-activate|p2b: Smeargle|move: Protect\n|move|p1b: Koraidon|Flame Charge|p2b: Smeargle\n|-activate|p2b: Smeargle|move: Protect\n|-damage|p1b: Koraidon|88/100|[from] Spiky Shield|[of] p2b: Smeargle\n|\n|-weather|SunnyDay|[upkeep]\n|-ability|p2b: Smeargle|Moody|boost\n|-boost|p2b: Smeargle|spe|2\n|-unboost|p2b: Smeargle|def|1\n|upkeep\n|turn|2\n|inactive|ky123456 has 30 seconds left.\n|\n|t:|1768105763\n|-terastallize|p2a: Calyrex|Fairy\n|move|p2b: Smeargle|Spore|p1b: Koraidon\n|-status|p1b: Koraidon|slp|[from] move: Spore\n|move|p1a: Chi-Yu|Heat Wave|p2a: Calyrex|[spread] p2a,p2b\n|-damage|p2a: Calyrex|56/100\n|-enditem|p2b: Smeargle|Focus Sash\n|-damage|p2b: Smeargle|1/100\n|-status|p2a: Calyrex|brn\n|cant|p1b: Koraidon|slp\n|move|p2a: Calyrex|Leech Seed|p1b: Koraidon\n|-start|p1b: Koraidon|move: Leech Seed\n|\n|-weather|SunnyDay|[upkeep]\n|-heal|p2a: Calyrex|61/100 brn|[from] item: Leftovers\n|-damage|p1b: Koraidon|76/100 slp|[from] Leech Seed|[of] p2a: Calyrex\n|-heal|p2a: Calyrex|72/100 brn|[silent]\n|-damage|p2a: Calyrex|66/100 brn|[from] brn\n|-ability|p2b: Smeargle|Moody|boost\n|-boost|p2b: Smeargle|def|2\n|-unboost|p2b: Smeargle|spa|1\n|upkeep\n|turn|3\n|inactive|we all hate ursf has 30 seconds left.\n|\n|t:|1768105794\n|switch|p1a: Brute Bonnet|Brute Bonnet, L50|100/100\n|-activate|p1a: Brute Bonnet|ability: Protosynthesis\n|-start|p1a: Brute Bonnet|protosynthesisspd\n|move|p2b: Smeargle|Spore|p1a: Brute Bonnet\n|-immune|p1a: Brute Bonnet\n|cant|p1b: Koraidon|slp\n|move|p2a: Calyrex|Leech Seed|p1a: Brute Bonnet\n|-immune|p1a: Brute Bonnet\n|\n|-weather|SunnyDay|[upkeep]\n|-heal|p2a: Calyrex|72/100 brn|[from] item: Leftovers\n|-damage|p1b: Koraidon|64/100 slp|[from] Leech Seed|[of] p2a: Calyrex\n|-heal|p2a: Calyrex|82/100 brn|[silent]\n|-damage|p2a: Calyrex|76/100 brn|[from] brn\n|-ability|p2b: Smeargle|Moody|boost\n|-boost|p2b: Smeargle|atk|2\n|-unboost|p2b: Smeargle|spe|1\n|upkeep\n|turn|4\n|inactive|ky123456 has 30 seconds left.\n|inactive|ky123456 has 20 seconds left.\n|inactive|ky123456 has 15 seconds left.\n|\n|t:|1768105836\n|switch|p2a: Incineroar|Incineroar, L50, M|100/100\n|-ability|p2a: Incineroar|Intimidate|boost\n|-unboost|p1a: Brute Bonnet|atk|1\n|-unboost|p1b: Koraidon|atk|1\n|move|p2b: Smeargle|Ruination|p1a: Brute Bonnet\n|-damage|p1a: Brute Bonnet|50/100\n|-curestatus|p1b: Koraidon|slp|[msg]\n|move|p1b: Koraidon|Flare Blitz|p2a: Incineroar\n|-resisted|p2a: Incineroar\n|-crit|p2a: Incineroar\n|-damage|p2a: Incineroar|6/100\n|-damage|p1b: Koraidon|28/100|[from] Recoil\n|-damage|p1b: Koraidon|19/100|[from] item: Life Orb\n|move|p1a: Brute Bonnet|Spore|p2b: Smeargle\n|-status|p2b: Smeargle|slp|[from] move: Spore\n|\n|-weather|SunnyDay|[upkeep]\n|-damage|p1b: Koraidon|7/100|[from] Leech Seed|[of] p2a: Incineroar\n|-heal|p2a: Incineroar|17/100|[silent]\n|-ability|p2b: Smeargle|Moody|boost\n|-boost|p2b: Smeargle|spa|2\n|-unboost|p2b: Smeargle|spe|1\n|upkeep\n|turn|5\n|inactive|we all hate ursf has 30 seconds left.\n|inactive|ky123456 has 30 seconds left.\n|inactive|ky123456 has 20 seconds left.\n|\n|t:|1768105873\n|switch|p1b: Chi-Yu|Chi-Yu, L50|100/100\n|-ability|p1b: Chi-Yu|Beads of Ruin\n|cant|p2b: Smeargle|slp\n|move|p2a: Incineroar|Fake Out|p1b: Chi-Yu\n|-damage|p1b: Chi-Yu|84/100\n|move|p1a: Brute Bonnet|Sucker Punch||[still]\n|-fail|p1a: Brute Bonnet\n|\n|-weather|none\n|-end|p1a: Brute Bonnet|Protosynthesis\n|-ability|p2b: Smeargle|Moody|boost\n|-boost|p2b: Smeargle|atk|2\n|-unboost|p2b: Smeargle|spd|1\n|upkeep\n|turn|6\n|inactive|ky123456 has 30 seconds left.\n|\n|t:|1768105902\n|-curestatus|p2b: Smeargle|slp|[msg]\n|move|p2b: Smeargle|Spiky Shield|p2b: Smeargle\n|-singleturn|p2b: Smeargle|move: Protect\n|move|p1a: Brute Bonnet|Sucker Punch||[still]\n|-fail|p1a: Brute Bonnet\n|move|p1b: Chi-Yu|Heat Wave|p2b: Smeargle|[spread] p2a\n|-activate|p2b: Smeargle|move: Protect\n|-resisted|p2a: Incineroar\n|-damage|p2a: Incineroar|0 fnt\n|faint|p2a: Incineroar\n|\n|-ability|p2b: Smeargle|Moody|boost\n|-boost|p2b: Smeargle|spe|2\n|-unboost|p2b: Smeargle|spa|1\n|upkeep\n|\n|t:|1768105919\n|switch|p2a: Koraidon|Koraidon, L50|100/100\n|-weather|SunnyDay|[from] ability: Orichalcum Pulse|[of] p2a: Koraidon\n|-activate|p1a: Brute Bonnet|ability: Protosynthesis\n|-start|p1a: Brute Bonnet|protosynthesisspd\n|-activate|p2a: Koraidon|Orichalcum Pulse|[source]\n|turn|7\n|inactive|ky123456 has 30 seconds left.\n|\n|t:|1768105947\n|move|p2b: Smeargle|Spiky Shield|p2b: Smeargle\n|-singleturn|p2b: Smeargle|move: Protect\n|move|p1b: Chi-Yu|Heat Wave|p2b: Smeargle|[spread] p2a\n|-activate|p2b: Smeargle|move: Protect\n|-resisted|p2a: Koraidon\n|-damage|p2a: Koraidon|68/100\n|move|p2a: Koraidon|Flame Charge|p1a: Brute Bonnet\n|-supereffective|p1a: Brute Bonnet\n|-damage|p1a: Brute Bonnet|0 fnt\n|-boost|p2a: Koraidon|spe|1\n|faint|p1a: Brute Bonnet\n|-end|p1a: Brute Bonnet|Protosynthesis|[silent]\n|\n|-weather|SunnyDay|[upkeep]\n|-ability|p2b: Smeargle|Moody|boost\n|-boost|p2b: Smeargle|atk|2\n|-unboost|p2b: Smeargle|def|1\n|upkeep\n|\n|t:|1768105961\n|switch|p1a: Lunala|Lunala, L50|100/100\n|turn|8\n|j| Dysprosium1132\n|inactive|ky123456 has 30 seconds left.\n|\n|t:|1768105993\n|move|p2b: Smeargle|Spore|p1b: Chi-Yu\n|-status|p1b: Chi-Yu|slp|[from] move: Spore\n|move|p2a: Koraidon|Flare Blitz|p1a: Lunala\n|-damage|p1a: Lunala|69/100\n|-status|p1a: Lunala|brn\n|-damage|p2a: Koraidon|55/100|[from] Recoil\n|cant|p1b: Chi-Yu|slp\n|move|p1a: Lunala|Trick Room|p1a: Lunala\n|-fieldstart|move: Trick Room|[of] p1a: Lunala\n|\n|-weather|SunnyDay|[upkeep]\n|-damage|p1a: Lunala|63/100 brn|[from] brn\n|-ability|p2b: Smeargle|Moody|boost\n|-boost|p2b: Smeargle|spe|2\n|-unboost|p2b: Smeargle|spd|1\n|upkeep\n|turn|9\n|\n|t:|1768106011\n|move|p2b: Smeargle|Follow Me|p2b: Smeargle\n|-singleturn|p2b: Smeargle|move: Follow Me\n|move|p1a: Lunala|Meteor Beam||[still]\n|-prepare|p1a: Lunala|Meteor Beam\n|-boost|p1a: Lunala|spa|1\n|-enditem|p1a: Lunala|Power Herb\n|-anim|p1a: Lunala|Meteor Beam|p2b: Smeargle\n|-damage|p2b: Smeargle|0 fnt\n|faint|p2b: Smeargle\n|-curestatus|p1b: Chi-Yu|slp|[msg]\n|move|p1b: Chi-Yu|Heat Wave|p2a: Koraidon\n|-resisted|p2a: Koraidon\n|-damage|p2a: Koraidon|13/100\n|move|p2a: Koraidon|Flare Blitz|p1a: Lunala\n|-damage|p1a: Lunala|5/100 brn\n|-damage|p2a: Koraidon|0 fnt|[from] Recoil\n|faint|p2a: Koraidon\n|\n|-weather|SunnyDay|[upkeep]\n|-damage|p1a: Lunala|0 fnt|[from] brn\n|faint|p1a: Lunala\n|upkeep\n|\n|t:|1768106028\n|switch|p1a: Koraidon|Koraidon, L50, tera:Fire|7/100\n|switch|p2b: Calyrex|Calyrex-Ice, L50, tera:Fairy|76/100 brn\n|-ability|p2b: Calyrex|As One\n|-ability|p2b: Calyrex|Unnerve\n|-activate|p1a: Koraidon|ability: Orichalcum Pulse\n|turn|10\n|\n|t:|1768106035\n|move|p2b: Calyrex|Glacial Lance|p1a: Koraidon|[spread] p1a,p1b\n|-resisted|p1a: Koraidon\n|-resisted|p1b: Chi-Yu\n|-damage|p1a: Koraidon|0 fnt\n|-damage|p1b: Chi-Yu|64/100\n|faint|p1a: Koraidon\n|-ability|p2b: Calyrex|Chilling Neigh|boost\n|-boost|p2b: Calyrex|atk|1\n|move|p1b: Chi-Yu|Heat Wave|p2b: Calyrex\n|-damage|p2b: Calyrex|17/100 brn\n|\n|-weather|SunnyDay|[upkeep]\n|-heal|p2b: Calyrex|23/100 brn|[from] item: Leftovers\n|-damage|p2b: Calyrex|17/100 brn|[from] brn\n|upkeep\n|turn|11\n|\n|t:|1768106056\n|move|p2b: Calyrex|Leech Seed|p1b: Chi-Yu\n|-start|p1b: Chi-Yu|move: Leech Seed\n|move|p1b: Chi-Yu|Heat Wave|p2b: Calyrex\n|-damage|p2b: Calyrex|0 fnt\n|faint|p2b: Calyrex\n|\n|win|we all hate ursf\n|raw|we all hate ursf's rating: 1365 &rarr; <strong>1384</strong><br />(+19 for winning)\n|raw|ky123456's rating: 1348 &rarr; <strong>1329</strong><br />(-19 for losing)\n|l|\u2606ky123456\n|player|p2|\n|l|\u2606we all hate ursf\n|player|p1|\n|l| Dysprosium1132\n|j| dec4shc4t\n|l| dec4shc4t\n","uploadtime":1768106257,"views":12,"formatid":"gen9vgc2026regi","rating":1329,"private":0,"password":null}