{"id":"gen9vgc2026regi-2548490612","format":"[Gen 9] VGC 2026 Reg I","players":["Jellibolt2","Schimmli"],"log":"|j|\u2606Jellibolt2\n|j|\u2606Schimmli\n|t:|1772220004\n|gametype|doubles\n|player|p1|Jellibolt2|twins-gen4dp|1358\n|player|p2|Schimmli|169|1395\n|gen|9\n|tier|[Gen 9] VGC 2026 Reg I\n|rated|\n|rule|Species Clause: Limit one of each Pok\u00e9mon\n|rule|Item Clause: Limit 1 of each item\n|clearpoke\n|poke|p1|Groudon, L50|\n|poke|p1|Exeggutor, L50, F|\n|poke|p1|Raging Bolt, L50|\n|poke|p1|Lunala, L50|\n|poke|p1|Jumpluff, L50, F|\n|poke|p1|Incineroar, L50, M|\n|poke|p2|Kyogre, L50|\n|poke|p2|Tornadus, L50, M|\n|poke|p2|Urshifu-*, L50, M|\n|poke|p2|Landorus, L50, M|\n|poke|p2|Flutter Mane, L50|\n|poke|p2|Zamazenta-*, L50|\n|teampreview|4\n|\n|t:|1772220048\n|teamsize|p1|4\n|teamsize|p2|4\n|start\n|switch|p1a: Lunala|Lunala, L50, shiny|100/100\n|switch|p1b: Raging Bolt|Raging Bolt, L50|100/100\n|switch|p2a: Flutter Mane|Flutter Mane, L50|100/100\n|switch|p2b: Tornadus|Tornadus, L50, M|100/100\n|-enditem|p2a: Flutter Mane|Booster Energy\n|-activate|p2a: Flutter Mane|ability: Protosynthesis|[fromitem]\n|-start|p2a: Flutter Mane|protosynthesisspe\n|turn|1\n|\n|t:|1772220062\n|-terastallize|p2a: Flutter Mane|Fairy\n|-terastallize|p1a: Lunala|Fairy\n|move|p2b: Tornadus|Protect|p2b: Tornadus\n|-singleturn|p2b: Tornadus|Protect\n|move|p2a: Flutter Mane|Moonblast|p1b: Raging Bolt\n|-supereffective|p1b: Raging Bolt\n|-damage|p1b: Raging Bolt|12/100\n|-unboost|p1b: Raging Bolt|spa|1\n|move|p1a: Lunala|Meteor Beam||[still]\n|-prepare|p1a: Lunala|Meteor Beam\n|-boost|p1a: Lunala|spa|1\n|-enditem|p1a: Lunala|Power Herb\n|-anim|p1a: Lunala|Meteor Beam|p2b: Tornadus\n|-activate|p2b: Tornadus|move: Protect\n|move|p1b: Raging Bolt|Snarl|p2a: Flutter Mane|[spread] p2a\n|-activate|p2b: Tornadus|move: Protect\n|-resisted|p2a: Flutter Mane\n|-damage|p2a: Flutter Mane|95/100\n|-unboost|p2a: Flutter Mane|spa|1\n|-damage|p1b: Raging Bolt|2/100|[from] item: Life Orb\n|\n|upkeep\n|turn|2\n|\n|t:|1772220086\n|move|p1b: Raging Bolt|Protect|p1b: Raging Bolt\n|-singleturn|p1b: Raging Bolt|Protect\n|move|p2a: Flutter Mane|Icy Wind|p1b: Raging Bolt|[spread] p1a\n|-activate|p1b: Raging Bolt|move: Protect\n|-damage|p1a: Lunala|98/100\n|-unboost|p1a: Lunala|spe|1\n|move|p2b: Tornadus|Bleakwind Storm|p1b: Raging Bolt|[spread] p1a\n|-activate|p1b: Raging Bolt|move: Protect\n|-damage|p1a: Lunala|76/100\n|move|p1a: Lunala|Moongeist Beam|p2a: Flutter Mane\n|-damage|p2a: Flutter Mane|23/100\n|\n|upkeep\n|turn|3\n|\n|t:|1772220105\n|move|p1b: Raging Bolt|Thunderclap|p2b: Tornadus\n|-supereffective|p2b: Tornadus\n|-damage|p2b: Tornadus|38/100\n|-damage|p1b: Raging Bolt|0 fnt|[from] item: Life Orb\n|faint|p1b: Raging Bolt\n|-end|p1b: Raging Bolt|Protosynthesis|[silent]\n|move|p2a: Flutter Mane|Taunt|p1a: Lunala\n|-start|p1a: Lunala|move: Taunt\n|move|p2b: Tornadus|Bleakwind Storm|p1a: Lunala\n|-crit|p1a: Lunala\n|-damage|p1a: Lunala|30/100\n|move|p1a: Lunala|Moongeist Beam|p2a: Flutter Mane\n|-damage|p2a: Flutter Mane|0 fnt\n|faint|p2a: Flutter Mane\n|-end|p2a: Flutter Mane|Protosynthesis|[silent]\n|\n|upkeep\n|\n|t:|1772220122\n|switch|p2a: Kyogre|Kyogre, L50|100/100\n|switch|p1b: Exeggutor|Exeggutor, L50, F|100/100\n|-weather|RainDance|[from] ability: Drizzle|[of] p2a: Kyogre\n|turn|4\n|\n|t:|1772220135\n|move|p2b: Tornadus|Rain Dance||[still]\n|-fail|p2b: Tornadus\n|move|p2a: Kyogre|Water Spout|p1b: Exeggutor|[spread] p1a,p1b\n|-resisted|p1b: Exeggutor\n|-damage|p1a: Lunala|0 fnt\n|-damage|p1b: Exeggutor|29/100\n|faint|p1a: Lunala\n|move|p1b: Exeggutor|Giga Drain|p2a: Kyogre\n|-supereffective|p2a: Kyogre\n|-damage|p2a: Kyogre|59/100\n|-heal|p1b: Exeggutor|49/100|[from] drain|[of] p2a: Kyogre\n|\n|-weather|RainDance|[upkeep]\n|upkeep\n|\n|t:|1772220140\n|switch|p1a: Groudon|Groudon, L50, shiny|100/100\n|-weather|SunnyDay|[from] ability: Drought|[of] p1a: Groudon\n|turn|5\n|\n|t:|1772220154\n|switch|p2a: Zamazenta|Zamazenta-Crowned, L50|100/100\n|-ability|p2a: Zamazenta|Dauntless Shield|boost\n|-boost|p2a: Zamazenta|def|1\n|move|p2b: Tornadus|Tailwind|p2b: Tornadus\n|-sidestart|p2: Schimmli|move: Tailwind\n|move|p1a: Groudon|Thunderbolt|p2a: Zamazenta\n|-damage|p2a: Zamazenta|75/100\n|move|p1b: Exeggutor|Substitute|p1b: Exeggutor\n|-start|p1b: Exeggutor|Substitute\n|-damage|p1b: Exeggutor|24/100\n|-enditem|p1b: Exeggutor|Starf Berry|[eat]\n|-boost|p1b: Exeggutor|spe|2|[from] item: Starf Berry\n|\n|-weather|SunnyDay|[upkeep]\n|-item|p1b: Exeggutor|Starf Berry|[from] ability: Harvest\n|upkeep\n|-enditem|p1b: Exeggutor|Starf Berry|[eat]\n|-boost|p1b: Exeggutor|spd|2|[from] item: Starf Berry\n|turn|6\n|l|\u2606Jellibolt2\n|player|p1|\n|j|\u2606Jellibolt2\n|player|p1|Jellibolt2|twins-gen4dp|\n|inactive|Battle timer is ON: inactive players will automatically lose when time's up. (requested by Schimmli)\n|\n|t:|1772220207\n|move|p2a: Zamazenta|Body Press|p1a: Groudon\n|-damage|p1a: Groudon|48/100\n|move|p2b: Tornadus|Bleakwind Storm|p1b: Exeggutor|[spread] p1a,p1b\n|-supereffective|p1b: Exeggutor\n|-end|p1b: Exeggutor|Substitute\n|-damage|p1a: Groudon|16/100\n|-unboost|p1a: Groudon|spe|1\n|move|p1b: Exeggutor|Synthesis|p1b: Exeggutor\n|-heal|p1b: Exeggutor|90/100\n|move|p1a: Groudon|Thunderbolt|p2b: Tornadus\n|-supereffective|p2b: Tornadus\n|-damage|p2b: Tornadus|0 fnt\n|faint|p2b: Tornadus\n|\n|-weather|SunnyDay|[upkeep]\n|-item|p1b: Exeggutor|Starf Berry|[from] ability: Harvest\n|upkeep\n|\n|t:|1772220220\n|switch|p2b: Kyogre|Kyogre, L50|59/100\n|-weather|RainDance|[from] ability: Drizzle|[of] p2b: Kyogre\n|turn|7\n|\n|t:|1772220230\n|move|p2a: Zamazenta|Body Press|p1b: Exeggutor\n|-resisted|p1b: Exeggutor\n|-damage|p1b: Exeggutor|61/100\n|move|p2b: Kyogre|Water Spout|p1b: Exeggutor|[spread] p1a,p1b\n|-supereffective|p1a: Groudon\n|-resisted|p1b: Exeggutor\n|-damage|p1a: Groudon|0 fnt\n|-damage|p1b: Exeggutor|40/100\n|faint|p1a: Groudon\n|move|p1b: Exeggutor|Giga Drain|p2b: Kyogre\n|-supereffective|p2b: Kyogre\n|-damage|p2b: Kyogre|14/100\n|-heal|p1b: Exeggutor|61/100|[from] drain|[of] p2b: Kyogre\n|\n|-weather|RainDance|[upkeep]\n|upkeep\n|turn|8\n|\n|t:|1772220241\n|move|p2a: Zamazenta|Heavy Slam|p1b: Exeggutor\n|-damage|p1b: Exeggutor|17/100\n|-enditem|p1b: Exeggutor|Starf Berry|[eat]\n|-boost|p1b: Exeggutor|def|2|[from] item: Starf Berry\n|move|p2b: Kyogre|Water Spout|p1b: Exeggutor\n|-resisted|p1b: Exeggutor\n|-damage|p1b: Exeggutor|11/100\n|move|p1b: Exeggutor|Giga Drain|p2b: Kyogre\n|-supereffective|p2b: Kyogre\n|-crit|p2b: Kyogre\n|-damage|p2b: Kyogre|0 fnt\n|-heal|p1b: Exeggutor|18/100|[from] drain|[of] p2b: Kyogre\n|faint|p2b: Kyogre\n|\n|-weather|RainDance|[upkeep]\n|-sideend|p2: Schimmli|move: Tailwind\n|-item|p1b: Exeggutor|Starf Berry|[from] ability: Harvest\n|upkeep\n|-enditem|p1b: Exeggutor|Starf Berry|[eat]\n|-boost|p1b: Exeggutor|def|2|[from] item: Starf Berry\n|turn|9\n|\n|t:|1772220250\n|move|p2a: Zamazenta|Heavy Slam|p1b: Exeggutor\n|-damage|p1b: Exeggutor|2/100\n|move|p1b: Exeggutor|Synthesis|p1b: Exeggutor\n|-heal|p1b: Exeggutor|27/100\n|\n|-weather|RainDance|[upkeep]\n|-item|p1b: Exeggutor|Starf Berry|[from] ability: Harvest\n|upkeep\n|turn|10\n|\n|t:|1772220254\n|move|p2a: Zamazenta|Heavy Slam|p1b: Exeggutor\n|-damage|p1b: Exeggutor|12/100\n|-enditem|p1b: Exeggutor|Starf Berry|[eat]\n|-boost|p1b: Exeggutor|atk|2|[from] item: Starf Berry\n|move|p1b: Exeggutor|Synthesis|p1b: Exeggutor\n|-heal|p1b: Exeggutor|37/100\n|\n|-weather|RainDance|[upkeep]\n|upkeep\n|turn|11\n|\n|t:|1772220266\n|move|p2a: Zamazenta|Body Press|p1b: Exeggutor\n|-resisted|p1b: Exeggutor\n|-damage|p1b: Exeggutor|26/100\n|move|p1b: Exeggutor|Synthesis|p1b: Exeggutor\n|-heal|p1b: Exeggutor|51/100\n|\n|-weather|none\n|-item|p1b: Exeggutor|Starf Berry|[from] ability: Harvest\n|upkeep\n|turn|12\n|\n|t:|1772220277\n|move|p2a: Zamazenta|Protect|p2a: Zamazenta\n|-singleturn|p2a: Zamazenta|Protect\n|move|p1b: Exeggutor|Synthesis|p1b: Exeggutor\n|-heal|p1b: Exeggutor|100/100\n|\n|upkeep\n|turn|13\n|\n|t:|1772220283\n|move|p2a: Zamazenta|Body Press|p1b: Exeggutor\n|-resisted|p1b: Exeggutor\n|-damage|p1b: Exeggutor|90/100\n|move|p1b: Exeggutor|Stored Power|p2a: Zamazenta\n|-damage|p2a: Zamazenta|9/100\n|\n|upkeep\n|turn|14\n|c|\u2606Jellibolt2|Gg\n|\n|t:|1772220289\n|move|p2a: Zamazenta|Body Press|p1b: Exeggutor\n|-resisted|p1b: Exeggutor\n|-damage|p1b: Exeggutor|80/100\n|move|p1b: Exeggutor|Stored Power|p2a: Zamazenta\n|-damage|p2a: Zamazenta|0 fnt\n|faint|p2a: Zamazenta\n|\n|win|Jellibolt2\n|raw|Jellibolt2's rating: 1358 &rarr; <strong>1380</strong><br />(+22 for winning)\n|raw|Schimmli's rating: 1395 &rarr; <strong>1373</strong><br />(-22 for losing)\n|c|\u2606Schimmli|GG!\n|c|\u2606Schimmli|noce strat\n|c|\u2606Schimmli|nice\n|c|\u2606Jellibolt2|Egg is strange but good\n|c|\u2606Schimmli|it can work\n|c|\u2606Jellibolt2|You just have to set it up right\n|c|\u2606Jellibolt2|So it is niche\n|c|\u2606Schimmli|it will not always, but it can haha\n|c|\u2606Jellibolt2|Fr\n|l|\u2606Schimmli\n|player|p2|\n|l|\u2606Jellibolt2\n|player|p1|\n","uploadtime":1772220570,"views":12,"formatid":"gen9vgc2026regi","rating":1373,"private":0,"password":null}