{"id":"gen9vgc2026regi-2559859271","format":"[Gen 9] VGC 2026 Reg I","players":["MorrisPXG456","sleemo2"],"log":"|j|\u2606MorrisPXG456\n|j|\u2606sleemo2\n|t:|1773617072\n|gametype|doubles\n|player|p1|MorrisPXG456|colress|1324\n|player|p2|sleemo2|acetrainerf|1426\n|gen|9\n|tier|[Gen 9] VGC 2026 Reg I\n|rated|\n|rule|Species Clause: Limit one of each Pok\u00e9mon\n|rule|Item Clause: Limit 1 of each item\n|clearpoke\n|poke|p1|Terapagos, L50, M|\n|poke|p1|Zacian-*, L50|\n|poke|p1|Chi-Yu, L50|\n|poke|p1|Amoonguss, L50, M|\n|poke|p1|Whimsicott, L50, M|\n|poke|p1|Urshifu-*, L50, F|\n|poke|p2|Calyrex-Shadow, L50|\n|poke|p2|Zamazenta-*, L50|\n|poke|p2|Whimsicott, L50, F|\n|poke|p2|Amoonguss, L50, F|\n|poke|p2|Chi-Yu, L50|\n|poke|p2|Regieleki, L50|\n|teampreview|4\n|\n|t:|1773617106\n|teamsize|p1|4\n|teamsize|p2|4\n|start\n|switch|p1a: Urshifu|Urshifu-Rapid-Strike, L50, F|100/100\n|switch|p1b: Whimsicott|Whimsicott, L50, M|100/100\n|switch|p2a: Zamazenta|Zamazenta-Crowned, L50|100/100\n|switch|p2b: Regieleki|Regieleki, L50|100/100\n|-ability|p2a: Zamazenta|Dauntless Shield|boost\n|-boost|p2a: Zamazenta|def|1\n|turn|1\n|\n|t:|1773617123\n|move|p1b: Whimsicott|Tailwind|p1b: Whimsicott\n|-sidestart|p1: MorrisPXG456|move: Tailwind\n|move|p1a: Urshifu|Surging Strikes|p2b: Regieleki\n|-crit|p2b: Regieleki\n|-damage|p2b: Regieleki|66/100\n|-crit|p2b: Regieleki\n|-damage|p2b: Regieleki|31/100\n|-crit|p2b: Regieleki\n|-damage|p2b: Regieleki|0 fnt\n|faint|p2b: Regieleki\n|-hitcount|p2: Regieleki|3\n|move|p2a: Zamazenta|Heavy Slam|p1b: Whimsicott\n|-supereffective|p1b: Whimsicott\n|-enditem|p1b: Whimsicott|Focus Sash\n|-damage|p1b: Whimsicott|1/100\n|\n|upkeep\n|\n|t:|1773617130\n|switch|p2b: Whimsicott|Whimsicott, L50, F|100/100\n|turn|2\n|\n|t:|1773617138\n|move|p1b: Whimsicott|Helping Hand|p1a: Urshifu\n|-singleturn|p1a: Urshifu|Helping Hand|[of] p1b: Whimsicott\n|move|p2b: Whimsicott|Tailwind|p2b: Whimsicott\n|-sidestart|p2: sleemo2|move: Tailwind\n|move|p1a: Urshifu|Surging Strikes|p2a: Zamazenta\n|-crit|p2a: Zamazenta\n|-damage|p2a: Zamazenta|80/100\n|-crit|p2a: Zamazenta\n|-damage|p2a: Zamazenta|61/100\n|-crit|p2a: Zamazenta\n|-damage|p2a: Zamazenta|41/100\n|-hitcount|p2a: Zamazenta|3\n|move|p2a: Zamazenta|Body Press|p1a: Urshifu\n|-damage|p1a: Urshifu|32/100\n|\n|upkeep\n|turn|3\n|\n|t:|1773617152\n|move|p1b: Whimsicott|Helping Hand|p1a: Urshifu\n|-singleturn|p1a: Urshifu|Helping Hand|[of] p1b: Whimsicott\n|move|p2b: Whimsicott|Encore|p1b: Whimsicott\n|-start|p1b: Whimsicott|Encore\n|move|p1a: Urshifu|Surging Strikes|p2a: Zamazenta\n|-crit|p2a: Zamazenta\n|-damage|p2a: Zamazenta|22/100\n|-crit|p2a: Zamazenta\n|-damage|p2a: Zamazenta|3/100\n|-crit|p2a: Zamazenta\n|-damage|p2a: Zamazenta|0 fnt\n|faint|p2a: Zamazenta\n|-hitcount|p2: Zamazenta|3\n|\n|upkeep\n|j| 801344244a\n|\n|t:|1773617155\n|switch|p2a: Calyrex|Calyrex-Shadow, L50|100/100\n|-ability|p2a: Calyrex|As One\n|-ability|p2a: Calyrex|Unnerve\n|turn|4\n|j| Cheerful Peper\n|\n|t:|1773617166\n|-terastallize|p1a: Urshifu|Water\n|move|p1b: Whimsicott|Helping Hand|p1a: Urshifu\n|-singleturn|p1a: Urshifu|Helping Hand|[of] p1b: Whimsicott\n|move|p1a: Urshifu|Surging Strikes|p2a: Calyrex\n|-crit|p2a: Calyrex\n|-damage|p2a: Calyrex|50/100\n|-crit|p2a: Calyrex\n|-damage|p2a: Calyrex|0 fnt\n|faint|p2a: Calyrex\n|-hitcount|p2: Calyrex|2\n|move|p2b: Whimsicott|Moonblast|p1a: Urshifu\n|-damage|p1a: Urshifu|0 fnt\n|faint|p1a: Urshifu\n|\n|-sideend|p1: MorrisPXG456|move: Tailwind\n|upkeep\n|\n|t:|1773617175\n|switch|p1a: Chi-Yu|Chi-Yu, L50|100/100\n|-ability|p1a: Chi-Yu|Beads of Ruin\n|turn|5\n|-message|sleemo2 forfeited.\n|\n|win|MorrisPXG456\n|raw|MorrisPXG456's rating: 1324 &rarr; <strong>1350</strong><br />(+26 for winning)\n|raw|sleemo2's rating: 1426 &rarr; <strong>1400</strong><br />(-26 for losing)\n|l|\u2606sleemo2\n|player|p2|\n","uploadtime":1773617190,"views":13,"formatid":"gen9vgc2026regi","rating":1350,"private":0,"password":null}