{"id":"gen9vgc2026regi-2578716154","format":"[Gen 9] VGC 2026 Reg I","players":["Cheesey027","dpsicieu"],"log":"|j|\u2606Cheesey027\n|j|\u2606dpsicieu\n|t:|1775707398\n|gametype|doubles\n|player|p1|Cheesey027|rocketgrunt|1418\n|player|p2|dpsicieu|169|1511\n|gen|9\n|tier|[Gen 9] VGC 2026 Reg I\n|rated|\n|rule|Species Clause: Limit one of each Pok\u00e9mon\n|rule|Item Clause: Limit 1 of each item\n|clearpoke\n|poke|p1|Kyogre, L50|\n|poke|p1|Tornadus, L50, M|\n|poke|p1|Rhydon, L50, F|\n|poke|p1|Araquanid, L50, F|\n|poke|p1|Gholdengo, L50|\n|poke|p1|Chien-Pao, L50|\n|poke|p2|Calyrex-Ice, L50|\n|poke|p2|Miraidon, L50|\n|poke|p2|Iron Hands, L50|\n|poke|p2|Farigiraf, L50, M|\n|poke|p2|Torkoal, L50, M|\n|poke|p2|Smeargle, L50, F|\n|teampreview|4\n|inactive|Battle timer is ON: inactive players will automatically lose when time's up. (requested by dpsicieu)\n|\n|t:|1775707418\n|teamsize|p1|4\n|teamsize|p2|4\n|start\n|switch|p1a: Tornadus|Tornadus, L50, M|100/100\n|switch|p1b: Araquanid|Araquanid, L50, F|100/100\n|switch|p2a: Calyrex|Calyrex-Ice, L50|100/100\n|switch|p2b: Smeargle|Smeargle, L50, F|100/100\n|-ability|p2a: Calyrex|As One\n|-ability|p2a: Calyrex|Unnerve\n|turn|1\n|\n|t:|1775707429\n|move|p1b: Araquanid|Wide Guard|p1b: Araquanid\n|-singleturn|p1b: Araquanid|Wide Guard\n|move|p2b: Smeargle|Follow Me|p2b: Smeargle\n|-singleturn|p2b: Smeargle|move: Follow Me\n|move|p1a: Tornadus|Taunt|p2b: Smeargle\n|-start|p2b: Smeargle|move: Taunt\n|move|p2a: Calyrex|Trick Room|p2a: Calyrex\n|-fieldstart|move: Trick Room|[of] p2a: Calyrex\n|\n|upkeep\n|turn|2\n|\n|t:|1775707445\n|switch|p2b: Iron Hands|Iron Hands, L50|100/100\n|move|p1b: Araquanid|Wide Guard|p1b: Araquanid\n|-singleturn|p1b: Araquanid|Wide Guard\n|move|p2a: Calyrex|Glacial Lance|p1a: Tornadus|[spread] \n|-activate|p1a: Tornadus|move: Wide Guard\n|-activate|p1b: Araquanid|move: Wide Guard\n|move|p1a: Tornadus|Bleakwind Storm|p2b: Iron Hands|[spread] p2b\n|-miss|p1a: Tornadus|p2a: Calyrex\n|-damage|p2b: Iron Hands|78/100\n|-unboost|p2b: Iron Hands|spe|1\n|\n|upkeep\n|turn|3\n|inactive|Cheesey027 has 30 seconds left.\n|\n|t:|1775707478\n|move|p1b: Araquanid|Wide Guard|p1b: Araquanid\n|-singleturn|p1b: Araquanid|Wide Guard\n|move|p2b: Iron Hands|Drain Punch|p1a: Tornadus\n|-resisted|p1a: Tornadus\n|-damage|p1a: Tornadus|63/100\n|-heal|p2b: Iron Hands|90/100|[from] drain|[of] p1a: Tornadus\n|move|p2a: Calyrex|Glacial Lance|p1a: Tornadus|[spread] \n|-activate|p1a: Tornadus|move: Wide Guard\n|-activate|p1b: Araquanid|move: Wide Guard\n|move|p1a: Tornadus|Bleakwind Storm|p2a: Calyrex|[spread] p2a,p2b\n|-damage|p2a: Calyrex|75/100\n|-damage|p2b: Iron Hands|68/100\n|\n|upkeep\n|turn|4\n|\n|t:|1775707489\n|move|p1b: Araquanid|Wide Guard|p1b: Araquanid\n|-singleturn|p1b: Araquanid|Wide Guard\n|move|p2b: Iron Hands|Wild Charge|p1b: Araquanid\n|-supereffective|p1b: Araquanid\n|-damage|p1b: Araquanid|0 fnt\n|faint|p1b: Araquanid\n|-damage|p2b: Iron Hands|51/100|[from] Recoil\n|move|p2a: Calyrex|Glacial Lance|p1a: Tornadus\n|-activate|p1a: Tornadus|move: Wide Guard\n|move|p1a: Tornadus|Bleakwind Storm|p2a: Calyrex|[spread] \n|-miss|p1a: Tornadus|p2a: Calyrex\n|-miss|p1a: Tornadus|p2b: Iron Hands\n|\n|upkeep\n|\n|t:|1775707500\n|switch|p1b: Rhydon|Rhydon, L50, F|100/100\n|turn|5\n|\n|t:|1775707509\n|-end|p2b: Iron Hands|Quark Drive|[silent]\n|switch|p2b: Smeargle|Smeargle, L50, F|100/100\n|-terastallize|p1b: Rhydon|Fairy\n|move|p2a: Calyrex|Protect|p2a: Calyrex\n|-singleturn|p2a: Calyrex|Protect\n|move|p1b: Rhydon|Rock Slide|p2b: Smeargle|[spread] p2b\n|-activate|p2a: Calyrex|move: Protect\n|-damage|p2b: Smeargle|55/100\n|move|p1a: Tornadus|Bleakwind Storm|p2b: Smeargle|[spread] p2b\n|-activate|p2a: Calyrex|move: Protect\n|-damage|p2b: Smeargle|0 fnt\n|faint|p2b: Smeargle\n|\n|-fieldend|move: Trick Room\n|upkeep\n|\n|t:|1775707525\n|switch|p2b: Iron Hands|Iron Hands, L50|51/100\n|turn|6\n|\n|t:|1775707536\n|-terastallize|p2a: Calyrex|Ground\n|move|p1b: Rhydon|Protect|p1b: Rhydon\n|-singleturn|p1b: Rhydon|Protect\n|move|p2b: Iron Hands|Fake Out|p1b: Rhydon\n|-activate|p1b: Rhydon|move: Protect\n|move|p1a: Tornadus|Tailwind|p1a: Tornadus\n|-sidestart|p1: Cheesey027|move: Tailwind\n|move|p2a: Calyrex|Glacial Lance|p1b: Rhydon|[spread] p1a\n|-activate|p1b: Rhydon|move: Protect\n|-supereffective|p1a: Tornadus\n|-damage|p1a: Tornadus|0 fnt\n|faint|p1a: Tornadus\n|-ability|p2a: Calyrex|Chilling Neigh|boost\n|-boost|p2a: Calyrex|atk|1\n|\n|upkeep\n|\n|t:|1775707543\n|switch|p1a: Kyogre|Kyogre, L50|100/100\n|-weather|RainDance|[from] ability: Drizzle|[of] p1a: Kyogre\n|turn|7\n|\n|t:|1775707551\n|-end|p2b: Iron Hands|Quark Drive|[silent]\n|switch|p2b: Torkoal|Torkoal, L50, M|100/100\n|-weather|SunnyDay|[from] ability: Drought|[of] p2b: Torkoal\n|move|p2a: Calyrex|Protect|p2a: Calyrex\n|-singleturn|p2a: Calyrex|Protect\n|move|p1a: Kyogre|Water Spout|p2b: Torkoal|[spread] p2b\n|-activate|p2a: Calyrex|move: Protect\n|-supereffective|p2b: Torkoal\n|-damage|p2b: Torkoal|18/100\n|move|p1b: Rhydon|Rock Slide|p2a: Calyrex|[spread] p2b\n|-activate|p2a: Calyrex|move: Protect\n|-supereffective|p2b: Torkoal\n|-damage|p2b: Torkoal|0 fnt\n|faint|p2b: Torkoal\n|\n|-weather|SunnyDay|[upkeep]\n|upkeep\n|\n|t:|1775707564\n|switch|p2b: Iron Hands|Iron Hands, L50|51/100\n|turn|8\n|\n|t:|1775707574\n|move|p2b: Iron Hands|Fake Out|p1a: Kyogre\n|-crit|p1a: Kyogre\n|-damage|p1a: Kyogre|78/100\n|cant|p1a: Kyogre|flinch\n|move|p1b: Rhydon|High Horsepower|p2b: Iron Hands\n|-supereffective|p2b: Iron Hands\n|-damage|p2b: Iron Hands|0 fnt\n|faint|p2b: Iron Hands\n|-end|p2b: Iron Hands|Quark Drive|[silent]\n|move|p2a: Calyrex|Trick Room|p2a: Calyrex\n|-fieldstart|move: Trick Room|[of] p2a: Calyrex\n|\n|-weather|SunnyDay|[upkeep]\n|upkeep\n|turn|9\n|\n|t:|1775707584\n|move|p1b: Rhydon|Protect|p1b: Rhydon\n|-singleturn|p1b: Rhydon|Protect\n|move|p2a: Calyrex|Glacial Lance|p1b: Rhydon|[spread] p1a\n|-activate|p1b: Rhydon|move: Protect\n|-resisted|p1a: Kyogre\n|-damage|p1a: Kyogre|38/100\n|move|p1a: Kyogre|Origin Pulse|p2a: Calyrex\n|-supereffective|p2a: Calyrex\n|-damage|p2a: Calyrex|35/100\n|\n|-weather|SunnyDay|[upkeep]\n|-sideend|p1: Cheesey027|move: Tailwind\n|upkeep\n|turn|10\n|\n|t:|1775707600\n|move|p2a: Calyrex|Protect|p2a: Calyrex\n|-singleturn|p2a: Calyrex|Protect\n|move|p1b: Rhydon|High Horsepower|p2a: Calyrex\n|-activate|p2a: Calyrex|move: Protect\n|move|p1a: Kyogre|Origin Pulse|p2a: Calyrex\n|-activate|p2a: Calyrex|move: Protect\n|\n|-weather|SunnyDay|[upkeep]\n|upkeep\n|turn|11\n|\n|t:|1775707610\n|move|p2a: Calyrex|Glacial Lance|p1b: Rhydon|[spread] p1a,p1b\n|-resisted|p1a: Kyogre\n|-damage|p1a: Kyogre|2/100\n|-damage|p1b: Rhydon|52/100\n|move|p1b: Rhydon|High Horsepower|p2a: Calyrex\n|-damage|p2a: Calyrex|0 fnt\n|faint|p2a: Calyrex\n|\n|win|Cheesey027\n|raw|Cheesey027's rating: 1418 &rarr; <strong>1443</strong><br />(+25 for winning)\n|raw|dpsicieu's rating: 1511 &rarr; <strong>1486</strong><br />(-25 for losing)\n|c|\u2606Cheesey027|Gg\n|l|\u2606dpsicieu\n|player|p2|\n|l|\u2606Cheesey027\n|player|p1|\n","uploadtime":1775707757,"views":7,"formatid":"gen9vgc2026regi","rating":1443,"private":0,"password":null}