{"id":"gen9vgc2026regi-2564590596","format":"[Gen 9] VGC 2026 Reg I","players":["dasabe\u76d6\u6b27\u5361\u4fa0","fogdocker"],"log":"|j|\u2606dasabe\u76d6\u6b27\u5361\u4fa0\n|j|\u2606fogdocker\n|t:|1774170308\n|gametype|doubles\n|player|p1|dasabe\u76d6\u6b27\u5361\u4fa0|may-masters4|1494\n|player|p2|fogdocker|265|1560\n|gen|9\n|tier|[Gen 9] VGC 2026 Reg I\n|rated|\n|rule|Species Clause: Limit one of each Pok\u00e9mon\n|rule|Item Clause: Limit 1 of each item\n|clearpoke\n|poke|p1|Zacian-*, L50|\n|poke|p1|Koraidon, L50|\n|poke|p1|Raging Bolt, L50|\n|poke|p1|Rillaboom, L50, F|\n|poke|p1|Volcarona, L50, M|\n|poke|p1|Chien-Pao, L50|\n|poke|p2|Calyrex-Ice, L50|\n|poke|p2|Koraidon, L50|\n|poke|p2|Flutter Mane, L50|\n|poke|p2|Incineroar, L50, M|\n|poke|p2|Rillaboom, L50, F|\n|poke|p2|Volcarona, L50, F|\n|teampreview|4\n|\n|t:|1774170339\n|teamsize|p1|4\n|teamsize|p2|4\n|start\n|switch|p1a: \u6545\u5927\u5305\u52d2|Koraidon, L50|100/100\n|switch|p1b: \u733f\u795e\uff01\u542f\u52a8\uff01|Rillaboom, L50, F|100/100\n|switch|p2a: Calyrex|Calyrex-Ice, L50|100/100\n|switch|p2b: Incineroar|Incineroar, L50, M|100/100\n|-ability|p2a: Calyrex|As One\n|-ability|p2a: Calyrex|Unnerve\n|-weather|SunnyDay|[from] ability: Orichalcum Pulse|[of] p1a: \u6545\u5927\u5305\u52d2\n|-activate|p1a: \u6545\u5927\u5305\u52d2|Orichalcum Pulse|[source]\n|-fieldstart|move: Grassy Terrain|[from] ability: Grassy Surge|[of] p1b: \u733f\u795e\uff01\u542f\u52a8\uff01\n|-ability|p2b: Incineroar|Intimidate|boost\n|-fail|p1a: \u6545\u5927\u5305\u52d2|unboost|[from] item: Clear Amulet|[of] p1a: \u6545\u5927\u5305\u52d2\n|-unboost|p1b: \u733f\u795e\uff01\u542f\u52a8\uff01|atk|1\n|turn|1\n|\n|t:|1774170358\n|switch|p2b: Volcarona|Volcarona, L50, F|100/100\n|-terastallize|p1a: \u6545\u5927\u5305\u52d2|Fire\n|-terastallize|p2a: Calyrex|Water\n|move|p1b: \u733f\u795e\uff01\u542f\u52a8\uff01|Fake Out|p2b: Volcarona\n|-damage|p2b: Volcarona|92/100\n|-damage|p1b: \u733f\u795e\uff01\u542f\u52a8\uff01|84/100|[from] item: Rocky Helmet|[of] p2b: Volcarona\n|move|p1a: \u6545\u5927\u5305\u52d2|Flame Charge|p2a: Calyrex\n|-resisted|p2a: Calyrex\n|-damage|p2a: Calyrex|83/100\n|-boost|p1a: \u6545\u5927\u5305\u52d2|spe|1\n|move|p2a: Calyrex|Glacial Lance|p1b: \u733f\u795e\uff01\u542f\u52a8\uff01|[spread] p1a,p1b\n|-resisted|p1a: \u6545\u5927\u5305\u52d2\n|-supereffective|p1b: \u733f\u795e\uff01\u542f\u52a8\uff01\n|-damage|p1a: \u6545\u5927\u5305\u52d2|83/100\n|-damage|p1b: \u733f\u795e\uff01\u542f\u52a8\uff01|2/100\n|\n|-weather|SunnyDay|[upkeep]\n|-heal|p1a: \u6545\u5927\u5305\u52d2|88/100|[from] Grassy Terrain\n|-heal|p2b: Volcarona|98/100|[from] Grassy Terrain\n|-heal|p1b: \u733f\u795e\uff01\u542f\u52a8\uff01|8/100|[from] Grassy Terrain\n|-heal|p2a: Calyrex|89/100|[from] Grassy Terrain\n|-heal|p2a: Calyrex|95/100|[from] item: Leftovers\n|upkeep\n|turn|2\n|\n|t:|1774170392\n|switch|p2b: Incineroar|Incineroar, L50, M|100/100\n|-ability|p2b: Incineroar|Intimidate|boost\n|-fail|p1a: \u6545\u5927\u5305\u52d2|unboost|[from] item: Clear Amulet|[of] p1a: \u6545\u5927\u5305\u52d2\n|-unboost|p1b: \u733f\u795e\uff01\u542f\u52a8\uff01|atk|1\n|move|p2a: Calyrex|Protect|p2a: Calyrex\n|-singleturn|p2a: Calyrex|Protect\n|move|p1b: \u733f\u795e\uff01\u542f\u52a8\uff01|Grassy Glide|p2a: Calyrex\n|-activate|p2a: Calyrex|move: Protect\n|move|p1a: \u6545\u5927\u5305\u52d2|Collision Course|p2a: Calyrex\n|-activate|p2a: Calyrex|move: Protect\n|\n|-weather|SunnyDay|[upkeep]\n|-heal|p1a: \u6545\u5927\u5305\u52d2|94/100|[from] Grassy Terrain\n|-heal|p1b: \u733f\u795e\uff01\u542f\u52a8\uff01|14/100|[from] Grassy Terrain\n|-heal|p2a: Calyrex|100/100|[from] Grassy Terrain\n|upkeep\n|turn|3\n|\n|t:|1774170414\n|switch|p1b: \u708e\u7ffc\u4e01\u771f|Volcarona, L50, M|100/100\n|move|p2b: Incineroar|Fake Out|p1a: \u6545\u5927\u5305\u52d2\n|-damage|p1a: \u6545\u5927\u5305\u52d2|86/100\n|cant|p1a: \u6545\u5927\u5305\u52d2|flinch\n|move|p2a: Calyrex|Trick Room|p2a: Calyrex\n|-fieldstart|move: Trick Room|[of] p2a: Calyrex\n|\n|-weather|SunnyDay|[upkeep]\n|-heal|p1a: \u6545\u5927\u5305\u52d2|92/100|[from] Grassy Terrain\n|upkeep\n|turn|4\n|\n|t:|1774170430\n|switch|p2b: Volcarona|Volcarona, L50, F|98/100\n|move|p1a: \u6545\u5927\u5305\u52d2|Protect|p1a: \u6545\u5927\u5305\u52d2\n|-singleturn|p1a: \u6545\u5927\u5305\u52d2|Protect\n|move|p2a: Calyrex|Leech Seed|p1b: \u708e\u7ffc\u4e01\u771f\n|-start|p1b: \u708e\u7ffc\u4e01\u771f|move: Leech Seed\n|move|p1b: \u708e\u7ffc\u4e01\u771f|Quiver Dance|p1b: \u708e\u7ffc\u4e01\u771f\n|-boost|p1b: \u708e\u7ffc\u4e01\u771f|spa|1\n|-boost|p1b: \u708e\u7ffc\u4e01\u771f|spd|1\n|-boost|p1b: \u708e\u7ffc\u4e01\u771f|spe|1\n|\n|-weather|SunnyDay|[upkeep]\n|-heal|p2b: Volcarona|100/100|[from] Grassy Terrain\n|-heal|p1a: \u6545\u5927\u5305\u52d2|98/100|[from] Grassy Terrain\n|-damage|p1b: \u708e\u7ffc\u4e01\u771f|88/100|[from] Leech Seed|[of] p2a: Calyrex\n|upkeep\n|turn|5\n|\n|t:|1774170443\n|move|p2a: Calyrex|Glacial Lance|p1b: \u708e\u7ffc\u4e01\u771f|[spread] p1a,p1b\n|-resisted|p1a: \u6545\u5927\u5305\u52d2\n|-resisted|p1b: \u708e\u7ffc\u4e01\u771f\n|-damage|p1a: \u6545\u5927\u5305\u52d2|80/100\n|-damage|p1b: \u708e\u7ffc\u4e01\u771f|61/100\n|move|p2b: Volcarona|Struggle Bug|p1b: \u708e\u7ffc\u4e01\u771f|[spread] p1a,p1b\n|-resisted|p1a: \u6545\u5927\u5305\u52d2\n|-resisted|p1b: \u708e\u7ffc\u4e01\u771f\n|-damage|p1a: \u6545\u5927\u5305\u52d2|74/100\n|-damage|p1b: \u708e\u7ffc\u4e01\u771f|56/100\n|-unboost|p1b: \u708e\u7ffc\u4e01\u771f|spa|1\n|move|p1b: \u708e\u7ffc\u4e01\u771f|Fiery Dance|p2b: Volcarona\n|-damage|p2b: Volcarona|52/100\n|move|p1a: \u6545\u5927\u5305\u52d2|Collision Course|p2b: Volcarona\n|-resisted|p2b: Volcarona\n|-damage|p2b: Volcarona|20/100\n|-damage|p1a: \u6545\u5927\u5305\u52d2|58/100|[from] item: Rocky Helmet|[of] p2b: Volcarona\n|\n|-weather|none\n|-heal|p2b: Volcarona|26/100|[from] Grassy Terrain\n|-heal|p1b: \u708e\u7ffc\u4e01\u771f|62/100|[from] Grassy Terrain\n|-heal|p1b: \u708e\u7ffc\u4e01\u771f|68/100|[from] item: Leftovers\n|-heal|p1a: \u6545\u5927\u5305\u52d2|63/100|[from] Grassy Terrain\n|-damage|p1b: \u708e\u7ffc\u4e01\u771f|56/100|[from] Leech Seed|[of] p2a: Calyrex\n|-fieldend|move: Grassy Terrain\n|upkeep\n|turn|6\n|\n|t:|1774170460\n|move|p2a: Calyrex|Glacial Lance|p1a: \u6545\u5927\u5305\u52d2|[spread] p1a,p1b\n|-resisted|p1a: \u6545\u5927\u5305\u52d2\n|-resisted|p1b: \u708e\u7ffc\u4e01\u771f\n|-damage|p1a: \u6545\u5927\u5305\u52d2|44/100\n|-damage|p1b: \u708e\u7ffc\u4e01\u771f|30/100\n|move|p2b: Volcarona|Fiery Dance|p1b: \u708e\u7ffc\u4e01\u771f\n|-damage|p1b: \u708e\u7ffc\u4e01\u771f|10/100\n|move|p1b: \u708e\u7ffc\u4e01\u771f|Fiery Dance|p2b: Volcarona\n|-damage|p2b: Volcarona|0 fnt\n|faint|p2b: Volcarona\n|move|p1a: \u6545\u5927\u5305\u52d2|Collision Course|p2a: Calyrex\n|-damage|p2a: Calyrex|70/100\n|\n|-heal|p2a: Calyrex|76/100|[from] item: Leftovers\n|-heal|p1b: \u708e\u7ffc\u4e01\u771f|16/100|[from] item: Leftovers\n|-damage|p1b: \u708e\u7ffc\u4e01\u771f|4/100|[from] Leech Seed|[of] p2a: Calyrex\n|-heal|p2a: Calyrex|87/100|[silent]\n|upkeep\n|\n|t:|1774170474\n|switch|p2b: Koraidon|Koraidon, L50|100/100\n|-weather|SunnyDay|[from] ability: Orichalcum Pulse|[of] p2b: Koraidon\n|-activate|p2b: Koraidon|Orichalcum Pulse|[source]\n|turn|7\n|\n|t:|1774170483\n|move|p1b: \u708e\u7ffc\u4e01\u771f|Protect|p1b: \u708e\u7ffc\u4e01\u771f\n|-singleturn|p1b: \u708e\u7ffc\u4e01\u771f|Protect\n|move|p1a: \u6545\u5927\u5305\u52d2|Protect|p1a: \u6545\u5927\u5305\u52d2\n|-singleturn|p1a: \u6545\u5927\u5305\u52d2|Protect\n|move|p2a: Calyrex|Glacial Lance|p1a: \u6545\u5927\u5305\u52d2|[spread] \n|-activate|p1a: \u6545\u5927\u5305\u52d2|move: Protect\n|-activate|p1b: \u708e\u7ffc\u4e01\u771f|move: Protect\n|move|p2b: Koraidon|Flame Charge|p1a: \u6545\u5927\u5305\u52d2\n|-activate|p1a: \u6545\u5927\u5305\u52d2|move: Protect\n|\n|-weather|SunnyDay|[upkeep]\n|-heal|p2a: Calyrex|93/100|[from] item: Leftovers\n|-heal|p1b: \u708e\u7ffc\u4e01\u771f|10/100|[from] item: Leftovers\n|-damage|p1b: \u708e\u7ffc\u4e01\u771f|0 fnt|[from] Leech Seed|[of] p2a: Calyrex\n|-heal|p2a: Calyrex|100/100|[silent]\n|faint|p1b: \u708e\u7ffc\u4e01\u771f\n|-fieldend|move: Trick Room\n|upkeep\n|\n|t:|1774170487\n|switch|p1b: \u733f\u795e\uff01\u542f\u52a8\uff01|Rillaboom, L50, F|14/100\n|-fieldstart|move: Grassy Terrain|[from] ability: Grassy Surge|[of] p1b: \u733f\u795e\uff01\u542f\u52a8\uff01\n|turn|8\n|\n|t:|1774170503\n|switch|p2a: Incineroar|Incineroar, L50, M|100/100\n|-ability|p2a: Incineroar|Intimidate|boost\n|-fail|p1a: \u6545\u5927\u5305\u52d2|unboost|[from] item: Clear Amulet|[of] p1a: \u6545\u5927\u5305\u52d2\n|-unboost|p1b: \u733f\u795e\uff01\u542f\u52a8\uff01|atk|1\n|move|p2b: Koraidon|Protect|p2b: Koraidon\n|-singleturn|p2b: Koraidon|Protect\n|move|p1b: \u733f\u795e\uff01\u542f\u52a8\uff01|Grassy Glide|p2a: Incineroar\n|-resisted|p2a: Incineroar\n|-damage|p2a: Incineroar|92/100\n|move|p1a: \u6545\u5927\u5305\u52d2|Collision Course|p2a: Incineroar\n|-supereffective|p2a: Incineroar\n|-damage|p2a: Incineroar|0 fnt\n|faint|p2a: Incineroar\n|\n|-weather|SunnyDay|[upkeep]\n|-heal|p1a: \u6545\u5927\u5305\u52d2|50/100|[from] Grassy Terrain\n|-heal|p1b: \u733f\u795e\uff01\u542f\u52a8\uff01|20/100|[from] Grassy Terrain\n|upkeep\n|\n|t:|1774170506\n|switch|p2a: Calyrex|Calyrex-Ice, L50, tera:Water|100/100\n|-ability|p2a: Calyrex|As One\n|-ability|p2a: Calyrex|Unnerve\n|turn|9\n|\n|t:|1774170517\n|move|p1b: \u733f\u795e\uff01\u542f\u52a8\uff01|Grassy Glide|p2b: Koraidon\n|-resisted|p2b: Koraidon\n|-damage|p2b: Koraidon|89/100\n|move|p1a: \u6545\u5927\u5305\u52d2|Flame Charge|p2b: Koraidon\n|-resisted|p2b: Koraidon\n|-damage|p2b: Koraidon|59/100\n|-boost|p1a: \u6545\u5927\u5305\u52d2|spe|1\n|move|p2b: Koraidon|Flame Charge|p1b: \u733f\u795e\uff01\u542f\u52a8\uff01\n|-supereffective|p1b: \u733f\u795e\uff01\u542f\u52a8\uff01\n|-damage|p1b: \u733f\u795e\uff01\u542f\u52a8\uff01|0 fnt\n|-boost|p2b: Koraidon|spe|1\n|faint|p1b: \u733f\u795e\uff01\u542f\u52a8\uff01\n|-damage|p2b: Koraidon|50/100|[from] item: Life Orb\n|move|p2a: Calyrex|Leech Seed|p1a: \u6545\u5927\u5305\u52d2\n|-start|p1a: \u6545\u5927\u5305\u52d2|move: Leech Seed\n|\n|-weather|SunnyDay|[upkeep]\n|-heal|p1a: \u6545\u5927\u5305\u52d2|56/100|[from] Grassy Terrain\n|-heal|p2b: Koraidon|55/100|[from] Grassy Terrain\n|-damage|p1a: \u6545\u5927\u5305\u52d2|44/100|[from] Leech Seed|[of] p2a: Calyrex\n|upkeep\n|\n|t:|1774170524\n|switch|p1b: \u9a82\u8c01\u542b\u5251|Zacian-Crowned, L50|100/100\n|-ability|p1b: \u9a82\u8c01\u542b\u5251|Intrepid Sword|boost\n|-boost|p1b: \u9a82\u8c01\u542b\u5251|atk|1\n|turn|10\n|\n|t:|1774170551\n|move|p2b: Koraidon|Protect|p2b: Koraidon\n|-singleturn|p2b: Koraidon|Protect\n|move|p1b: \u9a82\u8c01\u542b\u5251|Protect|p1b: \u9a82\u8c01\u542b\u5251\n|-singleturn|p1b: \u9a82\u8c01\u542b\u5251|Protect\n|move|p1a: \u6545\u5927\u5305\u52d2|Collision Course|p2b: Koraidon\n|-activate|p2b: Koraidon|move: Protect\n|move|p2a: Calyrex|Leech Seed|p1b: \u9a82\u8c01\u542b\u5251\n|-activate|p1b: \u9a82\u8c01\u542b\u5251|move: Protect\n|\n|-weather|SunnyDay|[upkeep]\n|-heal|p1a: \u6545\u5927\u5305\u52d2|50/100|[from] Grassy Terrain\n|-heal|p2b: Koraidon|61/100|[from] Grassy Terrain\n|-damage|p1a: \u6545\u5927\u5305\u52d2|38/100|[from] Leech Seed|[of] p2a: Calyrex\n|upkeep\n|turn|11\n|\n|t:|1774170567\n|move|p1a: \u6545\u5927\u5305\u52d2|Collision Course|p2b: Koraidon\n|-damage|p2b: Koraidon|0 fnt\n|faint|p2b: Koraidon\n|move|p1b: \u9a82\u8c01\u542b\u5251|Swords Dance|p1b: \u9a82\u8c01\u542b\u5251\n|-boost|p1b: \u9a82\u8c01\u542b\u5251|atk|2\n|move|p2a: Calyrex|Leech Seed|p1b: \u9a82\u8c01\u542b\u5251\n|-start|p1b: \u9a82\u8c01\u542b\u5251|move: Leech Seed\n|\n|-weather|none\n|-heal|p1a: \u6545\u5927\u5305\u52d2|43/100|[from] Grassy Terrain\n|-damage|p1a: \u6545\u5927\u5305\u52d2|31/100|[from] Leech Seed|[of] p2a: Calyrex\n|-damage|p1b: \u9a82\u8c01\u542b\u5251|88/100|[from] Leech Seed|[of] p2a: Calyrex\n|upkeep\n|turn|12\n|\n|t:|1774170580\n|move|p1a: \u6545\u5927\u5305\u52d2|Collision Course|p2a: Calyrex\n|-damage|p2a: Calyrex|71/100\n|move|p1b: \u9a82\u8c01\u542b\u5251|Play Rough|p2a: Calyrex\n|-damage|p2a: Calyrex|10/100\n|move|p2a: Calyrex|Trick Room|p2a: Calyrex\n|-fieldstart|move: Trick Room|[of] p2a: Calyrex\n|\n|-heal|p2a: Calyrex|15/100|[from] Grassy Terrain\n|-heal|p2a: Calyrex|21/100|[from] item: Leftovers\n|-heal|p1b: \u9a82\u8c01\u542b\u5251|94/100|[from] Grassy Terrain\n|-heal|p1a: \u6545\u5927\u5305\u52d2|37/100|[from] Grassy Terrain\n|-damage|p1b: \u9a82\u8c01\u542b\u5251|82/100|[from] Leech Seed|[of] p2a: Calyrex\n|-heal|p2a: Calyrex|32/100|[silent]\n|-damage|p1a: \u6545\u5927\u5305\u52d2|25/100|[from] Leech Seed|[of] p2a: Calyrex\n|-heal|p2a: Calyrex|44/100|[silent]\n|-fieldend|move: Grassy Terrain\n|upkeep\n|turn|13\n|\n|t:|1774170590\n|move|p2a: Calyrex|Protect|p2a: Calyrex\n|-singleturn|p2a: Calyrex|Protect\n|move|p1b: \u9a82\u8c01\u542b\u5251|Swords Dance|p1b: \u9a82\u8c01\u542b\u5251\n|-boost|p1b: \u9a82\u8c01\u542b\u5251|atk|2\n|move|p1a: \u6545\u5927\u5305\u52d2|Collision Course|p2a: Calyrex\n|-activate|p2a: Calyrex|move: Protect\n|\n|-heal|p2a: Calyrex|50/100|[from] item: Leftovers\n|-damage|p1b: \u9a82\u8c01\u542b\u5251|70/100|[from] Leech Seed|[of] p2a: Calyrex\n|-heal|p2a: Calyrex|61/100|[silent]\n|-damage|p1a: \u6545\u5927\u5305\u52d2|13/100|[from] Leech Seed|[of] p2a: Calyrex\n|-heal|p2a: Calyrex|73/100|[silent]\n|upkeep\n|turn|14\n|\n|t:|1774170601\n|move|p1a: \u6545\u5927\u5305\u52d2|Protect|p1a: \u6545\u5927\u5305\u52d2\n|-singleturn|p1a: \u6545\u5927\u5305\u52d2|Protect\n|move|p2a: Calyrex|Glacial Lance|p1b: \u9a82\u8c01\u542b\u5251|[spread] p1b\n|-activate|p1a: \u6545\u5927\u5305\u52d2|move: Protect\n|-resisted|p1b: \u9a82\u8c01\u542b\u5251\n|-damage|p1b: \u9a82\u8c01\u542b\u5251|49/100\n|move|p1b: \u9a82\u8c01\u542b\u5251|Play Rough|p2a: Calyrex\n|-damage|p2a: Calyrex|0 fnt\n|faint|p2a: Calyrex\n|\n|win|dasabe\u76d6\u6b27\u5361\u4fa0\n|raw|dasabe\u76d6\u6b27\u5361\u4fa0's rating: 1494 &rarr; <strong>1518</strong><br />(+24 for winning)\n|raw|fogdocker's rating: 1560 &rarr; <strong>1536</strong><br />(-24 for losing)\n|l|\u2606fogdocker\n|player|p2|\n|l|\u2606dasabe\u76d6\u6b27\u5361\u4fa0\n|player|p1|\n","uploadtime":1774170767,"views":13,"formatid":"gen9vgc2026regi","rating":1518,"private":0,"password":null}