{"id":"gen9vgc2026regi-2589262580","format":"[Gen 9] VGC 2026 Reg I","players":["Shagrathisbeast","Like Texas"],"log":"|j|\u2606Shagrathisbeast\n|j|\u2606Like Texas\n|t:|1776710172\n|gametype|doubles\n|player|p1|Shagrathisbeast|266|1504\n|player|p2|Like Texas|silver-gen2|1498\n|gen|9\n|tier|[Gen 9] VGC 2026 Reg I\n|rated|\n|rule|Species Clause: Limit one of each Pok\u00e9mon\n|rule|Item Clause: Limit 1 of each item\n|clearpoke\n|poke|p1|Calyrex-Shadow, L50|\n|poke|p1|Clefairy, L50, F|\n|poke|p1|Urshifu-*, L50, M|\n|poke|p1|Tornadus, L50, M|\n|poke|p1|Rayquaza, L50|\n|poke|p1|Smeargle, L50, F|\n|poke|p2|Dragonite, L50, M|\n|poke|p2|Chien-Pao, L50|\n|poke|p2|Zamazenta-*, L50|\n|poke|p2|Incineroar, L50, M|\n|poke|p2|Volcarona, L50, F|\n|poke|p2|Miraidon, L50|\n|teampreview|4\n|\n|t:|1776710197\n|teamsize|p1|4\n|teamsize|p2|4\n|start\n|switch|p1a: Urshifu|Urshifu-Rapid-Strike, L50, M|100/100\n|switch|p1b: Smeargle|Smeargle, L50, F, shiny|100/100\n|switch|p2a: Chien-Pao|Chien-Pao, L50, shiny|100/100\n|switch|p2b: Dragonite|Dragonite, L50, M, shiny|100/100\n|-ability|p2a: Chien-Pao|Sword of Ruin\n|turn|1\n|inactive|Battle timer is ON: inactive players will automatically lose when time's up. (requested by Like Texas)\n|\n|t:|1776710216\n|switch|p2a: Miraidon|Miraidon, L50, shiny|100/100\n|-fieldstart|move: Electric Terrain|[from] ability: Hadron Engine|[of] p2a: Miraidon\n|move|p1a: Urshifu|Surging Strikes|p2a: Miraidon\n|-resisted|p2a: Miraidon\n|-crit|p2a: Miraidon\n|-damage|p2a: Miraidon|91/100\n|-resisted|p2a: Miraidon\n|-crit|p2a: Miraidon\n|-damage|p2a: Miraidon|82/100\n|-resisted|p2a: Miraidon\n|-crit|p2a: Miraidon\n|-damage|p2a: Miraidon|73/100\n|-hitcount|p2a: Miraidon|3\n|move|p1b: Smeargle|Spore|p2b: Dragonite\n|-status|p2b: Dragonite|slp|[from] move: Spore\n|cant|p2b: Dragonite|slp\n|\n|-ability|p1b: Smeargle|Moody|boost\n|-boost|p1b: Smeargle|spa|2\n|-unboost|p1b: Smeargle|spd|1\n|upkeep\n|turn|2\n|inactive|Shagrathisbeast has 30 seconds left.\n|inactive|Like Texas has 30 seconds left.\n|inactive|Shagrathisbeast has 20 seconds left.\n|inactive|Shagrathisbeast has 15 seconds left.\n|inactive|Shagrathisbeast has 10 seconds left.\n|\n|t:|1776710263\n|move|p1b: Smeargle|Follow Me|p1b: Smeargle\n|-singleturn|p1b: Smeargle|move: Follow Me\n|move|p2a: Miraidon|Electro Drift|p1b: Smeargle\n|-enditem|p1b: Smeargle|Focus Sash\n|-damage|p1b: Smeargle|1/100\n|move|p1a: Urshifu|Surging Strikes|p2b: Dragonite\n|-resisted|p2b: Dragonite\n|-crit|p2b: Dragonite\n|-damage|p2b: Dragonite|90/100 slp\n|-resisted|p2b: Dragonite\n|-crit|p2b: Dragonite\n|-damage|p2b: Dragonite|79/100 slp\n|-resisted|p2b: Dragonite\n|-crit|p2b: Dragonite\n|-damage|p2b: Dragonite|68/100 slp\n|-hitcount|p2b: Dragonite|3\n|cant|p2b: Dragonite|slp\n|\n|-ability|p1b: Smeargle|Moody|boost\n|-boost|p1b: Smeargle|spd|2\n|-unboost|p1b: Smeargle|spe|1\n|upkeep\n|turn|3\n|\n|t:|1776710287\n|move|p1b: Smeargle|Follow Me|p1b: Smeargle\n|-singleturn|p1b: Smeargle|move: Follow Me\n|move|p2a: Miraidon|Electro Drift|p1b: Smeargle\n|-damage|p1b: Smeargle|0 fnt\n|faint|p1b: Smeargle\n|move|p1a: Urshifu|Surging Strikes|p2a: Miraidon\n|-resisted|p2a: Miraidon\n|-crit|p2a: Miraidon\n|-damage|p2a: Miraidon|64/100\n|-resisted|p2a: Miraidon\n|-crit|p2a: Miraidon\n|-damage|p2a: Miraidon|55/100\n|-resisted|p2a: Miraidon\n|-crit|p2a: Miraidon\n|-damage|p2a: Miraidon|45/100\n|-hitcount|p2a: Miraidon|3\n|cant|p2b: Dragonite|slp\n|\n|upkeep\n|\n|t:|1776710301\n|switch|p1b: Rayquaza|Rayquaza, L50, shiny|100/100\n|-ability|p1b: Rayquaza|Air Lock\n|turn|4\n|\n|t:|1776710314\n|switch|p2a: Chien-Pao|Chien-Pao, L50, shiny|100/100\n|-ability|p2a: Chien-Pao|Sword of Ruin\n|-terastallize|p1a: Urshifu|Grass\n|move|p1b: Rayquaza|Extreme Speed|p2a: Chien-Pao\n|-damage|p2a: Chien-Pao|52/100\n|move|p1a: Urshifu|Surging Strikes|p2a: Chien-Pao\n|-crit|p2a: Chien-Pao\n|-damage|p2a: Chien-Pao|24/100\n|-crit|p2a: Chien-Pao\n|-damage|p2a: Chien-Pao|0 fnt\n|faint|p2a: Chien-Pao\n|-hitcount|p2: Chien-Pao|2\n|-curestatus|p2b: Dragonite|slp|[msg]\n|move|p2b: Dragonite|Outrage|p1a: Urshifu\n|-crit|p1a: Urshifu\n|-damage|p1a: Urshifu|0 fnt\n|faint|p1a: Urshifu\n|\n|upkeep\n|\n|t:|1776710334\n|switch|p2a: Zamazenta|Zamazenta-Crowned, L50, shiny|100/100\n|switch|p1a: Calyrex|Calyrex-Shadow, L50|100/100\n|-ability|p1a: Calyrex|As One\n|-ability|p1a: Calyrex|Unnerve\n|-ability|p2a: Zamazenta|Dauntless Shield|boost\n|-boost|p2a: Zamazenta|def|1\n|turn|5\n|l|\u2606Shagrathisbeast\n|inactive|Shagrathisbeast disconnected and has a minute to reconnect!\n|player|p1|\n|inactive|Shagrathisbeast has 30 seconds left.\n|inactive|Shagrathisbeast has 20 seconds left.\n|inactive|Shagrathisbeast has 15 seconds left.\n|inactive|Shagrathisbeast has 10 seconds left.\n|inactive|Shagrathisbeast has 5 seconds left.\n|-message|Shagrathisbeast lost due to inactivity.\n|\n|win|Like Texas\n|raw|Shagrathisbeast's rating: 1504 &rarr; <strong>1484</strong><br />(-20 for losing)\n|raw|Like Texas's rating: 1498 &rarr; <strong>1518</strong><br />(+20 for winning)\n|l|\u2606Like Texas\n|player|p2|\n","uploadtime":1776710395,"views":10,"formatid":"gen9vgc2026regi","rating":1484,"private":0,"password":null}