{"id":"gen9vgc2026regi-2518631257","format":"[Gen 9] VGC 2026 Reg I","players":["VJ2511","Kenobi_1"],"log":"|j|\u2606VJ2511\n|j|\u2606Kenobi_1\n|t:|1768411393\n|gametype|doubles\n|player|p1|VJ2511|red-masters3|\n|player|p2|Kenobi_1|ash-alola|\n|gen|9\n|tier|[Gen 9] VGC 2026 Reg I\n|rule|Species Clause: Limit one of each Pok\u00e9mon\n|rule|Item Clause: Limit 1 of each item\n|clearpoke\n|poke|p1|Calyrex-Ice, L50|\n|poke|p1|Miraidon, L50|\n|poke|p1|Incineroar, L50, F|\n|poke|p1|Amoonguss, L50, F|\n|poke|p1|Urshifu-*, L50, F|\n|poke|p1|Landorus, L50, M|\n|poke|p2|Calyrex-Shadow, L50|\n|poke|p2|Zamazenta-*, L50|\n|poke|p2|Smeargle, L50, M|\n|poke|p2|Raging Bolt, L50|\n|poke|p2|Rillaboom, L50, F|\n|poke|p2|Tornadus, L50, M|\n|teampreview|4\n|inactive|Battle timer is ON: inactive players will automatically lose when time's up. (requested by Kenobi_1)\n|inactive|VJ2511 also wants the timer to be on.\n|\n|t:|1768411407\n|teamsize|p1|4\n|teamsize|p2|4\n|start\n|switch|p1a: Calyrex|Calyrex-Ice, L50|100/100\n|switch|p1b: Miraidon|Miraidon, L50|100/100\n|switch|p2a: Zamazenta|Zamazenta-Crowned, L50, shiny|100/100\n|switch|p2b: Smeargle|Smeargle, L50, M, shiny|100/100\n|-ability|p1a: Calyrex|As One\n|-ability|p1a: Calyrex|Unnerve\n|-fieldstart|move: Electric Terrain|[from] ability: Hadron Engine|[of] p1b: Miraidon\n|-ability|p2a: Zamazenta|Dauntless Shield|boost\n|-boost|p2a: Zamazenta|def|1\n|turn|1\n|\n|t:|1768411422\n|-terastallize|p1b: Miraidon|Electric\n|move|p2b: Smeargle|Fake Out|p1b: Miraidon\n|-damage|p1b: Miraidon|96/100\n|cant|p1b: Miraidon|flinch\n|move|p2a: Zamazenta|Body Press|p1a: Calyrex\n|-damage|p1a: Calyrex|54/100\n|move|p1a: Calyrex|Glacial Lance|p2b: Smeargle|[spread] p2a,p2b\n|-resisted|p2a: Zamazenta\n|-damage|p2a: Zamazenta|89/100\n|-enditem|p2b: Smeargle|Focus Sash\n|-damage|p2b: Smeargle|1/100\n|\n|-ability|p2b: Smeargle|Moody|boost\n|-boost|p2b: Smeargle|atk|2\n|-unboost|p2b: Smeargle|def|1\n|upkeep\n|turn|2\n|\n|t:|1768411447\n|switch|p1b: Incineroar|Incineroar, L50, F|100/100\n|-ability|p1b: Incineroar|Intimidate|boost\n|-unboost|p2a: Zamazenta|atk|1\n|-unboost|p2b: Smeargle|atk|1\n|move|p2b: Smeargle|Follow Me|p2b: Smeargle\n|-singleturn|p2b: Smeargle|move: Follow Me\n|move|p2a: Zamazenta|Body Press|p1a: Calyrex\n|-damage|p1a: Calyrex|8/100\n|move|p1a: Calyrex|Trick Room|p1a: Calyrex\n|-fieldstart|move: Trick Room|[of] p1a: Calyrex\n|\n|-ability|p2b: Smeargle|Moody|boost\n|-boost|p2b: Smeargle|spe|2\n|-unboost|p2b: Smeargle|spd|1\n|upkeep\n|turn|3\n|\n|t:|1768411462\n|move|p2b: Smeargle|Follow Me|p2b: Smeargle\n|-singleturn|p2b: Smeargle|move: Follow Me\n|move|p1a: Calyrex|Glacial Lance|p2b: Smeargle|[spread] p2a,p2b\n|-resisted|p2a: Zamazenta\n|-damage|p2a: Zamazenta|77/100\n|-damage|p2b: Smeargle|0 fnt\n|faint|p2b: Smeargle\n|-ability|p1a: Calyrex|Chilling Neigh|boost\n|-boost|p1a: Calyrex|atk|1\n|move|p1b: Incineroar|Flare Blitz|p2a: Zamazenta\n|-supereffective|p2a: Zamazenta\n|-damage|p2a: Zamazenta|36/100\n|-damage|p1b: Incineroar|89/100|[from] Recoil\n|move|p2a: Zamazenta|Body Press|p1b: Incineroar\n|-supereffective|p1b: Incineroar\n|-damage|p1b: Incineroar|0 fnt\n|faint|p1b: Incineroar\n|\n|upkeep\n|\n|t:|1768411477\n|switch|p1b: Amoonguss|Amoonguss, L50, F|100/100\n|switch|p2b: Rillaboom|Rillaboom, L50, F, shiny|100/100\n|-fieldstart|move: Grassy Terrain|[from] ability: Grassy Surge|[of] p2b: Rillaboom\n|turn|4\n|inactive|VJ2511 has 30 seconds left.\n|\n|t:|1768411506\n|move|p1b: Amoonguss|Protect|p1b: Amoonguss\n|-singleturn|p1b: Amoonguss|Protect\n|move|p1a: Calyrex|Protect|p1a: Calyrex\n|-singleturn|p1a: Calyrex|Protect\n|move|p2a: Zamazenta|Wide Guard|p2a: Zamazenta\n|-singleturn|p2a: Zamazenta|Wide Guard\n|move|p2b: Rillaboom|Grassy Glide|p1a: Calyrex\n|-activate|p1a: Calyrex|move: Protect\n|\n|-heal|p1a: Calyrex|14/100|[from] Grassy Terrain\n|-heal|p2a: Zamazenta|43/100|[from] Grassy Terrain\n|upkeep\n|turn|5\n|inactive|Kenobi_1 has 30 seconds left.\n|inactive|Kenobi_1 has 20 seconds left.\n|inactive|Kenobi_1 has 15 seconds left.\n|inactive|Kenobi_1 has 10 seconds left.\n|\n|t:|1768411559\n|move|p2a: Zamazenta|Wide Guard|p2a: Zamazenta\n|-singleturn|p2a: Zamazenta|Wide Guard\n|move|p2b: Rillaboom|Grassy Glide|p1a: Calyrex\n|-damage|p1a: Calyrex|0 fnt\n|faint|p1a: Calyrex\n|move|p1b: Amoonguss|Pollen Puff|p1: Calyrex|[notarget]\n|-fail|p1b: Amoonguss\n|\n|-heal|p2a: Zamazenta|49/100|[from] Grassy Terrain\n|upkeep\n|\n|t:|1768411565\n|switch|p1a: Miraidon|Miraidon, L50, tera:Electric|96/100\n|-fieldstart|move: Electric Terrain|[from] ability: Hadron Engine|[of] p1a: Miraidon\n|turn|6\n|\n|t:|1768411585\n|move|p1b: Amoonguss|Rage Powder|p1b: Amoonguss\n|-singleturn|p1b: Amoonguss|move: Rage Powder\n|move|p2b: Rillaboom|U-turn|p1b: Amoonguss\n|-damage|p1b: Amoonguss|84/100\n|-damage|p2b: Rillaboom|84/100|[from] item: Rocky Helmet|[of] p1b: Amoonguss\n|\n|t:|1768411590\n|switch|p2b: Calyrex|Calyrex-Shadow, L50|100/100|[from] U-turn\n|-ability|p2b: Calyrex|As One\n|-ability|p2b: Calyrex|Unnerve\n|move|p2a: Zamazenta|Body Press|p1b: Amoonguss\n|-resisted|p1b: Amoonguss\n|-damage|p1b: Amoonguss|59/100\n|-damage|p2a: Zamazenta|32/100|[from] item: Rocky Helmet|[of] p1b: Amoonguss\n|move|p1a: Miraidon|Electro Drift|p2a: Zamazenta\n|-damage|p2a: Zamazenta|0 fnt\n|faint|p2a: Zamazenta\n|\n|-fieldend|move: Trick Room\n|upkeep\n|\n|t:|1768411601\n|switch|p2a: Rillaboom|Rillaboom, L50, F, shiny|84/100\n|-fieldstart|move: Grassy Terrain|[from] ability: Grassy Surge|[of] p2a: Rillaboom\n|turn|7\n|\n|t:|1768411617\n|move|p1b: Amoonguss|Protect|p1b: Amoonguss\n|-singleturn|p1b: Amoonguss|Protect\n|move|p1a: Miraidon|Electro Drift|p2b: Calyrex\n|-damage|p2b: Calyrex|17/100\n|move|p2b: Calyrex|Astral Barrage|p1b: Amoonguss|[spread] p1a\n|-activate|p1b: Amoonguss|move: Protect\n|-damage|p1a: Miraidon|41/100\n|-damage|p2b: Calyrex|7/100|[from] item: Life Orb\n|move|p2a: Rillaboom|Wood Hammer|p1a: Miraidon\n|-damage|p1a: Miraidon|0 fnt\n|faint|p1a: Miraidon\n|-damage|p2a: Rillaboom|72/100|[from] Recoil\n|\n|-heal|p2b: Calyrex|13/100|[from] Grassy Terrain\n|-heal|p2a: Rillaboom|77/100|[from] Grassy Terrain\n|-heal|p1b: Amoonguss|65/100|[from] Grassy Terrain\n|upkeep\n|turn|8\n|-message|VJ2511 forfeited.\n|\n|win|Kenobi_1\n|l|\u2606VJ2511\n|player|p1|\n","uploadtime":1768411640,"views":12,"formatid":"gen9vgc2026regi","rating":null,"private":0,"password":null}