{"id":"gen9vgc2026regi-2560079560","format":"[Gen 9] VGC 2026 Reg I","players":["navinsachump","B1g b3luga"],"log":"|j|\u2606navinsachump\n|j|\u2606B1g b3luga\n|t:|1773648247\n|gametype|doubles\n|player|p1|navinsachump|102|1473\n|player|p2|B1g b3luga|266|1483\n|gen|9\n|tier|[Gen 9] VGC 2026 Reg I\n|rated|\n|rule|Species Clause: Limit one of each Pok\u00e9mon\n|rule|Item Clause: Limit 1 of each item\n|clearpoke\n|poke|p1|Calyrex-Ice, L50|\n|poke|p1|Miraidon, L50|\n|poke|p1|Incineroar, L50, F|\n|poke|p1|Landorus, L50, M|\n|poke|p1|Whimsicott, L50, M|\n|poke|p1|Urshifu-*, L50, F|\n|poke|p2|Smeargle, L50, F|\n|poke|p2|Zamazenta-*, L50|\n|poke|p2|Farigiraf, L50, M|\n|poke|p2|Kyogre, L50|\n|poke|p2|Rillaboom, L50, M|\n|poke|p2|Urshifu-*, L50, M|\n|teampreview|4\n|inactive|Battle timer is ON: inactive players will automatically lose when time's up. (requested by B1g b3luga)\n|\n|t:|1773648273\n|teamsize|p1|4\n|teamsize|p2|4\n|start\n|switch|p1a: Calyrex|Calyrex-Ice, L50|100/100\n|switch|p1b: Miraidon|Miraidon, L50|100/100\n|switch|p2a: Smeargle|Smeargle, L50, F|100/100\n|switch|p2b: Kyogre|Kyogre, L50|100/100\n|-ability|p1a: Calyrex|As One\n|-ability|p1a: Calyrex|Unnerve\n|-fieldstart|move: Electric Terrain|[from] ability: Hadron Engine|[of] p1b: Miraidon\n|-weather|RainDance|[from] ability: Drizzle|[of] p2b: Kyogre\n|turn|1\n|\n|t:|1773648285\n|move|p1a: Calyrex|Protect|p1a: Calyrex\n|-singleturn|p1a: Calyrex|Protect\n|move|p2a: Smeargle|Fake Out|p1b: Miraidon\n|-damage|p1b: Miraidon|97/100\n|cant|p1b: Miraidon|flinch\n|move|p2b: Kyogre|Water Spout|p1b: Miraidon|[spread] p1b\n|-activate|p1a: Calyrex|move: Protect\n|-resisted|p1b: Miraidon\n|-damage|p1b: Miraidon|47/100\n|\n|-weather|RainDance|[upkeep]\n|-ability|p2a: Smeargle|Moody|boost\n|-boost|p2a: Smeargle|def|2\n|-unboost|p2a: Smeargle|spe|1\n|upkeep\n|turn|2\n|inactive|B1g b3luga has 30 seconds left.\n|\n|t:|1773648320\n|move|p2a: Smeargle|Follow Me|p2a: Smeargle\n|-singleturn|p2a: Smeargle|move: Follow Me\n|move|p1b: Miraidon|Dazzling Gleam|p2a: Smeargle|[spread] p2a,p2b\n|-damage|p2a: Smeargle|36/100\n|-damage|p2b: Kyogre|82/100\n|move|p2b: Kyogre|Water Spout|p1a: Calyrex|[spread] p1a,p1b\n|-resisted|p1b: Miraidon\n|-damage|p1a: Calyrex|25/100\n|-damage|p1b: Miraidon|9/100\n|move|p1a: Calyrex|Leech Seed|p2a: Smeargle\n|-start|p2a: Smeargle|move: Leech Seed\n|\n|-weather|RainDance|[upkeep]\n|-damage|p2a: Smeargle|24/100|[from] Leech Seed|[of] p1a: Calyrex\n|-heal|p1a: Calyrex|34/100|[silent]\n|-ability|p2a: Smeargle|Moody|boost\n|-boost|p2a: Smeargle|atk|2\n|-unboost|p2a: Smeargle|spa|1\n|upkeep\n|turn|3\n|inactive|navinsachump has 30 seconds left.\n|inactive|B1g b3luga has 30 seconds left.\n|inactive|navinsachump has 20 seconds left.\n|\n|t:|1773648355\n|switch|p1b: Incineroar|Incineroar, L50, F|100/100\n|-ability|p1b: Incineroar|Intimidate|boost\n|-unboost|p2a: Smeargle|atk|1\n|-unboost|p2b: Kyogre|atk|1\n|switch|p2a: Rillaboom|Rillaboom, L50, M|100/100\n|-fieldstart|move: Grassy Terrain|[from] ability: Grassy Surge|[of] p2a: Rillaboom\n|-terastallize|p2b: Kyogre|Electric\n|move|p1a: Calyrex|Protect|p1a: Calyrex\n|-singleturn|p1a: Calyrex|Protect\n|move|p2b: Kyogre|Water Spout|p1b: Incineroar|[spread] p1b\n|-activate|p1a: Calyrex|move: Protect\n|-supereffective|p1b: Incineroar\n|-damage|p1b: Incineroar|0 fnt\n|faint|p1b: Incineroar\n|\n|-weather|RainDance|[upkeep]\n|-heal|p2b: Kyogre|88/100|[from] Grassy Terrain\n|-heal|p1a: Calyrex|40/100|[from] Grassy Terrain\n|upkeep\n|\n|t:|1773648369\n|switch|p1b: Miraidon|Miraidon, L50|9/100\n|-fieldstart|move: Electric Terrain|[from] ability: Hadron Engine|[of] p1b: Miraidon\n|turn|4\n|\n|t:|1773648382\n|switch|p1b: Urshifu|Urshifu-Rapid-Strike, L50, F|100/100\n|move|p2a: Rillaboom|Fake Out|p1b: Urshifu\n|-damage|p1b: Urshifu|88/100\n|move|p2b: Kyogre|Water Spout|p1a: Calyrex|[spread] p1a,p1b\n|-resisted|p1b: Urshifu\n|-damage|p1a: Calyrex|0 fnt\n|-damage|p1b: Urshifu|0 fnt\n|faint|p1a: Calyrex\n|faint|p1b: Urshifu\n|\n|-weather|RainDance|[upkeep]\n|upkeep\n|\n|t:|1773648392\n|switch|p1b: Miraidon|Miraidon, L50|9/100\n|-activate|p1b: Miraidon|ability: Hadron Engine\n|turn|5\n|-message|navinsachump forfeited.\n|\n|win|B1g b3luga\n|raw|navinsachump's rating: 1473 &rarr; <strong>1454</strong><br />(-19 for losing)\n|raw|B1g b3luga's rating: 1483 &rarr; <strong>1502</strong><br />(+19 for winning)\n|l|\u2606navinsachump\n|player|p1|\n|l|\u2606B1g b3luga\n|player|p2|\n","uploadtime":1773648558,"views":12,"formatid":"gen9vgc2026regi","rating":1454,"private":0,"password":null}