{"id":"gen9vgc2026regi-2573406107","format":"[Gen 9] VGC 2026 Reg I","players":["Sublamb","4Test4"],"log":"|j|\u2606Sublamb\n|j|\u26064Test4\n|t:|1775133435\n|gametype|doubles\n|player|p1|Sublamb|102|1172\n|player|p2|4Test4|blue|1271\n|gen|9\n|tier|[Gen 9] VGC 2026 Reg I\n|rated|\n|rule|Species Clause: Limit one of each Pok\u00e9mon\n|rule|Item Clause: Limit 1 of each item\n|clearpoke\n|poke|p1|Noctowl, L50, F|\n|poke|p1|Kyogre, L50|\n|poke|p1|Tsareena, L50, F|\n|poke|p1|Raichu, L50, M|\n|poke|p1|Miraidon, L50|\n|poke|p1|Urshifu-*, L50, M|\n|poke|p2|Calyrex-Shadow, L50|\n|poke|p2|Zamazenta-*, L50|\n|poke|p2|Tornadus, L50, M|\n|poke|p2|Urshifu-*, L50, M|\n|poke|p2|Smeargle, L50, F|\n|poke|p2|Incineroar, L50, M|\n|teampreview|4\n|inactive|Battle timer is ON: inactive players will automatically lose when time's up. (requested by Sublamb)\n|\n|t:|1775133454\n|teamsize|p1|4\n|teamsize|p2|4\n|start\n|switch|p1a: Noctowl|Noctowl, L50, F|100/100\n|switch|p1b: Kyogre|Kyogre, L50|100/100\n|switch|p2a: Calyrex|Calyrex-Shadow, L50|100/100\n|switch|p2b: Tornadus|Tornadus, L50, M|100/100\n|-ability|p2a: Calyrex|As One\n|-ability|p2a: Calyrex|Unnerve\n|-weather|RainDance|[from] ability: Drizzle|[of] p1b: Kyogre\n|turn|1\n|\n|t:|1775133478\n|move|p2a: Calyrex|Protect|p2a: Calyrex\n|-singleturn|p2a: Calyrex|Protect\n|move|p1b: Kyogre|Protect|p1b: Kyogre\n|-singleturn|p1b: Kyogre|Protect\n|move|p2b: Tornadus|Tailwind|p2b: Tornadus\n|-sidestart|p2: 4Test4|move: Tailwind\n|move|p1a: Noctowl|Tailwind|p1a: Noctowl\n|-sidestart|p1: Sublamb|move: Tailwind\n|\n|-weather|RainDance|[upkeep]\n|upkeep\n|turn|2\n|inactive|Sublamb has 30 seconds left.\n|\n|t:|1775133508\n|switch|p1b: Tsareena|Tsareena, L50, F|100/100\n|-terastallize|p2a: Calyrex|Ghost\n|move|p2a: Calyrex|Astral Barrage|p1b: Tsareena|[spread] p1b\n|-immune|p1a: Noctowl\n|-damage|p1b: Tsareena|0 fnt\n|faint|p1b: Tsareena\n|-ability|p2a: Calyrex|Grim Neigh|boost\n|-boost|p2a: Calyrex|spa|1\n|-damage|p2a: Calyrex|91/100|[from] item: Life Orb\n|move|p2b: Tornadus|Bleakwind Storm|p1a: Noctowl\n|-damage|p1a: Noctowl|56/100\n|move|p1a: Noctowl|Hypnosis|p2a: Calyrex|[miss]\n|-miss|p1a: Noctowl|p2a: Calyrex\n|\n|-weather|RainDance|[upkeep]\n|upkeep\n|\n|t:|1775133526\n|switch|p1b: Urshifu|Urshifu-Rapid-Strike, L50, M|100/100\n|turn|3\n|\n|t:|1775133547\n|switch|p2a: Zamazenta|Zamazenta-Crowned, L50|100/100\n|-ability|p2a: Zamazenta|Dauntless Shield|boost\n|-boost|p2a: Zamazenta|def|1\n|move|p1b: Urshifu|Surging Strikes|p2a: Zamazenta\n|-crit|p2a: Zamazenta\n|-damage|p2a: Zamazenta|82/100\n|-crit|p2a: Zamazenta\n|-damage|p2a: Zamazenta|63/100\n|-crit|p2a: Zamazenta\n|-damage|p2a: Zamazenta|42/100\n|-hitcount|p2a: Zamazenta|3\n|move|p2b: Tornadus|Bleakwind Storm|p1b: Urshifu|[spread] p1a,p1b\n|-supereffective|p1b: Urshifu\n|-damage|p1a: Noctowl|27/100\n|-damage|p1b: Urshifu|11/100\n|move|p1a: Noctowl|Hypnosis|p2b: Tornadus\n|-status|p2b: Tornadus|slp|[from] move: Hypnosis\n|\n|-weather|RainDance|[upkeep]\n|upkeep\n|turn|4\n|inactive|Sublamb has 30 seconds left.\n|\n|t:|1775133575\n|move|p1b: Urshifu|Surging Strikes|p2a: Zamazenta\n|-crit|p2a: Zamazenta\n|-damage|p2a: Zamazenta|23/100\n|-crit|p2a: Zamazenta\n|-damage|p2a: Zamazenta|3/100\n|-crit|p2a: Zamazenta\n|-damage|p2a: Zamazenta|0 fnt\n|faint|p2a: Zamazenta\n|-hitcount|p2: Zamazenta|3\n|cant|p2b: Tornadus|slp\n|move|p1a: Noctowl|Hypnosis|p2b: Tornadus\n|-fail|p2b: Tornadus|slp\n|\n|-weather|RainDance|[upkeep]\n|-sideend|p2: 4Test4|move: Tailwind\n|-sideend|p1: Sublamb|move: Tailwind\n|upkeep\n|\n|t:|1775133581\n|switch|p2a: Incineroar|Incineroar, L50, M|100/100\n|-ability|p2a: Incineroar|Intimidate|boost\n|-unboost|p1a: Noctowl|atk|1\n|-unboost|p1b: Urshifu|atk|1\n|turn|5\n|\n|t:|1775133596\n|move|p2a: Incineroar|Fake Out|p1a: Noctowl\n|-damage|p1a: Noctowl|13/100\n|move|p1b: Urshifu|Surging Strikes|p2b: Tornadus\n|-crit|p2b: Tornadus\n|-damage|p2b: Tornadus|62/100 slp\n|-crit|p2b: Tornadus\n|-damage|p2b: Tornadus|26/100 slp\n|-crit|p2b: Tornadus\n|-damage|p2b: Tornadus|0 fnt\n|faint|p2b: Tornadus\n|-hitcount|p2: Tornadus|3\n|move|p1a: Noctowl|Tailwind|p1a: Noctowl\n|-sidestart|p1: Sublamb|move: Tailwind\n|\n|-weather|none\n|upkeep\n|\n|t:|1775133604\n|switch|p2b: Calyrex|Calyrex-Shadow, L50, tera:Ghost|91/100\n|-ability|p2b: Calyrex|As One\n|-ability|p2b: Calyrex|Unnerve\n|turn|6\n|\n|t:|1775133617\n|move|p1b: Urshifu|Surging Strikes|p2a: Incineroar\n|-supereffective|p2a: Incineroar\n|-crit|p2a: Incineroar\n|-damage|p2a: Incineroar|70/100\n|-supereffective|p2a: Incineroar\n|-crit|p2a: Incineroar\n|-damage|p2a: Incineroar|37/100\n|-supereffective|p2a: Incineroar\n|-crit|p2a: Incineroar\n|-damage|p2a: Incineroar|0 fnt\n|faint|p2a: Incineroar\n|-hitcount|p2: Incineroar|3\n|move|p1a: Noctowl|Rain Dance|p1a: Noctowl\n|-weather|RainDance\n|move|p2b: Calyrex|Astral Barrage|p1a: Noctowl|[spread] p1b\n|-immune|p1a: Noctowl\n|-damage|p1b: Urshifu|0 fnt\n|faint|p1b: Urshifu\n|-ability|p2b: Calyrex|Grim Neigh|boost\n|-boost|p2b: Calyrex|spa|1\n|-damage|p2b: Calyrex|81/100|[from] item: Life Orb\n|\n|-weather|RainDance|[upkeep]\n|upkeep\n|\n|t:|1775133635\n|switch|p1b: Kyogre|Kyogre, L50|100/100\n|turn|7\n|-message|4Test4 forfeited.\n|\n|win|Sublamb\n|raw|Sublamb's rating: 1172 &rarr; <strong>1204</strong><br />(+32 for winning)\n|raw|4Test4's rating: 1271 &rarr; <strong>1239</strong><br />(-32 for losing)\n|l|\u26064Test4\n|player|p2|\n|l|\u2606Sublamb\n|player|p1|\n","uploadtime":1775133786,"views":10,"formatid":"gen9vgc2026regi","rating":1204,"private":0,"password":null}