{"id":"gen9vgc2026regi-2548908579","format":"[Gen 9] VGC 2026 Reg I","players":["EllenJoe2026","meh is good"],"log":"|j|\u2606EllenJoe2026\n|j|\u2606meh is good\n|t:|1772281232\n|gametype|doubles\n|player|p1|EllenJoe2026|iono|1509\n|player|p2|meh is good|flannery|1455\n|gen|9\n|tier|[Gen 9] VGC 2026 Reg I\n|rated|\n|rule|Species Clause: Limit one of each Pok\u00e9mon\n|rule|Item Clause: Limit 1 of each item\n|clearpoke\n|poke|p1|Calyrex-Shadow, L50|\n|poke|p1|Zamazenta-*, L50|\n|poke|p1|Incineroar, L50, F|\n|poke|p1|Rillaboom, L50, F|\n|poke|p1|Ogerpon-Cornerstone, L50, F|\n|poke|p1|Tornadus, L50, M|\n|poke|p2|Miraidon, L50|\n|poke|p2|Lunala, L50|\n|poke|p2|Ursaluna, L50, M|\n|poke|p2|Volcarona, L50, F|\n|poke|p2|Urshifu-*, L50, M|\n|poke|p2|Incineroar, L50, F|\n|teampreview|4\n|inactive|Battle timer is ON: inactive players will automatically lose when time's up. (requested by meh is good)\n|inactive|EllenJoe2026 also wants the timer to be on.\n|\n|t:|1772281251\n|teamsize|p1|4\n|teamsize|p2|4\n|start\n|switch|p1a: Rillaboom|Rillaboom, L50, F, shiny|100/100\n|switch|p1b: Ogerpon|Ogerpon-Cornerstone, L50, F|100/100\n|switch|p2a: Lunala|Lunala, L50, shiny|100/100\n|switch|p2b: Incineroar|Incineroar, L50, F|100/100\n|-fieldstart|move: Grassy Terrain|[from] ability: Grassy Surge|[of] p1a: Rillaboom\n|-ability|p2b: Incineroar|Intimidate|boost\n|-unboost|p1a: Rillaboom|atk|1\n|-unboost|p1b: Ogerpon|atk|1\n|turn|1\n|\n|t:|1772281260\n|move|p1a: Rillaboom|Fake Out|p2b: Incineroar\n|-damage|p2b: Incineroar|93/100\n|move|p2b: Incineroar|Fake Out|p1b: Ogerpon\n|-resisted|p1b: Ogerpon\n|-damage|p1b: Ogerpon|93/100\n|cant|p1b: Ogerpon|flinch\n|move|p2a: Lunala|Trick Room|p2a: Lunala\n|-fieldstart|move: Trick Room|[of] p2a: Lunala\n|\n|-heal|p2b: Incineroar|99/100|[from] Grassy Terrain\n|-heal|p1b: Ogerpon|99/100|[from] Grassy Terrain\n|upkeep\n|turn|2\n|\n|t:|1772281283\n|move|p1b: Ogerpon|Spiky Shield|p1b: Ogerpon\n|-singleturn|p1b: Ogerpon|move: Protect\n|move|p2b: Incineroar|Parting Shot|p1b: Ogerpon\n|-activate|p1b: Ogerpon|move: Protect\n|move|p1a: Rillaboom|U-turn|p2a: Lunala\n|-damage|p2a: Lunala|94/100\n|\n|t:|1772281298\n|switch|p1a: Zamazenta|Zamazenta-Crowned, L50, shiny|100/100|[from] U-turn\n|-ability|p1a: Zamazenta|Dauntless Shield|boost\n|-boost|p1a: Zamazenta|def|1\n|move|p2a: Lunala|Moonblast|p1a: Zamazenta\n|-damage|p1a: Zamazenta|77/100\n|\n|-heal|p2b: Incineroar|100/100|[from] Grassy Terrain\n|-heal|p2a: Lunala|100/100|[from] Grassy Terrain\n|-heal|p1a: Zamazenta|83/100|[from] Grassy Terrain\n|-heal|p1b: Ogerpon|100/100|[from] Grassy Terrain\n|upkeep\n|turn|3\n|inactive|meh is good has 30 seconds left.\n|\n|t:|1772281325\n|move|p2b: Incineroar|Flare Blitz|p1b: Ogerpon\n|-damage|p1b: Ogerpon|35/100\n|-status|p1b: Ogerpon|brn\n|-damage|p2b: Incineroar|84/100|[from] Recoil\n|move|p2a: Lunala|Moongeist Beam|p1b: Ogerpon\n|-damage|p1b: Ogerpon|0 fnt\n|faint|p1b: Ogerpon\n|move|p1a: Zamazenta|Body Press|p2b: Incineroar\n|-supereffective|p2b: Incineroar\n|-damage|p2b: Incineroar|0 fnt\n|faint|p2b: Incineroar\n|\n|-heal|p1a: Zamazenta|89/100|[from] Grassy Terrain\n|upkeep\n|inactive|EllenJoe2026 has 30 seconds left.\n|\n|t:|1772281351\n|switch|p2b: Ursaluna|Ursaluna, L50, M|100/100\n|switch|p1b: Rillaboom|Rillaboom, L50, F, shiny|100/100\n|turn|4\n|\n|t:|1772281375\n|move|p2b: Ursaluna|Protect|p2b: Ursaluna\n|-singleturn|p2b: Ursaluna|Protect\n|move|p1b: Rillaboom|Wood Hammer|p2a: Lunala\n|-damage|p2a: Lunala|70/100\n|-damage|p1b: Rillaboom|89/100|[from] Recoil\n|move|p2a: Lunala|Moongeist Beam|p1a: Zamazenta\n|-damage|p1a: Zamazenta|52/100\n|move|p1a: Zamazenta|Heavy Slam|p2a: Lunala\n|-damage|p2a: Lunala|35/100\n|\n|-heal|p1b: Rillaboom|95/100|[from] Grassy Terrain\n|-heal|p2a: Lunala|41/100|[from] Grassy Terrain\n|-heal|p1a: Zamazenta|58/100|[from] Grassy Terrain\n|-status|p2b: Ursaluna|brn|[from] item: Flame Orb\n|upkeep\n|turn|5\n|inactive|meh is good has 30 seconds left.\n|inactive|meh is good has 20 seconds left.\n|\n|t:|1772281412\n|switch|p2a: Miraidon|Miraidon, L50|100/100\n|-fieldstart|move: Electric Terrain|[from] ability: Hadron Engine|[of] p2a: Miraidon\n|-terastallize|p1a: Zamazenta|Grass\n|move|p2b: Ursaluna|Headlong Rush|p1a: Zamazenta\n|-resisted|p1a: Zamazenta\n|-damage|p1a: Zamazenta|41/100\n|-unboost|p2b: Ursaluna|def|1\n|-unboost|p2b: Ursaluna|spd|1\n|move|p1b: Rillaboom|Wood Hammer|p2a: Miraidon\n|-resisted|p2a: Miraidon\n|-damage|p2a: Miraidon|73/100\n|-damage|p1b: Rillaboom|86/100|[from] Recoil\n|move|p1a: Zamazenta|Body Press|p2b: Ursaluna\n|-supereffective|p2b: Ursaluna\n|-damage|p2b: Ursaluna|0 fnt\n|faint|p2b: Ursaluna\n|\n|-fieldend|move: Trick Room\n|upkeep\n|\n|t:|1772281429\n|switch|p2b: Lunala|Lunala, L50, shiny|41/100\n|-enditem|p2b: Lunala|Electric Seed\n|-boost|p2b: Lunala|def|1|[from] item: Electric Seed\n|turn|6\n|\n|t:|1772281453\n|move|p1a: Zamazenta|Protect|p1a: Zamazenta\n|-singleturn|p1a: Zamazenta|Protect\n|move|p2a: Miraidon|Draco Meteor|p1a: Zamazenta\n|-activate|p1a: Zamazenta|move: Protect\n|move|p2b: Lunala|Moongeist Beam|p1b: Rillaboom\n|-damage|p1b: Rillaboom|52/100\n|move|p1b: Rillaboom|U-turn|p2a: Miraidon\n|-damage|p2a: Miraidon|54/100\n|\n|t:|1772281465\n|switch|p1b: Calyrex|Calyrex-Shadow, L50|100/100|[from] U-turn\n|-ability|p1b: Calyrex|As One\n|-ability|p1b: Calyrex|Unnerve\n|\n|upkeep\n|turn|7\n|\n|t:|1772281477\n|switch|p1b: Rillaboom|Rillaboom, L50, F, shiny|52/100\n|-fieldstart|move: Grassy Terrain|[from] ability: Grassy Surge|[of] p1b: Rillaboom\n|move|p2b: Lunala|Wide Guard|p2b: Lunala\n|-singleturn|p2b: Lunala|Wide Guard\n|move|p2a: Miraidon|Draco Meteor|p1a: Zamazenta|[miss]\n|-miss|p2a: Miraidon|p1a: Zamazenta\n|move|p1a: Zamazenta|Body Press|p2a: Miraidon\n|-damage|p2a: Miraidon|0 fnt\n|faint|p2a: Miraidon\n|\n|-heal|p1a: Zamazenta|47/100|[from] Grassy Terrain\n|-heal|p2b: Lunala|47/100|[from] Grassy Terrain\n|-heal|p1b: Rillaboom|58/100|[from] Grassy Terrain\n|upkeep\n|turn|8\n|-message|meh is good forfeited.\n|\n|win|EllenJoe2026\n|raw|EllenJoe2026's rating: 1509 &rarr; <strong>1526</strong><br />(+17 for winning)\n|raw|meh is good's rating: 1455 &rarr; <strong>1438</strong><br />(-17 for losing)\n|l|\u2606meh is good\n|player|p2|\n|l|\u2606EllenJoe2026\n|player|p1|\n","uploadtime":1772281706,"views":15,"formatid":"gen9vgc2026regi","rating":1438,"private":0,"password":null}