{"id":"gen9vgc2026regi-2590751719","format":"[Gen 9] VGC 2026 Reg I","players":["Neighborhood Oaf","bigmankucci"],"log":"|j|\u2606Neighborhood Oaf\n|j|\u2606bigmankucci\n|t:|1776843113\n|gametype|doubles\n|player|p1|Neighborhood Oaf|1|1270\n|player|p2|bigmankucci|101|1221\n|gen|9\n|tier|[Gen 9] VGC 2026 Reg I\n|rated|\n|rule|Species Clause: Limit one of each Pok\u00e9mon\n|rule|Item Clause: Limit 1 of each item\n|clearpoke\n|poke|p1|Calyrex-Shadow, L50|\n|poke|p1|Zamazenta-*, L50|\n|poke|p1|Maushold, L50|\n|poke|p1|Whimsicott, L50, F|\n|poke|p1|Ursaluna-Bloodmoon, L50, M|\n|poke|p1|Roaring Moon, L50|\n|poke|p2|Miraidon, L50|\n|poke|p2|Iron Hands, L50|\n|poke|p2|Lunala, L50|\n|poke|p2|Iron Bundle, L50|\n|poke|p2|Incineroar, L50, M|\n|poke|p2|Amoonguss, L50, F|\n|teampreview|4\n|inactive|Battle timer is ON: inactive players will automatically lose when time's up. (requested by Neighborhood Oaf)\n|inactive|Neighborhood Oaf has 60 seconds left.\n|inactive|bigmankucci has 60 seconds left.\n|inactive|Neighborhood Oaf has 30 seconds left.\n|inactive|Neighborhood Oaf has 20 seconds left.\n|\n|t:|1776843186\n|teamsize|p1|4\n|teamsize|p2|4\n|start\n|switch|p1a: Maushold|Maushold, L50|100/100\n|switch|p1b: Roaring Moon|Roaring Moon, L50|100/100\n|switch|p2a: Iron Bundle|Iron Bundle, L50|100/100\n|switch|p2b: Incineroar|Incineroar, L50, M|100/100\n|-ability|p2b: Incineroar|Intimidate|boost\n|-unboost|p1a: Maushold|atk|1\n|-unboost|p1b: Roaring Moon|atk|1\n|-enditem|p2a: Iron Bundle|Booster Energy\n|-activate|p2a: Iron Bundle|ability: Quark Drive|[fromitem]\n|-start|p2a: Iron Bundle|quarkdrivespe\n|-enditem|p1b: Roaring Moon|Booster Energy\n|-activate|p1b: Roaring Moon|ability: Protosynthesis|[fromitem]\n|-start|p1b: Roaring Moon|protosynthesisspe\n|turn|1\n|inactive|Neighborhood Oaf has 30 seconds left.\n|\n|t:|1776843219\n|move|p1b: Roaring Moon|Protect|p1b: Roaring Moon\n|-singleturn|p1b: Roaring Moon|Protect\n|move|p2b: Incineroar|Fake Out|p1a: Maushold\n|-damage|p1a: Maushold|90/100\n|move|p2a: Iron Bundle|Icy Wind|p1a: Maushold|[spread] p1a\n|-activate|p1b: Roaring Moon|move: Protect\n|-damage|p1a: Maushold|62/100\n|-unboost|p1a: Maushold|spe|1\n|cant|p1a: Maushold|flinch\n|\n|upkeep\n|turn|2\n|inactive|Neighborhood Oaf has 30 seconds left.\n|inactive|Neighborhood Oaf has 20 seconds left.\n|\n|t:|1776843255\n|move|p2a: Iron Bundle|Freeze-Dry|p1b: Roaring Moon\n|-supereffective|p1b: Roaring Moon\n|-damage|p1b: Roaring Moon|50/100\n|move|p1b: Roaring Moon|Tailwind|p1b: Roaring Moon\n|-sidestart|p1: Neighborhood Oaf|move: Tailwind\n|move|p1a: Maushold|Super Fang|p2b: Incineroar\n|-damage|p2b: Incineroar|51/100\n|move|p2b: Incineroar|Flare Blitz|p1a: Maushold\n|-damage|p1a: Maushold|21/100\n|-damage|p2b: Incineroar|39/100|[from] Recoil\n|-enditem|p2b: Incineroar|Sitrus Berry|[eat]\n|-heal|p2b: Incineroar|64/100|[from] item: Sitrus Berry\n|\n|upkeep\n|turn|3\n|\n|t:|1776843280\n|move|p1a: Maushold|Follow Me|p1a: Maushold\n|-singleturn|p1a: Maushold|move: Follow Me\n|move|p1b: Roaring Moon|Knock Off|p2a: Iron Bundle\n|-damage|p2a: Iron Bundle|77/100\n|move|p2a: Iron Bundle|Icy Wind|p1a: Maushold|[spread] p1a,p1b\n|-supereffective|p1b: Roaring Moon\n|-damage|p1a: Maushold|0 fnt\n|-damage|p1b: Roaring Moon|19/100\n|-unboost|p1b: Roaring Moon|spe|1\n|faint|p1a: Maushold\n|move|p2b: Incineroar|Parting Shot|p1b: Roaring Moon\n|-unboost|p1b: Roaring Moon|atk|1\n|-unboost|p1b: Roaring Moon|spa|1\n|\n|t:|1776843292\n|switch|p2b: Miraidon|Miraidon, L50|100/100|[from] Parting Shot\n|-fieldstart|move: Electric Terrain|[from] ability: Hadron Engine|[of] p2b: Miraidon\n|\n|upkeep\n|\n|t:|1776843298\n|switch|p1a: Calyrex|Calyrex-Shadow, L50|100/100\n|-ability|p1a: Calyrex|As One\n|-ability|p1a: Calyrex|Unnerve\n|turn|4\n|inactive|bigmankucci has 30 seconds left.\n|inactive|bigmankucci has 20 seconds left.\n|\n|t:|1776843333\n|move|p2a: Iron Bundle|Protect|p2a: Iron Bundle\n|-singleturn|p2a: Iron Bundle|Protect\n|move|p1a: Calyrex|Astral Barrage|p2b: Miraidon|[spread] p2b\n|-activate|p2a: Iron Bundle|move: Protect\n|-damage|p2b: Miraidon|19/100\n|move|p1b: Roaring Moon|Breaking Swipe|p2b: Miraidon|[spread] p2b\n|-activate|p2a: Iron Bundle|move: Protect\n|-supereffective|p2b: Miraidon\n|-damage|p2b: Miraidon|0 fnt\n|faint|p2b: Miraidon\n|\n|upkeep\n|\n|t:|1776843345\n|switch|p2b: Incineroar|Incineroar, L50, M|64/100\n|-ability|p2b: Incineroar|Intimidate|boost\n|-unboost|p1a: Calyrex|atk|1\n|-unboost|p1b: Roaring Moon|atk|1\n|turn|5\n|\n|t:|1776843367\n|move|p1a: Calyrex|Astral Barrage|p2b: Incineroar|[spread] p2a,p2b\n|-resisted|p2b: Incineroar\n|-damage|p2a: Iron Bundle|0 fnt\n|-damage|p2b: Incineroar|25/100\n|faint|p2a: Iron Bundle\n|-end|p2a: Iron Bundle|Quark Drive|[silent]\n|-ability|p1a: Calyrex|Grim Neigh|boost\n|-boost|p1a: Calyrex|spa|1\n|move|p1b: Roaring Moon|Knock Off|p2b: Incineroar\n|-resisted|p2b: Incineroar\n|-damage|p2b: Incineroar|20/100\n|move|p2b: Incineroar|Knock Off|p1a: Calyrex\n|-supereffective|p1a: Calyrex\n|-damage|p1a: Calyrex|0 fnt\n|-enditem|p1a: Calyrex|Choice Specs|[from] move: Knock Off|[of] p2b: Incineroar\n|faint|p1a: Calyrex\n|\n|-sideend|p1: Neighborhood Oaf|move: Tailwind\n|upkeep\n|\n|t:|1776843382\n|switch|p2a: Lunala|Lunala, L50|100/100\n|switch|p1a: Zamazenta|Zamazenta-Crowned, L50, shiny|100/100\n|-ability|p1a: Zamazenta|Dauntless Shield|boost\n|-boost|p1a: Zamazenta|def|1\n|-enditem|p2a: Lunala|Electric Seed\n|-boost|p2a: Lunala|def|1|[from] item: Electric Seed\n|turn|6\n|\n|t:|1776843399\n|move|p1a: Zamazenta|Imprison|p1a: Zamazenta\n|-start|p1a: Zamazenta|move: Imprison\n|move|p1b: Roaring Moon|Knock Off|p2a: Lunala\n|-supereffective|p2a: Lunala\n|-damage|p2a: Lunala|87/100\n|move|p2a: Lunala|Dazzling Gleam|p1b: Roaring Moon|[spread] p1a,p1b\n|-supereffective|p1b: Roaring Moon\n|-damage|p1a: Zamazenta|83/100\n|-damage|p1b: Roaring Moon|0 fnt\n|faint|p1b: Roaring Moon\n|-end|p1b: Roaring Moon|Protosynthesis|[silent]\n|move|p2b: Incineroar|Parting Shot|p1a: Zamazenta\n|-unboost|p1a: Zamazenta|atk|1\n|-unboost|p1a: Zamazenta|spa|1\n|\n|upkeep\n|turn|7\n|inactive|bigmankucci has 30 seconds left.\n|\n|t:|1776843428\n|move|p1a: Zamazenta|Heavy Slam|p2a: Lunala\n|-crit|p2a: Lunala\n|-damage|p2a: Lunala|31/100\n|move|p2a: Lunala|Moongeist Beam|p1a: Zamazenta\n|-damage|p1a: Zamazenta|43/100\n|move|p2b: Incineroar|Parting Shot|p1a: Zamazenta\n|-unboost|p1a: Zamazenta|atk|1\n|-unboost|p1a: Zamazenta|spa|1\n|\n|-fieldend|move: Electric Terrain\n|upkeep\n|turn|8\n|\n|t:|1776843451\n|move|p1a: Zamazenta|Heavy Slam|p2a: Lunala\n|-damage|p2a: Lunala|19/100\n|move|p2a: Lunala|Moongeist Beam|p1a: Zamazenta\n|-damage|p1a: Zamazenta|4/100\n|move|p2b: Incineroar|Flare Blitz|p1a: Zamazenta\n|-supereffective|p1a: Zamazenta\n|-damage|p1a: Zamazenta|0 fnt\n|faint|p1a: Zamazenta\n|-damage|p2b: Incineroar|19/100|[from] Recoil\n|\n|win|bigmankucci\n|raw|Neighborhood Oaf's rating: 1270 &rarr; <strong>1241</strong><br />(-29 for losing)\n|raw|bigmankucci's rating: 1221 &rarr; <strong>1250</strong><br />(+29 for winning)\n|l|\u2606Neighborhood Oaf\n|player|p1|\n|l|\u2606bigmankucci\n|player|p2|\n","uploadtime":1776843692,"views":10,"formatid":"gen9vgc2026regi","rating":1241,"private":0,"password":null}