{"id":"gen9vgc2026regi-2559692942","format":"[Gen 9] VGC 2026 Reg I","players":["bullgod4ever","curfy27"],"log":"|j|\u2606bullgod4ever\n|j|\u2606curfy27\n|t:|1773600347\n|gametype|doubles\n|player|p1|bullgod4ever|170|1566\n|player|p2|curfy27|1|1465\n|gen|9\n|tier|[Gen 9] VGC 2026 Reg I\n|rated|\n|rule|Species Clause: Limit one of each Pok\u00e9mon\n|rule|Item Clause: Limit 1 of each item\n|clearpoke\n|poke|p1|Calyrex-Ice, L50|\n|poke|p1|Miraidon, L50|\n|poke|p1|Urshifu-*, L50, F|\n|poke|p1|Incineroar, L50, M|\n|poke|p1|Landorus, L50, M|\n|poke|p1|Whimsicott, L50, F|\n|poke|p2|Zacian-*, L50|\n|poke|p2|Lunala, L50|\n|poke|p2|Umbreon, L50, F|\n|poke|p2|Urshifu-*, L50, F|\n|poke|p2|Rillaboom, L50, F|\n|poke|p2|Thundurus, L50, M|\n|teampreview|4\n|inactive|Battle timer is ON: inactive players will automatically lose when time's up. (requested by curfy27)\n|inactive|bullgod4ever has 60 seconds left.\n|\n|t:|1773600396\n|teamsize|p1|4\n|teamsize|p2|4\n|start\n|switch|p1a: Calyrex|Calyrex-Ice, L50|100/100\n|switch|p1b: Whimsicott|Whimsicott, L50, F|100/100\n|switch|p2a: Umbreon|Umbreon, L50, F, shiny|100/100\n|switch|p2b: Lunala|Lunala, L50|100/100\n|-ability|p1a: Calyrex|As One\n|-ability|p1a: Calyrex|Unnerve\n|turn|1\n|\n|t:|1773600421\n|move|p1b: Whimsicott|Light Screen|p1b: Whimsicott\n|-sidestart|p1: bullgod4ever|move: Light Screen\n|move|p2b: Lunala|Moongeist Beam|p1a: Calyrex\n|-supereffective|p1a: Calyrex\n|-damage|p1a: Calyrex|56/100\n|move|p2a: Umbreon|Foul Play|p1a: Calyrex\n|-supereffective|p1a: Calyrex\n|-damage|p1a: Calyrex|0 fnt\n|faint|p1a: Calyrex\n|\n|upkeep\n|\n|t:|1773600433\n|switch|p1a: Miraidon|Miraidon, L50|100/100\n|-fieldstart|move: Electric Terrain|[from] ability: Hadron Engine|[of] p1a: Miraidon\n|turn|2\n|inactive|curfy27 has 30 seconds left.\n|\n|t:|1773600458\n|switch|p2a: Rillaboom|Rillaboom, L50, F|100/100\n|-fieldstart|move: Grassy Terrain|[from] ability: Grassy Surge|[of] p2a: Rillaboom\n|-terastallize|p1a: Miraidon|Fairy\n|move|p1b: Whimsicott|Endeavor|p2b: Lunala\n|-immune|p2b: Lunala\n|move|p1a: Miraidon|Electro Drift|p2a: Rillaboom\n|-resisted|p2a: Rillaboom\n|-damage|p2a: Rillaboom|71/100\n|move|p2b: Lunala|Moongeist Beam|p1a: Miraidon\n|-damage|p1a: Miraidon|73/100\n|\n|-heal|p1a: Miraidon|79/100|[from] Grassy Terrain\n|-heal|p2a: Rillaboom|78/100|[from] Grassy Terrain\n|upkeep\n|turn|3\n|inactive|bullgod4ever has 30 seconds left.\n|inactive|curfy27 has 30 seconds left.\n|\n|t:|1773600492\n|switch|p1a: Landorus|Landorus, L50, M|100/100\n|move|p2a: Rillaboom|Fake Out|p1a: Landorus\n|-damage|p1a: Landorus|89/100\n|move|p1b: Whimsicott|Moonblast|p2b: Lunala\n|-damage|p2b: Lunala|91/100\n|move|p2b: Lunala|Meteor Beam||[still]\n|-prepare|p2b: Lunala|Meteor Beam\n|-boost|p2b: Lunala|spa|1\n|-enditem|p2b: Lunala|Power Herb\n|-anim|p2b: Lunala|Meteor Beam|p1a: Landorus\n|-damage|p1a: Landorus|43/100\n|\n|-heal|p2a: Rillaboom|84/100|[from] Grassy Terrain\n|-heal|p2b: Lunala|97/100|[from] Grassy Terrain\n|upkeep\n|turn|4\n|inactive|bullgod4ever has 30 seconds left.\n|\n|t:|1773600520\n|switch|p2a: Umbreon|Umbreon, L50, F, shiny|100/100\n|move|p1b: Whimsicott|Moonblast|p2b: Lunala\n|-damage|p2b: Lunala|79/100\n|move|p2b: Lunala|Moongeist Beam|p1a: Landorus\n|-damage|p1a: Landorus|0 fnt\n|faint|p1a: Landorus\n|\n|-heal|p2b: Lunala|85/100|[from] Grassy Terrain\n|upkeep\n|\n|t:|1773600533\n|switch|p1a: Miraidon|Miraidon, L50, tera:Fairy|79/100\n|-fieldstart|move: Electric Terrain|[from] ability: Hadron Engine|[of] p1a: Miraidon\n|turn|5\n|\n|t:|1773600551\n|switch|p2a: Rillaboom|Rillaboom, L50, F|84/100\n|-fieldstart|move: Grassy Terrain|[from] ability: Grassy Surge|[of] p2a: Rillaboom\n|move|p1b: Whimsicott|Moonblast|p2b: Lunala\n|-damage|p2b: Lunala|65/100\n|-unboost|p2b: Lunala|spa|1\n|move|p1a: Miraidon|Electro Drift|p2b: Lunala\n|-damage|p2b: Lunala|9/100\n|move|p2b: Lunala|Moongeist Beam|p1b: Whimsicott\n|-damage|p1b: Whimsicott|45/100\n|\n|-heal|p1b: Whimsicott|51/100|[from] Grassy Terrain\n|-heal|p1a: Miraidon|84/100|[from] Grassy Terrain\n|-heal|p2a: Rillaboom|90/100|[from] Grassy Terrain\n|-heal|p2b: Lunala|15/100|[from] Grassy Terrain\n|-sideend|p1: bullgod4ever|move: Light Screen\n|upkeep\n|turn|6\n|\n|t:|1773600574\n|move|p2a: Rillaboom|Fake Out|p1a: Miraidon\n|-damage|p1a: Miraidon|74/100\n|move|p1b: Whimsicott|Endeavor|p2a: Rillaboom\n|-damage|p2a: Rillaboom|36/100\n|cant|p1a: Miraidon|flinch\n|move|p2b: Lunala|Moongeist Beam|p1b: Whimsicott\n|-damage|p1b: Whimsicott|0 fnt\n|faint|p1b: Whimsicott\n|\n|-heal|p1a: Miraidon|80/100|[from] Grassy Terrain\n|-heal|p2a: Rillaboom|42/100|[from] Grassy Terrain\n|-heal|p2b: Lunala|22/100|[from] Grassy Terrain\n|upkeep\n|turn|7\n|\n|t:|1773600592\n|move|p1a: Miraidon|Electro Drift|p2b: Lunala\n|-damage|p2b: Lunala|0 fnt\n|faint|p2b: Lunala\n|move|p2a: Rillaboom|U-turn|p1a: Miraidon\n|-resisted|p1a: Miraidon\n|-damage|p1a: Miraidon|71/100\n|\n|t:|1773600599\n|switch|p2a: Zacian|Zacian-Crowned, L50|100/100|[from] U-turn\n|-ability|p2a: Zacian|Intrepid Sword|boost\n|-boost|p2a: Zacian|atk|1\n|\n|-heal|p1a: Miraidon|77/100|[from] Grassy Terrain\n|upkeep\n|\n|t:|1773600606\n|switch|p2b: Rillaboom|Rillaboom, L50, F|42/100\n|turn|8\n|\n|t:|1773600613\n|move|p2b: Rillaboom|Fake Out|p1a: Miraidon\n|-damage|p1a: Miraidon|67/100\n|move|p2a: Zacian|Behemoth Blade|p1a: Miraidon\n|-supereffective|p1a: Miraidon\n|-damage|p1a: Miraidon|0 fnt\n|faint|p1a: Miraidon\n|\n|win|curfy27\n|raw|bullgod4ever's rating: 1566 &rarr; <strong>1540</strong><br />(-26 for losing)\n|raw|curfy27's rating: 1465 &rarr; <strong>1491</strong><br />(+26 for winning)\n|l|\u2606bullgod4ever\n|player|p1|\n|l|\u2606curfy27\n|player|p2|\n","uploadtime":1773600758,"views":13,"formatid":"gen9vgc2026regi","rating":1491,"private":0,"password":null}