{"id":"gen9vgc2026regi-2513055920","format":"[Gen 9] VGC 2026 Reg I","players":["fogdocker","bigxxxl"],"log":"|j|\u2606fogdocker\n|j|\u2606bigxxxl\n|t:|1767685046\n|gametype|doubles\n|player|p1|fogdocker|1|1071\n|player|p2|bigxxxl|ethan|1009\n|gen|9\n|tier|[Gen 9] VGC 2026 Reg I\n|rated|\n|rule|Species Clause: Limit one of each Pok\u00e9mon\n|rule|Item Clause: Limit 1 of each item\n|clearpoke\n|poke|p1|Calyrex-Ice, L50|\n|poke|p1|Koraidon, L50|\n|poke|p1|Incineroar, L50, F|\n|poke|p1|Flutter Mane, L50|\n|poke|p1|Amoonguss, L50, M|\n|poke|p1|Gothitelle, L50, M|\n|poke|p2|Archaludon, L50, F|\n|poke|p2|Kyogre, L50|\n|poke|p2|Calyrex-Ice, L50|\n|poke|p2|Annihilape, L50, M|\n|poke|p2|Grimmsnarl, L50, M|\n|poke|p2|Incineroar, L50, M|\n|teampreview|4\n|\n|t:|1767685083\n|teamsize|p1|4\n|teamsize|p2|4\n|start\n|switch|p1a: Flutter Mane|Flutter Mane, L50|100/100\n|switch|p1b: Calyrex|Calyrex-Ice, L50|100/100\n|switch|p2a: Grimmsnarl|Grimmsnarl, L50, M, shiny|100/100\n|switch|p2b: Annihilape|Annihilape, L50, M, shiny|100/100\n|-ability|p1b: Calyrex|As One\n|-ability|p1b: Calyrex|Unnerve\n|turn|1\n|\n|t:|1767685126\n|-terastallize|p2b: Annihilape|Poison\n|move|p1b: Calyrex|Protect|p1b: Calyrex\n|-singleturn|p1b: Calyrex|Protect\n|move|p2a: Grimmsnarl|Reflect|p2a: Grimmsnarl\n|-sidestart|p2: bigxxxl|Reflect\n|move|p1a: Flutter Mane|Moonblast|p2b: Annihilape\n|-resisted|p2b: Annihilape\n|-damage|p2b: Annihilape|77/100\n|move|p2b: Annihilape|Rage Fist|p1a: Flutter Mane\n|-supereffective|p1a: Flutter Mane\n|-enditem|p1a: Flutter Mane|Focus Sash\n|-damage|p1a: Flutter Mane|1/100\n|\n|upkeep\n|turn|2\n|\n|t:|1767685160\n|-end|p1a: Flutter Mane|Protosynthesis|[silent]\n|switch|p1a: Amoonguss|Amoonguss, L50, M|100/100\n|-terastallize|p1b: Calyrex|Water\n|move|p2b: Annihilape|Rage Fist|p1b: Calyrex\n|-damage|p1b: Calyrex|76/100\n|move|p2a: Grimmsnarl|Spirit Break|p1a: Amoonguss\n|-resisted|p1a: Amoonguss\n|-damage|p1a: Amoonguss|89/100\n|-unboost|p1a: Amoonguss|spa|1\n|-enditem|p1a: Amoonguss|Eject Button\n|\n|t:|1767685169\n|switch|p1a: Flutter Mane|Flutter Mane, L50|1/100\n|move|p1b: Calyrex|Leech Seed|p2b: Annihilape\n|-start|p2b: Annihilape|move: Leech Seed\n|\n|-heal|p1b: Calyrex|82/100|[from] item: Leftovers\n|-damage|p2b: Annihilape|65/100|[from] Leech Seed|[of] p1b: Calyrex\n|-heal|p1b: Calyrex|94/100|[silent]\n|upkeep\n|turn|3\n|\n|t:|1767685186\n|-end|p1a: Flutter Mane|Protosynthesis|[silent]\n|switch|p1a: Amoonguss|Amoonguss, L50, M|100/100\n|switch|p2b: Kyogre|Kyogre, L50|100/100\n|-weather|RainDance|[from] ability: Drizzle|[of] p2b: Kyogre\n|move|p2a: Grimmsnarl|Light Screen|p2a: Grimmsnarl\n|-sidestart|p2: bigxxxl|move: Light Screen\n|move|p1b: Calyrex|Trick Room|p1b: Calyrex\n|-fieldstart|move: Trick Room|[of] p1b: Calyrex\n|\n|-weather|RainDance|[upkeep]\n|-heal|p1b: Calyrex|99/100|[from] item: Leftovers\n|upkeep\n|turn|4\n|\n|t:|1767685213\n|move|p2b: Kyogre|Protect|p2b: Kyogre\n|-singleturn|p2b: Kyogre|Protect\n|move|p2a: Grimmsnarl|Bulk Up|p2a: Grimmsnarl\n|-boost|p2a: Grimmsnarl|atk|1\n|-boost|p2a: Grimmsnarl|def|1\n|move|p1a: Amoonguss|Spore|p2b: Kyogre\n|-activate|p2b: Kyogre|move: Protect\n|move|p1b: Calyrex|Leech Seed|p2a: Grimmsnarl\n|-start|p2a: Grimmsnarl|move: Leech Seed\n|\n|-weather|RainDance|[upkeep]\n|-heal|p1b: Calyrex|100/100|[from] item: Leftovers\n|-damage|p2a: Grimmsnarl|88/100|[from] Leech Seed|[of] p1b: Calyrex\n|upkeep\n|turn|5\n|\n|t:|1767685240\n|move|p1a: Amoonguss|Spore|p2b: Kyogre\n|-status|p2b: Kyogre|slp|[from] move: Spore\n|move|p1b: Calyrex|Glacial Lance|p2a: Grimmsnarl|[spread] p2a,p2b\n|-resisted|p2b: Kyogre\n|-crit|p2b: Kyogre\n|-damage|p2a: Grimmsnarl|66/100\n|-damage|p2b: Kyogre|69/100 slp\n|move|p2a: Grimmsnarl|Spirit Break|p1b: Calyrex\n|-damage|p1b: Calyrex|76/100\n|-unboost|p1b: Calyrex|spa|1\n|cant|p2b: Kyogre|slp\n|\n|-weather|RainDance|[upkeep]\n|-heal|p1b: Calyrex|82/100|[from] item: Leftovers\n|-heal|p2b: Kyogre|75/100 slp|[from] item: Leftovers\n|-damage|p2a: Grimmsnarl|53/100|[from] Leech Seed|[of] p1b: Calyrex\n|-heal|p1b: Calyrex|94/100|[silent]\n|upkeep\n|turn|6\n|l|\u2606fogdocker\n|player|p1|\n|\n|t:|1767685318\n|switch|p2a: Annihilape|Annihilape, L50, M, shiny, tera:Poison|65/100\n|move|p1a: Amoonguss|Spore|p2a: Annihilape\n|-status|p2a: Annihilape|slp|[from] move: Spore\n|move|p1b: Calyrex|Leech Seed|p2b: Kyogre|[miss]\n|-miss|p1b: Calyrex|p2b: Kyogre\n|cant|p2b: Kyogre|slp\n|\n|-weather|RainDance|[upkeep]\n|-heal|p1b: Calyrex|99/100|[from] item: Leftovers\n|-heal|p2b: Kyogre|81/100 slp|[from] item: Leftovers\n|upkeep\n|turn|7\n|j|\u2606fogdocker\n|player|p1|fogdocker|1|\n|inactive|Battle timer is ON: inactive players will automatically lose when time's up. (requested by fogdocker)\n|\n|t:|1767685390\n|cant|p2a: Annihilape|slp\n|move|p1a: Amoonguss|Rage Powder|p1a: Amoonguss\n|-singleturn|p1a: Amoonguss|move: Rage Powder\n|move|p1b: Calyrex|Leech Seed|p2b: Kyogre\n|-start|p2b: Kyogre|move: Leech Seed\n|cant|p2b: Kyogre|slp\n|\n|-weather|none\n|-heal|p1b: Calyrex|100/100|[from] item: Leftovers\n|-heal|p2b: Kyogre|86/100 slp|[from] item: Leftovers\n|-damage|p2b: Kyogre|74/100 slp|[from] Leech Seed|[of] p1b: Calyrex\n|-fieldend|move: Trick Room\n|upkeep\n|turn|8\n|\n|t:|1767685406\n|switch|p2b: Calyrex|Calyrex-Ice, L50|100/100\n|-ability|p2b: Calyrex|As One\n|-ability|p2b: Calyrex|Unnerve\n|cant|p2a: Annihilape|slp\n|move|p1a: Amoonguss|Spore|p2b: Calyrex\n|-status|p2b: Calyrex|slp|[from] move: Spore\n|move|p1b: Calyrex|Trick Room|p1b: Calyrex\n|-fieldstart|move: Trick Room|[of] p1b: Calyrex\n|\n|-sideend|p2: bigxxxl|Reflect\n|upkeep\n|turn|9\n|inactive|fogdocker has 30 seconds left.\n|inactive|bigxxxl has 30 seconds left.\n|inactive|fogdocker has 20 seconds left.\n|\n|t:|1767685443\n|move|p1a: Amoonguss|Rage Powder|p1a: Amoonguss\n|-singleturn|p1a: Amoonguss|move: Rage Powder\n|move|p1b: Calyrex|Glacial Lance|p2b: Calyrex|[spread] p2a,p2b\n|-resisted|p2b: Calyrex\n|-damage|p2a: Annihilape|23/100 slp\n|-damage|p2b: Calyrex|86/100 slp\n|cant|p2a: Annihilape|slp\n|cant|p2b: Calyrex|slp\n|\n|upkeep\n|turn|10\n|\n|t:|1767685453\n|switch|p1a: Incineroar|Incineroar, L50, F|100/100\n|-ability|p1a: Incineroar|Intimidate|boost\n|-unboost|p2a: Annihilape|atk|1\n|-ability|p2a: Annihilape|Defiant|boost\n|-boost|p2a: Annihilape|atk|2\n|-fail|p2b: Calyrex|unboost|[from] item: Clear Amulet|[of] p2b: Calyrex\n|-curestatus|p2a: Annihilape|slp|[msg]\n|move|p2a: Annihilape|Protect|p2a: Annihilape\n|-singleturn|p2a: Annihilape|Protect\n|move|p1b: Calyrex|Glacial Lance|p2a: Annihilape|[spread] p2b\n|-activate|p2a: Annihilape|move: Protect\n|-resisted|p2b: Calyrex\n|-damage|p2b: Calyrex|71/100 slp\n|cant|p2b: Calyrex|slp\n|\n|-sideend|p2: bigxxxl|move: Light Screen\n|upkeep\n|turn|11\n|inactive|bigxxxl has 30 seconds left.\n|\n|t:|1767685484\n|switch|p2a: Kyogre|Kyogre, L50|74/100 slp\n|-weather|RainDance|[from] ability: Drizzle|[of] p2a: Kyogre\n|move|p1b: Calyrex|Glacial Lance|p2a: Kyogre|[spread] p2a,p2b\n|-resisted|p2a: Kyogre\n|-resisted|p2b: Calyrex\n|-damage|p2a: Kyogre|54/100 slp\n|-damage|p2b: Calyrex|58/100 slp\n|move|p1a: Incineroar|Flare Blitz|p2b: Calyrex\n|-supereffective|p2b: Calyrex\n|-damage|p2b: Calyrex|32/100 slp\n|-damage|p1a: Incineroar|92/100|[from] Recoil\n|cant|p2b: Calyrex|slp\n|\n|-weather|RainDance|[upkeep]\n|-heal|p2a: Kyogre|60/100 slp|[from] item: Leftovers\n|upkeep\n|turn|12\n|inactive|fogdocker has 30 seconds left.\n|inactive|fogdocker has 20 seconds left.\n|inactive|fogdocker has 15 seconds left.\n|\n|t:|1767685526\n|move|p1b: Calyrex|Leech Seed|p2a: Kyogre\n|-start|p2a: Kyogre|move: Leech Seed\n|move|p1a: Incineroar|Parting Shot|p2a: Kyogre\n|-unboost|p2a: Kyogre|atk|1\n|-unboost|p2a: Kyogre|spa|1\n|\n|t:|1767685530\n|switch|p1a: Amoonguss|Amoonguss, L50, M|100/100|[from] Parting Shot\n|-curestatus|p2b: Calyrex|slp|[msg]\n|move|p2b: Calyrex|Stomping Tantrum|p1a: Amoonguss\n|-damage|p1a: Amoonguss|51/100\n|-curestatus|p2a: Kyogre|slp|[msg]\n|move|p2a: Kyogre|Muddy Water|p1b: Calyrex|[spread] p1a\n|-miss|p2a: Kyogre|p1b: Calyrex\n|-resisted|p1a: Amoonguss\n|-damage|p1a: Amoonguss|33/100\n|-unboost|p1a: Amoonguss|accuracy|1\n|\n|-weather|RainDance|[upkeep]\n|-heal|p2a: Kyogre|66/100|[from] item: Leftovers\n|-damage|p2a: Kyogre|54/100|[from] Leech Seed|[of] p1b: Calyrex\n|-fieldend|move: Trick Room\n|upkeep\n|turn|13\n|\n|t:|1767685555\n|move|p1a: Amoonguss|Protect|p1a: Amoonguss\n|-singleturn|p1a: Amoonguss|Protect\n|move|p2a: Kyogre|Thunder|p1b: Calyrex\n|-supereffective|p1b: Calyrex\n|-damage|p1b: Calyrex|62/100\n|move|p2b: Calyrex|Glacial Lance|p1b: Calyrex|[spread] p1b\n|-activate|p1a: Amoonguss|move: Protect\n|-resisted|p1b: Calyrex\n|-damage|p1b: Calyrex|45/100\n|move|p1b: Calyrex|Trick Room|p1b: Calyrex\n|-fieldstart|move: Trick Room|[of] p1b: Calyrex\n|\n|-weather|RainDance|[upkeep]\n|-heal|p1b: Calyrex|51/100|[from] item: Leftovers\n|-heal|p2a: Kyogre|59/100|[from] item: Leftovers\n|-damage|p2a: Kyogre|47/100|[from] Leech Seed|[of] p1b: Calyrex\n|-heal|p1b: Calyrex|63/100|[silent]\n|upkeep\n|turn|14\n|\n|t:|1767685575\n|switch|p1a: Incineroar|Incineroar, L50, F|92/100\n|-ability|p1a: Incineroar|Intimidate|boost\n|-unboost|p2a: Kyogre|atk|1\n|-fail|p2b: Calyrex|unboost|[from] item: Clear Amulet|[of] p2b: Calyrex\n|move|p2a: Kyogre|Protect|p2a: Kyogre\n|-singleturn|p2a: Kyogre|Protect\n|move|p1b: Calyrex|Leech Seed|p2b: Calyrex\n|-start|p2b: Calyrex|move: Leech Seed\n|move|p2b: Calyrex|Trick Room|p2b: Calyrex\n|-fieldend|move: Trick Room\n|\n|-weather|RainDance|[upkeep]\n|-heal|p2a: Kyogre|53/100|[from] item: Leftovers\n|-heal|p1b: Calyrex|69/100|[from] item: Leftovers\n|-damage|p2a: Kyogre|41/100|[from] Leech Seed|[of] p1b: Calyrex\n|-heal|p1b: Calyrex|81/100|[silent]\n|-damage|p2b: Calyrex|20/100|[from] Leech Seed|[of] p1b: Calyrex\n|-heal|p1b: Calyrex|93/100|[silent]\n|upkeep\n|turn|15\n|\n|t:|1767685596\n|switch|p2a: Annihilape|Annihilape, L50, M, shiny, tera:Poison|23/100\n|switch|p2b: Grimmsnarl|Grimmsnarl, L50, M, shiny|53/100\n|move|p1a: Incineroar|Fake Out|p2a: Annihilape\n|-damage|p2a: Annihilape|14/100\n|-damage|p1a: Incineroar|75/100|[from] item: Rocky Helmet|[of] p2a: Annihilape\n|move|p1b: Calyrex|Trick Room|p1b: Calyrex\n|-fieldstart|move: Trick Room|[of] p1b: Calyrex\n|\n|-weather|none\n|-heal|p1b: Calyrex|99/100|[from] item: Leftovers\n|upkeep\n|turn|16\n|inactive|bigxxxl has 30 seconds left.\n|\n|t:|1767685622\n|move|p2a: Annihilape|Protect|p2a: Annihilape\n|-singleturn|p2a: Annihilape|Protect\n|move|p2b: Grimmsnarl|Reflect|p2b: Grimmsnarl\n|-sidestart|p2: bigxxxl|Reflect\n|move|p1b: Calyrex|Glacial Lance|p2b: Grimmsnarl|[spread] p2b\n|-activate|p2a: Annihilape|move: Protect\n|-damage|p2b: Grimmsnarl|22/100\n|move|p1a: Incineroar|Parting Shot|p2b: Grimmsnarl\n|-unboost|p2b: Grimmsnarl|atk|1\n|-unboost|p2b: Grimmsnarl|spa|1\n|\n|t:|1767685625\n|switch|p1a: Amoonguss|Amoonguss, L50, M|66/100|[from] Parting Shot\n|\n|-heal|p1b: Calyrex|100/100|[from] item: Leftovers\n|upkeep\n|turn|17\n|inactive|bigxxxl has 30 seconds left.\n|inactive|bigxxxl has 20 seconds left.\n|inactive|bigxxxl has 15 seconds left.\n|\n|t:|1767685665\n|switch|p1a: Incineroar|Incineroar, L50, F|75/100\n|-ability|p1a: Incineroar|Intimidate|boost\n|-unboost|p2a: Annihilape|atk|1\n|-ability|p2a: Annihilape|Defiant|boost\n|-boost|p2a: Annihilape|atk|2\n|-unboost|p2b: Grimmsnarl|atk|1\n|switch|p2b: Kyogre|Kyogre, L50|41/100\n|-weather|RainDance|[from] ability: Drizzle|[of] p2b: Kyogre\n|switch|p2a: Calyrex|Calyrex-Ice, L50|20/100\n|-ability|p2a: Calyrex|As One\n|-ability|p2a: Calyrex|Unnerve\n|move|p1b: Calyrex|Glacial Lance|p2b: Kyogre|[spread] p2a,p2b\n|-resisted|p2a: Calyrex\n|-resisted|p2b: Kyogre\n|-crit|p2b: Kyogre\n|-damage|p2a: Calyrex|10/100\n|-damage|p2b: Kyogre|10/100\n|\n|-weather|RainDance|[upkeep]\n|-heal|p2b: Kyogre|16/100|[from] item: Leftovers\n|upkeep\n|turn|18\n|inactive|fogdocker has 30 seconds left.\n|\n|t:|1767685696\n|move|p2b: Kyogre|Protect|p2b: Kyogre\n|-singleturn|p2b: Kyogre|Protect\n|move|p1a: Incineroar|Fake Out|p2b: Kyogre\n|-activate|p2b: Kyogre|move: Protect\n|move|p1b: Calyrex|Glacial Lance|p2b: Kyogre|[spread] p2a\n|-activate|p2b: Kyogre|move: Protect\n|-resisted|p2a: Calyrex\n|-damage|p2a: Calyrex|0 fnt\n|faint|p2a: Calyrex\n|-ability|p1b: Calyrex|Chilling Neigh|boost\n|-boost|p1b: Calyrex|atk|1\n|\n|-weather|RainDance|[upkeep]\n|-heal|p2b: Kyogre|22/100|[from] item: Leftovers\n|upkeep\n|\n|t:|1767685710\n|switch|p2a: Annihilape|Annihilape, L50, M, shiny, tera:Poison|14/100\n|turn|19\n|\n|t:|1767685720\n|move|p2a: Annihilape|Protect|p2a: Annihilape\n|-singleturn|p2a: Annihilape|Protect\n|move|p1b: Calyrex|Leech Seed|p2b: Kyogre\n|-start|p2b: Kyogre|move: Leech Seed\n|move|p1a: Incineroar|Parting Shot|p2b: Kyogre\n|-unboost|p2b: Kyogre|atk|1\n|-unboost|p2b: Kyogre|spa|1\n|\n|t:|1767685733\n|switch|p1a: Amoonguss|Amoonguss, L50, M|99/100|[from] Parting Shot\n|move|p2b: Kyogre|Thunder|p1b: Calyrex\n|-supereffective|p1b: Calyrex\n|-damage|p1b: Calyrex|63/100\n|-status|p1b: Calyrex|par\n|\n|-weather|RainDance|[upkeep]\n|-heal|p1b: Calyrex|69/100 par|[from] item: Leftovers\n|-heal|p2b: Kyogre|28/100|[from] item: Leftovers\n|-damage|p2b: Kyogre|15/100|[from] Leech Seed|[of] p1b: Calyrex\n|-heal|p1b: Calyrex|81/100 par|[silent]\n|-fieldend|move: Trick Room\n|upkeep\n|turn|20\n|\n|t:|1767685754\n|switch|p2b: Grimmsnarl|Grimmsnarl, L50, M, shiny|22/100\n|move|p2a: Annihilape|Rage Fist|p1b: Calyrex\n|-damage|p1b: Calyrex|32/100 par\n|move|p1a: Amoonguss|Spore|p2b: Grimmsnarl\n|-status|p2b: Grimmsnarl|slp|[from] move: Spore\n|cant|p1b: Calyrex|par\n|\n|-weather|RainDance|[upkeep]\n|-heal|p1b: Calyrex|38/100 par|[from] item: Leftovers\n|upkeep\n|turn|21\n|inactive|bigxxxl has 30 seconds left.\n|inactive|bigxxxl has 20 seconds left.\n|inactive|bigxxxl has 15 seconds left.\n|inactive|bigxxxl has 10 seconds left.\n|\n|t:|1767685802\n|move|p2a: Annihilape|Protect|p2a: Annihilape\n|-singleturn|p2a: Annihilape|Protect\n|move|p1a: Amoonguss|Rage Powder|p1a: Amoonguss\n|-singleturn|p1a: Amoonguss|move: Rage Powder\n|cant|p2b: Grimmsnarl|slp\n|cant|p1b: Calyrex|par\n|\n|-weather|none\n|-heal|p1b: Calyrex|44/100 par|[from] item: Leftovers\n|upkeep\n|turn|22\n|inactive|bigxxxl has 30 seconds left.\n|inactive|bigxxxl has 20 seconds left.\n|\n|t:|1767685842\n|move|p1a: Amoonguss|Rage Powder|p1a: Amoonguss\n|-singleturn|p1a: Amoonguss|move: Rage Powder\n|cant|p2b: Grimmsnarl|slp\n|move|p2a: Annihilape|Rage Fist|p1a: Amoonguss\n|-damage|p1a: Amoonguss|30/100\n|move|p1b: Calyrex|Glacial Lance|p2a: Annihilape|[spread] p2a,p2b\n|-damage|p2a: Annihilape|0 fnt\n|-damage|p2b: Grimmsnarl|0 fnt\n|faint|p2a: Annihilape\n|faint|p2b: Grimmsnarl\n|-ability|p1b: Calyrex|Chilling Neigh|boost\n|-boost|p1b: Calyrex|atk|2\n|\n|-heal|p1b: Calyrex|50/100 par|[from] item: Leftovers\n|upkeep\n|\n|t:|1767685854\n|switch|p2b: Kyogre|Kyogre, L50|15/100\n|-weather|RainDance|[from] ability: Drizzle|[of] p2b: Kyogre\n|turn|23\n|\n|t:|1767685863\n|move|p2b: Kyogre|Muddy Water|p1a: Amoonguss|[spread] p1a,p1b\n|-resisted|p1a: Amoonguss\n|-resisted|p1b: Calyrex\n|-damage|p1a: Amoonguss|0 fnt\n|-damage|p1b: Calyrex|30/100 par\n|faint|p1a: Amoonguss\n|move|p1b: Calyrex|Leech Seed|p2b: Kyogre\n|-start|p2b: Kyogre|move: Leech Seed\n|\n|-weather|RainDance|[upkeep]\n|-heal|p2b: Kyogre|21/100|[from] item: Leftovers\n|-heal|p1b: Calyrex|36/100 par|[from] item: Leftovers\n|-damage|p2b: Kyogre|9/100|[from] Leech Seed|[of] p1b: Calyrex\n|-heal|p1b: Calyrex|48/100 par|[silent]\n|-sideend|p2: bigxxxl|Reflect\n|upkeep\n|\n|t:|1767685867\n|switch|p1a: Flutter Mane|Flutter Mane, L50|1/100\n|turn|24\n|\n|t:|1767685872\n|move|p1a: Flutter Mane|Moonblast|p2b: Kyogre\n|-damage|p2b: Kyogre|0 fnt\n|faint|p2b: Kyogre\n|\n|win|fogdocker\n|raw|fogdocker's rating: 1071 &rarr; <strong>1095</strong><br />(+24 for winning)\n|raw|bigxxxl's rating: 1009 &rarr; <strong>1000</strong><br />(-9 for losing)\n","uploadtime":1767685876,"views":13,"formatid":"gen9vgc2026regi","rating":1000,"private":0,"password":null}