{"id":"gen9vgc2026regi-2570029993","format":"[Gen 9] VGC 2026 Reg I","players":["BionicFox","Snowsquall brute"],"log":"|j|\u2606BionicFox\n|j|\u2606Snowsquall brute\n|t:|1774758827\n|gametype|doubles\n|player|p1|BionicFox|cheryl|1334\n|player|p2|Snowsquall brute|veteran|1479\n|gen|9\n|tier|[Gen 9] VGC 2026 Reg I\n|rated|\n|rule|Species Clause: Limit one of each Pok\u00e9mon\n|rule|Item Clause: Limit 1 of each item\n|clearpoke\n|poke|p1|Calyrex-Shadow, L50|\n|poke|p1|Koraidon, L50|\n|poke|p1|Rillaboom, L50, M|\n|poke|p1|Incineroar, L50, F|\n|poke|p1|Clefairy, L50, F|\n|poke|p1|Regieleki, L50|\n|poke|p2|Miraidon, L50|\n|poke|p2|Landorus-Therian, L50, M|\n|poke|p2|Kingambit, L50, M|\n|poke|p2|Lunala, L50|\n|teampreview|4\n|\n|t:|1774758864\n|teamsize|p1|4\n|teamsize|p2|4\n|start\n|switch|p1a: Rillaboom|Rillaboom, L50, M|100/100\n|switch|p1b: Koraidon|Koraidon, L50|100/100\n|switch|p2a: Miraidon|Miraidon, L50|100/100\n|switch|p2b: Kingambit|Kingambit, L50, M|100/100\n|-weather|SunnyDay|[from] ability: Orichalcum Pulse|[of] p1b: Koraidon\n|-activate|p1b: Koraidon|Orichalcum Pulse|[source]\n|-fieldstart|move: Electric Terrain|[from] ability: Hadron Engine|[of] p2a: Miraidon\n|-enditem|p2a: Miraidon|Electric Seed\n|-boost|p2a: Miraidon|def|1|[from] item: Electric Seed\n|-fieldstart|move: Grassy Terrain|[from] ability: Grassy Surge|[of] p1a: Rillaboom\n|turn|1\n|\n|t:|1774758893\n|switch|p2b: Lunala|Lunala, L50|100/100\n|move|p2a: Miraidon|Protect|p2a: Miraidon\n|-singleturn|p2a: Miraidon|Protect\n|move|p1a: Rillaboom|Fake Out|p2a: Miraidon\n|-activate|p2a: Miraidon|move: Protect\n|move|p1b: Koraidon|Flare Blitz|p2b: Lunala\n|-damage|p2b: Lunala|70/100\n|-damage|p1b: Koraidon|84/100|[from] item: Rocky Helmet|[of] p2b: Lunala\n|-damage|p1b: Koraidon|72/100|[from] Recoil\n|\n|-weather|SunnyDay|[upkeep]\n|-heal|p1b: Koraidon|78/100|[from] Grassy Terrain\n|-heal|p2b: Lunala|76/100|[from] Grassy Terrain\n|upkeep\n|turn|2\n|\n|t:|1774758911\n|-terastallize|p1b: Koraidon|Fire\n|move|p1b: Koraidon|Flare Blitz|p2b: Lunala\n|-damage|p2b: Lunala|0 fnt\n|-damage|p1b: Koraidon|62/100|[from] item: Rocky Helmet|[of] p2b: Lunala\n|faint|p2b: Lunala\n|-damage|p1b: Koraidon|32/100|[from] Recoil\n|move|p2a: Miraidon|Calm Mind|p2a: Miraidon\n|-boost|p2a: Miraidon|spa|1\n|-boost|p2a: Miraidon|spd|1\n|move|p1a: Rillaboom|U-turn|p2a: Miraidon\n|-damage|p2a: Miraidon|90/100\n|\n|t:|1774758937\n|switch|p1a: Pink Pony Club|Calyrex-Shadow, L50|100/100|[from] U-turn\n|-ability|p1a: Pink Pony Club|As One\n|-ability|p1a: Pink Pony Club|Unnerve\n|\n|-weather|SunnyDay|[upkeep]\n|-heal|p1b: Koraidon|38/100|[from] Grassy Terrain\n|-heal|p2a: Miraidon|96/100|[from] Grassy Terrain\n|upkeep\n|\n|t:|1774758940\n|switch|p2b: Kingambit|Kingambit, L50, M|100/100\n|turn|3\n|\n|t:|1774758945\n|move|p2b: Kingambit|Sucker Punch|p1b: Koraidon\n|-damage|p1b: Koraidon|2/100\n|move|p1a: Pink Pony Club|Nasty Plot|p1a: Pink Pony Club\n|-boost|p1a: Pink Pony Club|spa|2\n|move|p1b: Koraidon|Collision Course|p2b: Kingambit\n|-supereffective|p2b: Kingambit\n|-damage|p2b: Kingambit|0 fnt\n|faint|p2b: Kingambit\n|move|p2a: Miraidon|Parabolic Charge|p1a: Pink Pony Club|[spread] p1a,p1b\n|-damage|p1a: Pink Pony Club|68/100\n|-heal|p2a: Miraidon|100/100|[from] drain|[of] p1a: Pink Pony Club\n|-damage|p1b: Koraidon|0 fnt\n|faint|p1b: Koraidon\n|\n|-weather|SunnyDay|[upkeep]\n|-heal|p1a: Pink Pony Club|74/100|[from] Grassy Terrain\n|upkeep\n|\n|t:|1774758961\n|switch|p1b: Clefairy|Clefairy, L50, F|100/100\n|switch|p2b: Landorus|Landorus-Therian, L50, M|100/100\n|-ability|p2b: Landorus|Intimidate|boost\n|-unboost|p1a: Pink Pony Club|atk|1\n|-unboost|p1b: Clefairy|atk|1\n|turn|4\n|\n|t:|1774758971\n|-terastallize|p2a: Miraidon|Electric\n|move|p1b: Clefairy|Helping Hand|p1a: Pink Pony Club\n|-singleturn|p1a: Pink Pony Club|Helping Hand|[of] p1b: Clefairy\n|move|p1a: Pink Pony Club|Astral Barrage|p2a: Miraidon|[spread] p2a,p2b\n|-damage|p2a: Miraidon|18/100\n|-damage|p2b: Landorus|0 fnt\n|faint|p2b: Landorus\n|-ability|p1a: Pink Pony Club|Grim Neigh|boost\n|-boost|p1a: Pink Pony Club|spa|1\n|-damage|p1a: Pink Pony Club|64/100|[from] item: Life Orb\n|move|p2a: Miraidon|Parabolic Charge|p1a: Pink Pony Club|[spread] p1a,p1b\n|-damage|p1a: Pink Pony Club|33/100\n|-heal|p2a: Miraidon|34/100|[from] drain|[of] p1a: Pink Pony Club\n|-damage|p1b: Clefairy|61/100\n|-heal|p2a: Miraidon|50/100|[from] drain|[of] p1b: Clefairy\n|\n|-weather|SunnyDay|[upkeep]\n|-heal|p1a: Pink Pony Club|40/100|[from] Grassy Terrain\n|-heal|p2a: Miraidon|56/100|[from] Grassy Terrain\n|-heal|p1b: Clefairy|67/100|[from] Grassy Terrain\n|upkeep\n|turn|5\n|-message|Snowsquall brute forfeited.\n|\n|win|BionicFox\n|raw|BionicFox's rating: 1334 &rarr; <strong>1362</strong><br />(+28 for winning)\n|raw|Snowsquall brute's rating: 1479 &rarr; <strong>1451</strong><br />(-28 for losing)\n|l|\u2606Snowsquall brute\n|player|p2|\n|j|\u2606Snowsquall brute\n|player|p2|Snowsquall brute|veteran|\n|l|\u2606Snowsquall brute\n|player|p2|\n|l|\u2606BionicFox\n|player|p1|\n","uploadtime":1774759154,"views":11,"formatid":"gen9vgc2026regi","rating":1362,"private":0,"password":null}