{"id":"gen9vgc2026regi-2563089466","format":"[Gen 9] VGC 2026 Reg I","players":["Hzqmrln","randomcatFFR"],"log":"|j|\u2606Hzqmrln\n|j|\u2606randomcatFFR\n|t:|1773983694\n|gametype|doubles\n|player|p1|Hzqmrln|2|1372\n|player|p2|randomcatFFR|bugcatcher-gen4dp|1454\n|gen|9\n|tier|[Gen 9] VGC 2026 Reg I\n|rated|\n|rule|Species Clause: Limit one of each Pok\u00e9mon\n|rule|Item Clause: Limit 1 of each item\n|clearpoke\n|poke|p1|Koraidon, L50|\n|poke|p1|Lunala, L50|\n|poke|p1|Chi-Yu, L50|\n|poke|p1|Ursaluna, L50, F|\n|poke|p1|Brute Bonnet, L50|\n|poke|p1|Flutter Mane, L50|\n|poke|p2|Calyrex-Shadow, L50|\n|poke|p2|Zamazenta-*, L50|\n|poke|p2|Chi-Yu, L50|\n|poke|p2|Indeedee-F, L50, F|\n|poke|p2|Amoonguss, L50, M|\n|poke|p2|Raging Bolt, L50|\n|teampreview|4\n|inactive|Battle timer is ON: inactive players will automatically lose when time's up. (requested by Hzqmrln)\n|inactive|randomcatFFR has 60 seconds left.\n|inactive|randomcatFFR has 30 seconds left.\n|\n|t:|1773983760\n|teamsize|p1|4\n|teamsize|p2|4\n|start\n|switch|p1a: Lunala|Lunala, L50|100/100\n|switch|p1b: Chi-Yu|Chi-Yu, L50|100/100\n|switch|p2a: Raging Bolt|Raging Bolt, L50|100/100\n|switch|p2b: Zamazenta|Zamazenta-Crowned, L50|100/100\n|-ability|p1b: Chi-Yu|Beads of Ruin\n|-ability|p2b: Zamazenta|Dauntless Shield|boost\n|-boost|p2b: Zamazenta|def|1\n|turn|1\n|inactive|Hzqmrln has 30 seconds left.\n|\n|t:|1773983787\n|-terastallize|p1b: Chi-Yu|Ghost\n|move|p2b: Zamazenta|Protect|p2b: Zamazenta\n|-singleturn|p2b: Zamazenta|Protect\n|move|p1b: Chi-Yu|Heat Wave|p2b: Zamazenta|[spread] p2a\n|-activate|p2b: Zamazenta|move: Protect\n|-resisted|p2a: Raging Bolt\n|-damage|p2a: Raging Bolt|86/100\n|move|p1a: Lunala|Moongeist Beam|p2b: Zamazenta\n|-activate|p2b: Zamazenta|move: Protect\n|move|p2a: Raging Bolt|Snarl|p1b: Chi-Yu|[spread] p1a,p1b\n|-supereffective|p1a: Lunala\n|-supereffective|p1b: Chi-Yu\n|-damage|p1a: Lunala|69/100\n|-damage|p1b: Chi-Yu|67/100\n|-unboost|p1a: Lunala|spa|1\n|-unboost|p1b: Chi-Yu|spa|1\n|\n|upkeep\n|turn|2\n|\n|t:|1773983808\n|switch|p1b: Ursaluna|Ursaluna, L50, F|100/100\n|move|p2b: Zamazenta|Wide Guard|p2b: Zamazenta\n|-singleturn|p2b: Zamazenta|Wide Guard\n|move|p2a: Raging Bolt|Snarl|p1b: Ursaluna|[spread] p1b\n|-miss|p2a: Raging Bolt|p1a: Lunala\n|-damage|p1b: Ursaluna|86/100\n|-unboost|p1b: Ursaluna|spa|1\n|move|p1a: Lunala|Trick Room|p1a: Lunala\n|-fieldstart|move: Trick Room|[of] p1a: Lunala\n|\n|-status|p1b: Ursaluna|brn|[from] item: Flame Orb\n|upkeep\n|turn|3\n|inactive|Hzqmrln has 30 seconds left.\n|inactive|randomcatFFR has 30 seconds left.\n|inactive|randomcatFFR has 20 seconds left.\n|inactive|Hzqmrln has 20 seconds left.\n|inactive|randomcatFFR has 15 seconds left.\n|inactive|Hzqmrln has 15 seconds left.\n|inactive|Hzqmrln has 10 seconds left.\n|\n|t:|1773983859\n|-end|p2a: Raging Bolt|Protosynthesis|[silent]\n|switch|p2a: Amoonguss|Amoonguss, L50, M|100/100\n|-terastallize|p2b: Zamazenta|Water\n|move|p1a: Lunala|Wide Guard|p1a: Lunala\n|-singleturn|p1a: Lunala|Wide Guard\n|move|p1b: Ursaluna|Headlong Rush|p2a: Amoonguss\n|-damage|p2a: Amoonguss|6/100\n|-unboost|p1b: Ursaluna|def|1\n|-unboost|p1b: Ursaluna|spd|1\n|-damage|p1b: Ursaluna|70/100 brn|[from] item: Rocky Helmet|[of] p2a: Amoonguss\n|move|p2b: Zamazenta|Body Press|p1b: Ursaluna\n|-supereffective|p1b: Ursaluna\n|-crit|p1b: Ursaluna\n|-damage|p1b: Ursaluna|0 fnt\n|faint|p1b: Ursaluna\n|\n|upkeep\n|\n|t:|1773983873\n|switch|p1b: Koraidon|Koraidon, L50|100/100\n|-weather|SunnyDay|[from] ability: Orichalcum Pulse|[of] p1b: Koraidon\n|-activate|p1b: Koraidon|Orichalcum Pulse|[source]\n|turn|4\n|\n|t:|1773983886\n|move|p2a: Amoonguss|Spore|p1a: Lunala\n|-status|p1a: Lunala|slp|[from] move: Spore\n|move|p2b: Zamazenta|Body Press|p1b: Koraidon\n|-damage|p1b: Koraidon|29/100\n|move|p1b: Koraidon|Flame Charge|p2a: Amoonguss\n|-supereffective|p2a: Amoonguss\n|-damage|p2a: Amoonguss|0 fnt\n|-boost|p1b: Koraidon|spe|1\n|-damage|p1b: Koraidon|12/100|[from] item: Rocky Helmet|[of] p2a: Amoonguss\n|faint|p2a: Amoonguss\n|-damage|p1b: Koraidon|3/100|[from] item: Life Orb\n|cant|p1a: Lunala|slp\n|\n|-weather|SunnyDay|[upkeep]\n|upkeep\n|\n|t:|1773983895\n|switch|p2a: Raging Bolt|Raging Bolt, L50|86/100\n|-activate|p2a: Raging Bolt|ability: Protosynthesis\n|-start|p2a: Raging Bolt|protosynthesisspa\n|turn|5\n|\n|t:|1773983907\n|move|p1b: Koraidon|Protect|p1b: Koraidon\n|-singleturn|p1b: Koraidon|Protect\n|move|p2a: Raging Bolt|Snarl|p1b: Koraidon|[spread] p1a\n|-activate|p1b: Koraidon|move: Protect\n|-supereffective|p1a: Lunala\n|-damage|p1a: Lunala|10/100 slp\n|-unboost|p1a: Lunala|spa|1\n|move|p2b: Zamazenta|Heavy Slam|p1b: Koraidon\n|-activate|p1b: Koraidon|move: Protect\n|cant|p1a: Lunala|slp\n|\n|-weather|SunnyDay|[upkeep]\n|upkeep\n|turn|6\n|inactive|randomcatFFR has 30 seconds left.\n|\n|t:|1773983932\n|move|p1b: Koraidon|Protect||[still]\n|-fail|p1b: Koraidon\n|-curestatus|p1a: Lunala|slp|[msg]\n|move|p1a: Lunala|Wide Guard|p1a: Lunala\n|-singleturn|p1a: Lunala|Wide Guard\n|move|p2a: Raging Bolt|Snarl|p1a: Lunala|[spread] \n|-activate|p1a: Lunala|move: Wide Guard\n|-activate|p1b: Koraidon|move: Wide Guard\n|move|p2b: Zamazenta|Heavy Slam|p1b: Koraidon\n|-damage|p1b: Koraidon|0 fnt\n|faint|p1b: Koraidon\n|\n|-weather|SunnyDay|[upkeep]\n|-fieldend|move: Trick Room\n|upkeep\n|\n|t:|1773983935\n|switch|p1b: Chi-Yu|Chi-Yu, L50, tera:Ghost|67/100\n|-ability|p1b: Chi-Yu|Beads of Ruin\n|turn|7\n|\n|t:|1773983954\n|move|p1a: Lunala|Wide Guard|p1a: Lunala\n|-singleturn|p1a: Lunala|Wide Guard\n|move|p2a: Raging Bolt|Thunderclap|p1b: Chi-Yu\n|-damage|p1b: Chi-Yu|4/100\n|move|p1b: Chi-Yu|Snarl|p2b: Zamazenta|[spread] p2a,p2b\n|-damage|p2a: Raging Bolt|72/100\n|-damage|p2b: Zamazenta|75/100\n|-unboost|p2a: Raging Bolt|spa|1\n|-unboost|p2b: Zamazenta|spa|1\n|move|p2b: Zamazenta|Heavy Slam|p1b: Chi-Yu\n|-damage|p1b: Chi-Yu|0 fnt\n|faint|p1b: Chi-Yu\n|\n|-weather|SunnyDay|[upkeep]\n|upkeep\n|turn|8\n|-message|Hzqmrln forfeited.\n|\n|win|randomcatFFR\n|raw|Hzqmrln's rating: 1372 &rarr; <strong>1357</strong><br />(-15 for losing)\n|raw|randomcatFFR's rating: 1454 &rarr; <strong>1469</strong><br />(+15 for winning)\n|l|\u2606Hzqmrln\n|player|p1|\n|l|\u2606randomcatFFR\n|player|p2|\n","uploadtime":1773984112,"views":10,"formatid":"gen9vgc2026regi","rating":1357,"private":0,"password":null}