{"id":"gen9vgc2026regi-2589321353","format":"[Gen 9] VGC 2026 Reg I","players":["pumpkinflame","hunkoraboni"],"log":"|j|\u2606pumpkinflame\n|j|\u2606hunkoraboni\n|t:|1776714130\n|gametype|doubles\n|player|p1|pumpkinflame|adaman-masters|1448\n|player|p2|hunkoraboni|266|1347\n|gen|9\n|tier|[Gen 9] VGC 2026 Reg I\n|rated|\n|rule|Species Clause: Limit one of each Pok\u00e9mon\n|rule|Item Clause: Limit 1 of each item\n|clearpoke\n|poke|p1|Kyogre, L50|\n|poke|p1|Archaludon, L50, F|\n|poke|p1|Rillaboom, L50, F|\n|poke|p1|Roaring Moon, L50|\n|poke|p1|Calyrex-Ice, L50|\n|poke|p1|Incineroar, L50, F|\n|poke|p2|Calyrex-Shadow, L50|\n|poke|p2|Terapagos, L50, M|\n|poke|p2|Incineroar, L50, F|\n|poke|p2|Ogerpon-Cornerstone, L50, F|\n|poke|p2|Rillaboom, L50, F|\n|poke|p2|Amoonguss, L50, F|\n|teampreview|4\nhunkoraboni has agreed to open team sheets.\n|inactive|Battle timer is ON: inactive players will automatically lose when time's up. (requested by hunkoraboni)\n|inactive|pumpkinflame has 60 seconds left.\n|\n|t:|1776714182\n|teamsize|p1|4\n|teamsize|p2|4\n|start\n|switch|p1a: Chilly and Willy|Calyrex-Ice, L50|100/100\n|switch|p1b: Freak|Incineroar, L50, F|100/100\n|switch|p2a: Terapagos|Terapagos, L50, M|100/100\n|switch|p2b: Incineroar|Incineroar, L50, F|100/100\n|-activate|p2a: Terapagos|ability: Tera Shift\n|detailschange|p2a: Terapagos|Terapagos-Terastal, L50, M\n|-heal|p2a: Terapagos|100/100|[silent]\n|-ability|p1a: Chilly and Willy|As One\n|-ability|p1a: Chilly and Willy|Unnerve\n|-ability|p2b: Incineroar|Intimidate|boost\n|-unboost|p1a: Chilly and Willy|atk|1\n|-unboost|p1b: Freak|atk|1\n|-ability|p1b: Freak|Intimidate|boost\n|-unboost|p2a: Terapagos|atk|1\n|-unboost|p2b: Incineroar|atk|1\n|turn|1\n|\n|t:|1776714199\n|move|p2a: Terapagos|Protect|p2a: Terapagos\n|-singleturn|p2a: Terapagos|Protect\n|move|p1b: Freak|Fake Out|p2b: Incineroar\n|-damage|p2b: Incineroar|95/100\n|cant|p2b: Incineroar|flinch\n|move|p1a: Chilly and Willy|Trick Room|p1a: Chilly and Willy\n|-fieldstart|move: Trick Room|[of] p1a: Chilly and Willy\n|\n|upkeep\n|turn|2\n|\n|t:|1776714217\n|move|p1b: Freak|Parting Shot|p2a: Terapagos\n|-unboost|p2a: Terapagos|atk|1\n|-unboost|p2a: Terapagos|spa|1\n|\n|t:|1776714223\n|switch|p1b: K.O|Kyogre, L50|100/100|[from] Parting Shot\n|-weather|RainDance|[from] ability: Drizzle|[of] p1b: K.O\n|move|p1a: Chilly and Willy|Glacial Lance|p2b: Incineroar|[spread] p2a,p2b\n|-activate|p2a: Terapagos|ability: Tera Shell\n|-resisted|p2a: Terapagos\n|-resisted|p2b: Incineroar\n|-damage|p2a: Terapagos|87/100\n|-damage|p2b: Incineroar|84/100\n|move|p2b: Incineroar|Parting Shot|p1a: Chilly and Willy\n|-unboost|p1a: Chilly and Willy|atk|1\n|-unboost|p1a: Chilly and Willy|spa|1\n|\n|t:|1776714238\n|switch|p2b: Amoonguss|Amoonguss, L50, F|100/100|[from] Parting Shot\n|move|p2a: Terapagos|Calm Mind|p2a: Terapagos\n|-boost|p2a: Terapagos|spa|1\n|-boost|p2a: Terapagos|spd|1\n|\n|-weather|RainDance|[upkeep]\n|-heal|p2a: Terapagos|94/100|[from] item: Leftovers\n|upkeep\n|turn|3\n|inactive|pumpkinflame has 30 seconds left.\n|\n|t:|1776714267\n|-terastallize|p1b: K.O|Grass\n|-terastallize|p2a: Terapagos|Stellar\n|detailschange|p2a: Terapagos|Terapagos-Stellar, L50, M, tera:Stellar\n|-heal|p2a: Terapagos|95/100|[silent]\n|-ability|p2a: Terapagos|Teraform Zero\n|-weather|none\n|move|p2b: Amoonguss|Spore|p1b: K.O\n|-immune|p1b: K.O\n|move|p1a: Chilly and Willy|Glacial Lance|p2b: Amoonguss|[spread] p2a,p2b\n|-supereffective|p2b: Amoonguss\n|-damage|p2a: Terapagos|82/100\n|-damage|p2b: Amoonguss|57/100\n|move|p1b: K.O|Water Spout|p2a: Terapagos|[spread] p2a,p2b\n|-resisted|p2b: Amoonguss\n|-damage|p2a: Terapagos|50/100\n|-damage|p2b: Amoonguss|23/100\n|move|p2a: Terapagos|Calm Mind|p2a: Terapagos\n|-boost|p2a: Terapagos|spa|1\n|-boost|p2a: Terapagos|spd|1\n|\n|-heal|p2a: Terapagos|57/100|[from] item: Leftovers\n|upkeep\n|turn|4\n|inactive|hunkoraboni has 30 seconds left.\n|\n|t:|1776714296\n|switch|p2b: Rillaboom|Rillaboom, L50, F|100/100\n|-fieldstart|move: Grassy Terrain|[from] ability: Grassy Surge|[of] p2b: Rillaboom\n|move|p2a: Terapagos|Protect|p2a: Terapagos\n|-singleturn|p2a: Terapagos|Protect\n|move|p1a: Chilly and Willy|Glacial Lance|p2b: Rillaboom|[spread] p2b\n|-activate|p2a: Terapagos|move: Protect\n|-supereffective|p2b: Rillaboom\n|-damage|p2b: Rillaboom|54/100\n|move|p1b: K.O|Water Spout|p2b: Rillaboom|[spread] p2b\n|-activate|p2a: Terapagos|move: Protect\n|-resisted|p2b: Rillaboom\n|-damage|p2b: Rillaboom|29/100\n|\n|-heal|p2b: Rillaboom|35/100|[from] Grassy Terrain\n|-heal|p2a: Terapagos|63/100|[from] Grassy Terrain\n|-heal|p2a: Terapagos|69/100|[from] item: Leftovers\n|upkeep\n|turn|5\n|\n|t:|1776714317\n|move|p2b: Rillaboom|Fake Out|p1b: K.O\n|-damage|p1b: K.O|89/100\n|move|p1a: Chilly and Willy|Glacial Lance|p2b: Rillaboom|[spread] p2a,p2b\n|-supereffective|p2b: Rillaboom\n|-damage|p2a: Terapagos|54/100\n|-damage|p2b: Rillaboom|0 fnt\n|faint|p2b: Rillaboom\n|-ability|p1a: Chilly and Willy|Chilling Neigh|boost\n|-boost|p1a: Chilly and Willy|atk|1\n|cant|p1b: K.O|flinch\n|move|p2a: Terapagos|Tera Starstorm|p1b: K.O|[spread] p1a,p1b\n|-supereffective|p1b: K.O\n|-damage|p1a: Chilly and Willy|71/100\n|-damage|p1b: K.O|14/100\n|\n|-heal|p1a: Chilly and Willy|77/100|[from] Grassy Terrain\n|-heal|p1a: Chilly and Willy|83/100|[from] item: Leftovers\n|-heal|p1b: K.O|19/100|[from] Grassy Terrain\n|-heal|p2a: Terapagos|60/100|[from] Grassy Terrain\n|-heal|p2a: Terapagos|66/100|[from] item: Leftovers\n|-fieldend|move: Trick Room\n|upkeep\n|\n|t:|1776714335\n|switch|p2b: Incineroar|Incineroar, L50, F|84/100\n|-ability|p2b: Incineroar|Intimidate|boost\n|-unboost|p1a: Chilly and Willy|atk|1\n|-unboost|p1b: K.O|atk|1\n|turn|6\n|\n|t:|1776714350\n|switch|p1b: Freak|Incineroar, L50, F|100/100\n|-ability|p1b: Freak|Intimidate|boost\n|-unboost|p2a: Terapagos|atk|1\n|-unboost|p2b: Incineroar|atk|1\n|move|p2b: Incineroar|Fake Out|p1a: Chilly and Willy\n|-damage|p1a: Chilly and Willy|78/100\n|move|p2a: Terapagos|Tera Starstorm|p1a: Chilly and Willy|[spread] p1a,p1b\n|-damage|p1a: Chilly and Willy|51/100\n|-damage|p1b: Freak|57/100\n|cant|p1a: Chilly and Willy|flinch\n|\n|-heal|p2a: Terapagos|72/100|[from] Grassy Terrain\n|-heal|p2a: Terapagos|79/100|[from] item: Leftovers\n|-heal|p2b: Incineroar|90/100|[from] Grassy Terrain\n|-heal|p1a: Chilly and Willy|57/100|[from] Grassy Terrain\n|-heal|p1a: Chilly and Willy|62/100|[from] item: Leftovers\n|-heal|p1b: Freak|63/100|[from] Grassy Terrain\n|upkeep\n|turn|7\n|inactive|pumpkinflame has 30 seconds left.\n|inactive|hunkoraboni has 30 seconds left.\n|\n|t:|1776714382\n|move|p2a: Terapagos|Tera Starstorm|p1a: Chilly and Willy|[spread] p1a,p1b\n|-damage|p1a: Chilly and Willy|30/100\n|-damage|p1b: Freak|19/100\n|move|p2b: Incineroar|Flare Blitz|p1a: Chilly and Willy\n|-supereffective|p1a: Chilly and Willy\n|-damage|p1a: Chilly and Willy|0 fnt\n|faint|p1a: Chilly and Willy\n|-damage|p2b: Incineroar|80/100|[from] Recoil\n|move|p1b: Freak|Parting Shot|p2b: Incineroar\n|-unboost|p2b: Incineroar|atk|1\n|-unboost|p2b: Incineroar|spa|1\n|\n|t:|1776714396\n|switch|p1b: K.O|Kyogre, L50, tera:Grass|19/100|[from] Parting Shot\n|-weather|RainDance|[from] ability: Drizzle|[of] p1b: K.O\n|\n|-weather|RainDance|[upkeep]\n|-heal|p2a: Terapagos|85/100|[from] Grassy Terrain\n|-heal|p2a: Terapagos|91/100|[from] item: Leftovers\n|-heal|p1b: K.O|25/100|[from] Grassy Terrain\n|-heal|p2b: Incineroar|86/100|[from] Grassy Terrain\n|upkeep\n|\n|t:|1776714404\n|switch|p1a: Freak|Incineroar, L50, F|19/100\n|-ability|p1a: Freak|Intimidate|boost\n|-unboost|p2a: Terapagos|atk|1\n|-unboost|p2b: Incineroar|atk|1\n|turn|8\n|\n|t:|1776714419\n|switch|p2b: Amoonguss|Amoonguss, L50, F|56/100\n|move|p2a: Terapagos|Protect|p2a: Terapagos\n|-singleturn|p2a: Terapagos|Protect\n|move|p1a: Freak|Fake Out|p2a: Terapagos\n|-activate|p2a: Terapagos|move: Protect\n|move|p1b: K.O|Origin Pulse|p2a: Terapagos|[spread] p2b\n|-activate|p2a: Terapagos|move: Protect\n|-resisted|p2b: Amoonguss\n|-damage|p2b: Amoonguss|21/100\n|\n|-weather|RainDance|[upkeep]\n|-heal|p2a: Terapagos|97/100|[from] Grassy Terrain\n|-heal|p2a: Terapagos|100/100|[from] item: Leftovers\n|-heal|p1b: K.O|31/100|[from] Grassy Terrain\n|-heal|p1a: Freak|25/100|[from] Grassy Terrain\n|-heal|p2b: Amoonguss|27/100|[from] Grassy Terrain\n|-fieldend|move: Grassy Terrain\n|upkeep\n|turn|9\n|\n|t:|1776714439\n|switch|p2b: Incineroar|Incineroar, L50, F|86/100\n|-ability|p2b: Incineroar|Intimidate|boost\n|-unboost|p1a: Freak|atk|1\n|-unboost|p1b: K.O|atk|1\n|move|p2a: Terapagos|Tera Starstorm|p1a: Freak|[spread] p1a,p1b\n|-supereffective|p1b: K.O\n|-crit|p1b: K.O\n|-damage|p1a: Freak|0 fnt\n|-damage|p1b: K.O|0 fnt\n|faint|p1a: Freak\n|faint|p1b: K.O\n|\n|-weather|RainDance|[upkeep]\n|upkeep\n|\n|t:|1776714448\n|switch|p1a: Mrs. Dreads|Rillaboom, L50, F, shiny|100/100\n|-fieldstart|move: Grassy Terrain|[from] ability: Grassy Surge|[of] p1a: Mrs. Dreads\n|turn|10\n|\n|t:|1776714460\n|switch|p2b: Amoonguss|Amoonguss, L50, F|60/100\n|move|p2a: Terapagos|Protect|p2a: Terapagos\n|-singleturn|p2a: Terapagos|Protect\n|move|p1a: Mrs. Dreads|Wood Hammer|p2a: Terapagos\n|-activate|p2a: Terapagos|move: Protect\n|\n|-weather|RainDance|[upkeep]\n|-heal|p2b: Amoonguss|66/100|[from] Grassy Terrain\n|upkeep\n|turn|11\n|\n|t:|1776714474\n|move|p2a: Terapagos|Earth Power|p1a: Mrs. Dreads\n|-resisted|p1a: Mrs. Dreads\n|-damage|p1a: Mrs. Dreads|68/100\n|move|p1a: Mrs. Dreads|Wood Hammer|p2a: Terapagos\n|-damage|p2a: Terapagos|46/100\n|-damage|p1a: Mrs. Dreads|45/100|[from] Recoil\n|move|p2b: Amoonguss|Pollen Puff|p1a: Mrs. Dreads\n|-supereffective|p1a: Mrs. Dreads\n|-damage|p1a: Mrs. Dreads|2/100\n|\n|-weather|none\n|-heal|p2a: Terapagos|53/100|[from] Grassy Terrain\n|-heal|p2a: Terapagos|59/100|[from] item: Leftovers\n|-heal|p1a: Mrs. Dreads|8/100|[from] Grassy Terrain\n|-heal|p2b: Amoonguss|72/100|[from] Grassy Terrain\n|upkeep\n|turn|12\n|\n|t:|1776714490\n|switch|p2b: Incineroar|Incineroar, L50, F|86/100\n|-ability|p2b: Incineroar|Intimidate|boost\n|-unboost|p1a: Mrs. Dreads|atk|1\n|move|p2a: Terapagos|Protect|p2a: Terapagos\n|-singleturn|p2a: Terapagos|Protect\n|move|p1a: Mrs. Dreads|Wood Hammer|p2b: Incineroar\n|-resisted|p2b: Incineroar\n|-damage|p2b: Incineroar|60/100\n|-damage|p1a: Mrs. Dreads|0 fnt|[from] Recoil\n|faint|p1a: Mrs. Dreads\n|\n|win|hunkoraboni\n|raw|pumpkinflame's rating: 1448 &rarr; <strong>1422</strong><br />(-26 for losing)\n|raw|hunkoraboni's rating: 1347 &rarr; <strong>1373</strong><br />(+26 for winning)\n","uploadtime":1776714502,"views":10,"formatid":"gen9vgc2026regi","rating":1373,"private":0,"password":null}