{"id":"gen9vgc2026regi-2552282121","format":"[Gen 9] VGC 2026 Reg I","players":["ichoseyoupoppo","CHR1SPHX"],"log":"|j|\u2606ichoseyoupoppo\n|j|\u2606CHR1SPHX\n|t:|1772701922\n|gametype|doubles\n|player|p1|ichoseyoupoppo|maid|1086\n|player|p2|CHR1SPHX|hilbert|1245\n|gen|9\n|tier|[Gen 9] VGC 2026 Reg I\n|rated|\n|rule|Species Clause: Limit one of each Pok\u00e9mon\n|rule|Item Clause: Limit 1 of each item\n|clearpoke\n|poke|p1|Kyurem-White, L50|\n|poke|p1|Ninetales-Alola, L50, M|\n|poke|p1|Tornadus, L50, M|\n|poke|p1|Ogerpon-Hearthflame, L50, F|\n|poke|p1|Miraidon, L50|\n|poke|p1|Gouging Fire, L50|\n|poke|p2|Lunala, L50|\n|poke|p2|Amoonguss, L50, M|\n|poke|p2|Ursaluna-Bloodmoon, L50, M|\n|poke|p2|Incineroar, L50, M|\n|poke|p2|Koraidon, L50|\n|poke|p2|Flutter Mane, L50|\n|teampreview|4\n|inactive|Battle timer is ON: inactive players will automatically lose when time's up. (requested by CHR1SPHX)\n|j| mtbsj\n|inactive|ichoseyoupoppo has 60 seconds left.\n|inactive|CHR1SPHX has 60 seconds left.\n|j| zarakuren41\n|inactive|CHR1SPHX has 30 seconds left.\n|\n|t:|1772701984\n|teamsize|p1|4\n|teamsize|p2|4\n|start\n|switch|p1a: Miraidon|Miraidon, L50|100/100\n|switch|p1b: Tornadus|Tornadus, L50, M|100/100\n|switch|p2a: Ursaluna|Ursaluna-Bloodmoon, L50, M|100/100\n|switch|p2b: Incineroar|Incineroar, L50, M|100/100\n|-fieldstart|move: Electric Terrain|[from] ability: Hadron Engine|[of] p1a: Miraidon\n|-ability|p2b: Incineroar|Intimidate|boost\n|-unboost|p1a: Miraidon|atk|1\n|-unboost|p1b: Tornadus|atk|1\n|turn|1\n|\n|t:|1772702002\n|move|p1a: Miraidon|Protect|p1a: Miraidon\n|-singleturn|p1a: Miraidon|Protect\n|move|p2b: Incineroar|Fake Out|p1a: Miraidon\n|-activate|p1a: Miraidon|move: Protect\n|move|p1b: Tornadus|Tailwind|p1b: Tornadus\n|-sidestart|p1: ichoseyoupoppo|move: Tailwind\n|move|p2a: Ursaluna|Earth Power|p1a: Miraidon\n|-activate|p1a: Miraidon|move: Protect\n|\n|upkeep\n|turn|2\n|inactive|CHR1SPHX has 30 seconds left.\n|\n|t:|1772702029\n|move|p2a: Ursaluna|Protect|p2a: Ursaluna\n|-singleturn|p2a: Ursaluna|Protect\n|move|p1a: Miraidon|Volt Switch|p2b: Incineroar\n|-damage|p2b: Incineroar|34/100\n|-damage|p1a: Miraidon|91/100|[from] item: Life Orb\n|\n|t:|1772702035\n|switch|p1a: Ogerpon|Ogerpon-Hearthflame, L50, F|100/100|[from] Volt Switch\n|-ability|p1a: Ogerpon|Mold Breaker\n|move|p1b: Tornadus|U-turn|p2a: Ursaluna\n|-activate|p2a: Ursaluna|move: Protect\n|move|p2b: Incineroar|Parting Shot|p1a: Ogerpon\n|-unboost|p1a: Ogerpon|atk|1\n|-unboost|p1a: Ogerpon|spa|1\n|l| zarakuren41\n|\n|t:|1772702050\n|switch|p2b: Koraidon|Koraidon, L50|100/100|[from] Parting Shot\n|-weather|SunnyDay|[from] ability: Orichalcum Pulse|[of] p2b: Koraidon\n|-activate|p2b: Koraidon|Orichalcum Pulse|[source]\n|\n|-weather|SunnyDay|[upkeep]\n|upkeep\n|turn|3\n|\n|t:|1772702069\n|switch|p2a: Incineroar|Incineroar, L50, M|34/100\n|-ability|p2a: Incineroar|Intimidate|boost\n|-unboost|p1a: Ogerpon|atk|1\n|-unboost|p1b: Tornadus|atk|1\n|-terastallize|p2b: Koraidon|Fire\n|move|p1a: Ogerpon|Spiky Shield|p1a: Ogerpon\n|-singleturn|p1a: Ogerpon|move: Protect\n|move|p1b: Tornadus|Bleakwind Storm|p2b: Koraidon|[spread] p2b\n|-miss|p1b: Tornadus|p2a: Incineroar\n|-damage|p2b: Koraidon|76/100\n|move|p2b: Koraidon|Flame Charge|p1b: Tornadus\n|-damage|p1b: Tornadus|25/100\n|-boost|p2b: Koraidon|spe|1\n|\n|-weather|SunnyDay|[upkeep]\n|upkeep\n|turn|4\n|inactive|ichoseyoupoppo has 30 seconds left.\n|inactive|CHR1SPHX has 30 seconds left.\n|\n|t:|1772702100\n|move|p1b: Tornadus|U-turn|p2b: Koraidon\n|-resisted|p2b: Koraidon\n|-damage|p2b: Koraidon|73/100\n|\n|t:|1772702104\n|switch|p1b: Gouging Fire|Gouging Fire, L50|100/100|[from] U-turn\n|-activate|p1b: Gouging Fire|ability: Protosynthesis\n|-start|p1b: Gouging Fire|protosynthesisatk\n|move|p1a: Ogerpon|U-turn|p2b: Koraidon\n|-resisted|p2b: Koraidon\n|-damage|p2b: Koraidon|67/100\n|\n|t:|1772702112\n|switch|p1a: Tornadus|Tornadus, L50, M|25/100|[from] U-turn\n|move|p2b: Koraidon|Flame Charge|p1b: Gouging Fire\n|-resisted|p1b: Gouging Fire\n|-damage|p1b: Gouging Fire|88/100\n|-boost|p2b: Koraidon|spe|1\n|move|p2a: Incineroar|Knock Off|p1a: Tornadus\n|-damage|p1a: Tornadus|0 fnt\n|-enditem|p1a: Tornadus|Covert Cloak|[from] move: Knock Off|[of] p2a: Incineroar\n|faint|p1a: Tornadus\n|\n|-weather|SunnyDay|[upkeep]\n|-sideend|p1: ichoseyoupoppo|move: Tailwind\n|upkeep\n|\n|t:|1772702122\n|switch|p1a: Ogerpon|Ogerpon-Hearthflame, L50, F|100/100\n|-ability|p1a: Ogerpon|Mold Breaker\n|turn|5\n|\n|t:|1772702143\n|switch|p2a: Flutter Mane|Flutter Mane, L50|100/100\n|-activate|p2a: Flutter Mane|ability: Protosynthesis\n|-start|p2a: Flutter Mane|protosynthesisspe\n|move|p2b: Koraidon|Protect|p2b: Koraidon\n|-singleturn|p2b: Koraidon|Protect\n|move|p1a: Ogerpon|Follow Me|p1a: Ogerpon\n|-singleturn|p1a: Ogerpon|move: Follow Me\n|move|p1b: Gouging Fire|Dragon Claw|p2b: Koraidon\n|-activate|p2b: Koraidon|move: Protect\n|\n|-weather|SunnyDay|[upkeep]\n|-fieldend|move: Electric Terrain\n|upkeep\n|turn|6\n|inactive|CHR1SPHX has 30 seconds left.\n|\n|t:|1772702170\n|-end|p2a: Flutter Mane|Protosynthesis|[silent]\n|switch|p2a: Incineroar|Incineroar, L50, M|34/100\n|-ability|p2a: Incineroar|Intimidate|boost\n|-unboost|p1a: Ogerpon|atk|1\n|-fail|p1b: Gouging Fire|unboost|[from] item: Clear Amulet|[of] p1b: Gouging Fire\n|-terastallize|p1b: Gouging Fire|Normal\n|move|p1a: Ogerpon|Follow Me|p1a: Ogerpon\n|-singleturn|p1a: Ogerpon|move: Follow Me\n|move|p2b: Koraidon|Flare Blitz|p1a: Ogerpon\n|-damage|p1a: Ogerpon|0 fnt\n|faint|p1a: Ogerpon\n|-damage|p2b: Koraidon|39/100|[from] Recoil\n|move|p1b: Gouging Fire|Dragon Claw|p2b: Koraidon\n|-damage|p2b: Koraidon|0 fnt\n|faint|p2b: Koraidon\n|\n|-weather|none\n|-end|p1b: Gouging Fire|Protosynthesis\n|upkeep\n|\n|t:|1772702191\n|switch|p2b: Ursaluna|Ursaluna-Bloodmoon, L50, M|100/100\n|switch|p1a: Miraidon|Miraidon, L50|91/100\n|-fieldstart|move: Electric Terrain|[from] ability: Hadron Engine|[of] p1a: Miraidon\n|turn|7\n|\n|t:|1772702205\n|move|p1a: Miraidon|Protect|p1a: Miraidon\n|-singleturn|p1a: Miraidon|Protect\n|move|p1b: Gouging Fire|Burning Bulwark|p1b: Gouging Fire\n|-singleturn|p1b: Gouging Fire|move: Protect\n|move|p2a: Incineroar|Fake Out|p1b: Gouging Fire\n|-activate|p1b: Gouging Fire|move: Protect\n|move|p2b: Ursaluna|Hyper Voice|p1b: Gouging Fire|[spread] \n|-activate|p1a: Miraidon|move: Protect\n|-activate|p1b: Gouging Fire|move: Protect\n|\n|upkeep\n|turn|8\n|\n|t:|1772702224\n|switch|p2a: Flutter Mane|Flutter Mane, L50|100/100\n|move|p2b: Ursaluna|Protect|p2b: Ursaluna\n|-singleturn|p2b: Ursaluna|Protect\n|move|p1a: Miraidon|Dazzling Gleam|p2b: Ursaluna|[spread] p2a\n|-activate|p2b: Ursaluna|move: Protect\n|-damage|p2a: Flutter Mane|65/100\n|-damage|p1a: Miraidon|81/100|[from] item: Life Orb\n|move|p1b: Gouging Fire|Dragon Dance|p1b: Gouging Fire\n|-boost|p1b: Gouging Fire|atk|1\n|-boost|p1b: Gouging Fire|spe|1\n|\n|upkeep\n|turn|9\n|inactive|CHR1SPHX has 30 seconds left.\n|\n|t:|1772702251\n|-end|p2a: Flutter Mane|Protosynthesis|[silent]\n|switch|p2a: Incineroar|Incineroar, L50, M|34/100\n|-ability|p2a: Incineroar|Intimidate|boost\n|-unboost|p1a: Miraidon|atk|1\n|-fail|p1b: Gouging Fire|unboost|[from] item: Clear Amulet|[of] p1b: Gouging Fire\n|move|p1b: Gouging Fire|Flare Blitz|p2b: Ursaluna\n|-damage|p2b: Ursaluna|37/100\n|-damage|p1b: Gouging Fire|63/100|[from] Recoil\n|move|p1a: Miraidon|Electro Drift|p2a: Incineroar\n|-damage|p2a: Incineroar|0 fnt\n|faint|p2a: Incineroar\n|-damage|p1a: Miraidon|72/100|[from] item: Life Orb\n|move|p2b: Ursaluna|Earth Power|p1a: Miraidon\n|-supereffective|p1a: Miraidon\n|-damage|p1a: Miraidon|0 fnt\n|faint|p1a: Miraidon\n|-damage|p2b: Ursaluna|27/100|[from] item: Life Orb\n|\n|upkeep\n|\n|t:|1772702264\n|switch|p2a: Flutter Mane|Flutter Mane, L50|65/100\n|turn|10\n|\n|t:|1772702274\n|move|p1b: Gouging Fire|Flare Blitz|p2a: Flutter Mane\n|-damage|p2a: Flutter Mane|0 fnt\n|faint|p2a: Flutter Mane\n|-end|p2a: Flutter Mane|Protosynthesis|[silent]\n|-damage|p1b: Gouging Fire|47/100|[from] Recoil\n|move|p2b: Ursaluna|Blood Moon|p1b: Gouging Fire\n|-damage|p1b: Gouging Fire|0 fnt\n|faint|p1b: Gouging Fire\n|-end|p1b: Gouging Fire|Protosynthesis|[silent]\n|-damage|p2b: Ursaluna|18/100|[from] item: Life Orb\n|\n|win|CHR1SPHX\n|raw|ichoseyoupoppo's rating: 1086 &rarr; <strong>1073</strong><br />(-13 for losing)\n|raw|CHR1SPHX's rating: 1245 &rarr; <strong>1259</strong><br />(+14 for winning)\n|l|\u2606ichoseyoupoppo\n|player|p1|\n|c|\u2606CHR1SPHX|gg\n|l| mtbsj\n","uploadtime":1772702291,"views":9,"formatid":"gen9vgc2026regi","rating":1073,"private":0,"password":null}