{"id":"gen9vgc2026regi-2590929958","format":"[Gen 9] VGC 2026 Reg I","players":["svenblack","24kpure"],"log":"|j|\u2606svenblack\n|j|\u260624kpure\n|t:|1776862365\n|gametype|doubles\n|player|p1|svenblack|barry|1537\n|player|p2|24kpure|170|1606\n|gen|9\n|tier|[Gen 9] VGC 2026 Reg I\n|rated|\n|rule|Species Clause: Limit one of each Pok\u00e9mon\n|rule|Item Clause: Limit 1 of each item\n|clearpoke\n|poke|p1|Grimmsnarl, L50, M|\n|poke|p1|Iron Hands, L50|\n|poke|p1|Miraidon, L50|\n|poke|p1|Ho-Oh, L50|\n|poke|p1|Farigiraf, L50, F|\n|poke|p1|Ursaluna, L50, M|\n|poke|p2|Muk-Alola, L50, F|\n|poke|p2|Smeargle, L50, M|\n|poke|p2|Rillaboom, L50, M|\n|poke|p2|Flamigo, L50, M|\n|poke|p2|Koraidon, L50|\n|poke|p2|Incineroar, L50, M|\n|teampreview|4\n|inactive|Battle timer is ON: inactive players will automatically lose when time's up. (requested by svenblack)\n|inactive|svenblack has 60 seconds left.\n|\n|t:|1776862401\n|teamsize|p1|4\n|teamsize|p2|4\n|start\n|switch|p1a: Miraidon|Miraidon, L50|100/100\n|switch|p1b: Ho-Oh|Ho-Oh, L50, shiny|100/100\n|switch|p2a: Muk|Muk-Alola, L50, F|100/100\n|switch|p2b: Smeargle|Smeargle, L50, M|100/100\n|-fieldstart|move: Electric Terrain|[from] ability: Hadron Engine|[of] p1a: Miraidon\n|turn|1\n|\n|t:|1776862414\n|switch|p2b: Rillaboom|Rillaboom, L50, M|100/100\n|-fieldstart|move: Grassy Terrain|[from] ability: Grassy Surge|[of] p2b: Rillaboom\n|switch|p1b: Farigiraf|Farigiraf, L50, F|100/100\n|move|p2a: Muk|Protect|p2a: Muk\n|-singleturn|p2a: Muk|Protect\n|move|p1a: Miraidon|Electro Drift|p2a: Muk\n|-activate|p2a: Muk|move: Protect\n|\n|upkeep\n|turn|2\n|\n|t:|1776862435\n|move|p1b: Farigiraf|Helping Hand|p1a: Miraidon\n|-singleturn|p1a: Miraidon|Helping Hand|[of] p1b: Farigiraf\n|move|p1a: Miraidon|Electro Drift|p2a: Muk\n|-damage|p2a: Muk|11/100\n|move|p2b: Rillaboom|U-turn|p1b: Farigiraf\n|-supereffective|p1b: Farigiraf\n|-damage|p1b: Farigiraf|69/100\n|\n|t:|1776862444\n|switch|p2b: Smeargle|Smeargle, L50, M|100/100|[from] U-turn\n|move|p2a: Muk|Minimize|p2a: Muk\n|-boost|p2a: Muk|evasion|2\n|\n|-heal|p1b: Farigiraf|75/100|[from] Grassy Terrain\n|-heal|p2a: Muk|17/100|[from] Grassy Terrain\n|-heal|p2a: Muk|23/100|[from] item: Leftovers\n|-ability|p2b: Smeargle|Moody|boost\n|-boost|p2b: Smeargle|spe|2\n|-unboost|p2b: Smeargle|spa|1\n|upkeep\n|turn|3\n|\n|t:|1776862460\n|switch|p1a: Ursaluna|Ursaluna, L50, M|100/100\n|move|p2a: Muk|Protect|p2a: Muk\n|-singleturn|p2a: Muk|Protect\n|move|p2b: Smeargle|Spore|p1a: Ursaluna\n|-status|p1a: Ursaluna|slp|[from] move: Spore\n|move|p1b: Farigiraf|Psychic Noise|p2b: Smeargle\n|-damage|p2b: Smeargle|46/100\n|-start|p2b: Smeargle|move: Heal Block\n|\n|-heal|p1b: Farigiraf|80/100|[from] Grassy Terrain\n|-heal|p2a: Muk|29/100|[from] Grassy Terrain\n|-heal|p2a: Muk|35/100|[from] item: Leftovers\n|-ability|p2b: Smeargle|Moody|boost\n|-boost|p2b: Smeargle|atk|2\n|-unboost|p2b: Smeargle|spd|1\n|upkeep\n|turn|4\n|\n|t:|1776862474\n|move|p2b: Smeargle|Spore|p1b: Farigiraf\n|-status|p1b: Farigiraf|slp|[from] move: Spore\n|cant|p1a: Ursaluna|slp\n|move|p2a: Muk|Minimize|p2a: Muk\n|-boost|p2a: Muk|evasion|2\n|cant|p1b: Farigiraf|slp\n|\n|-heal|p1b: Farigiraf|86/100 slp|[from] Grassy Terrain\n|-heal|p2a: Muk|42/100|[from] Grassy Terrain\n|-heal|p2a: Muk|48/100|[from] item: Leftovers\n|-end|p2b: Smeargle|move: Heal Block\n|-ability|p2b: Smeargle|Moody|boost\n|-boost|p2b: Smeargle|def|2\n|-unboost|p2b: Smeargle|atk|1\n|upkeep\n|turn|5\n|\n|t:|1776862484\n|-curestatus|p1b: Farigiraf|slp|[msg]\n|move|p1b: Farigiraf|Helping Hand|p1a: Ursaluna\n|-singleturn|p1a: Ursaluna|Helping Hand|[of] p1b: Farigiraf\n|move|p2b: Smeargle|Wide Guard|p2b: Smeargle\n|-singleturn|p2b: Smeargle|Wide Guard\n|-curestatus|p1a: Ursaluna|slp|[msg]\n|move|p1a: Ursaluna|Earthquake|p2a: Muk|[spread] p1b\n|-activate|p2a: Muk|move: Wide Guard\n|-activate|p2b: Smeargle|move: Wide Guard\n|-damage|p1b: Farigiraf|61/100\n|move|p2a: Muk|Minimize|p2a: Muk\n|-boost|p2a: Muk|evasion|2\n|\n|-heal|p2b: Smeargle|52/100|[from] Grassy Terrain\n|-heal|p1b: Farigiraf|67/100|[from] Grassy Terrain\n|-heal|p2a: Muk|54/100|[from] Grassy Terrain\n|-heal|p2a: Muk|60/100|[from] item: Leftovers\n|-fieldend|move: Grassy Terrain\n|-ability|p2b: Smeargle|Moody|boost\n|-boost|p2b: Smeargle|def|2\n|-unboost|p2b: Smeargle|spa|1\n|-status|p1a: Ursaluna|brn|[from] item: Flame Orb\n|upkeep\n|turn|6\n|c|\u260624kpure|wow\n|\n|t:|1776862508\n|move|p2a: Muk|Protect|p2a: Muk\n|-singleturn|p2a: Muk|Protect\n|move|p2b: Smeargle|Spore|p1b: Farigiraf\n|-status|p1b: Farigiraf|slp|[from] move: Spore\n|cant|p1b: Farigiraf|slp\n|move|p1a: Ursaluna|Earthquake|p2b: Smeargle|[spread] p1b,p2b\n|-activate|p2a: Muk|move: Protect\n|-crit|p2b: Smeargle\n|-damage|p1b: Farigiraf|10/100 slp\n|-damage|p2b: Smeargle|0 fnt\n|faint|p2b: Smeargle\n|-ability|p2a: Muk|Moody|Power of Alchemy|[from] ability: Power of Alchemy|[of] p2b: Smeargle\n|\n|-heal|p2a: Muk|66/100|[from] item: Leftovers\n|-damage|p1a: Ursaluna|94/100 brn|[from] brn\n|-ability|p2a: Muk|Moody|boost\n|-boost|p2a: Muk|spd|2\n|-unboost|p2a: Muk|spa|1\n|upkeep\n|\n|t:|1776862517\n|switch|p2b: Rillaboom|Rillaboom, L50, M|100/100\n|-fieldstart|move: Grassy Terrain|[from] ability: Grassy Surge|[of] p2b: Rillaboom\n|turn|7\n|\n|t:|1776862534\n|switch|p1b: Ho-Oh|Ho-Oh, L50, shiny|100/100\n|-terastallize|p1a: Ursaluna|Ghost\n|-terastallize|p2a: Muk|Grass\n|move|p2b: Rillaboom|Drum Beating|p1a: Ursaluna\n|-damage|p1a: Ursaluna|62/100 brn\n|-unboost|p1a: Ursaluna|spe|1\n|move|p2a: Muk|Knock Off|p1a: Ursaluna\n|-supereffective|p1a: Ursaluna\n|-damage|p1a: Ursaluna|7/100 brn\n|-enditem|p1a: Ursaluna|Flame Orb|[from] move: Knock Off|[of] p2a: Muk\n|move|p1a: Ursaluna|Headlong Rush|p2a: Muk|[miss]\n|-miss|p1a: Ursaluna|p2a: Muk\n|\n|-heal|p2a: Muk|72/100|[from] Grassy Terrain\n|-heal|p2a: Muk|78/100|[from] item: Leftovers\n|-heal|p1a: Ursaluna|13/100 brn|[from] Grassy Terrain\n|-damage|p1a: Ursaluna|7/100 brn|[from] brn\n|-ability|p2a: Muk|Moody|boost\n|-boost|p2a: Muk|spa|2\n|-unboost|p2a: Muk|spd|1\n|upkeep\n|turn|8\n|\n|t:|1776862557\n|switch|p2b: Flamigo|Flamigo, L50, M|100/100\n|-copyboost|p2b: Flamigo|p2a: Muk|[from] ability: Costar\n|switch|p1a: Miraidon|Miraidon, L50|100/100\n|-fieldstart|move: Electric Terrain|[from] ability: Hadron Engine|[of] p1a: Miraidon\n|move|p1b: Ho-Oh|Brave Bird|p2b: Flamigo|[miss]\n|-miss|p1b: Ho-Oh|p2b: Flamigo\n|move|p2a: Muk|Toxic|p1b: Ho-Oh\n|-status|p1b: Ho-Oh|tox\n|\n|-heal|p2a: Muk|84/100|[from] item: Leftovers\n|-damage|p1b: Ho-Oh|94/100 tox|[from] psn\n|-ability|p2a: Muk|Moody|boost\n|-boost|p2a: Muk|spd|2\n|-unboost|p2a: Muk|spa|1\n|upkeep\n|turn|9\n|\n|t:|1776862577\n|move|p2b: Flamigo|Protect|p2b: Flamigo\n|-singleturn|p2b: Flamigo|Protect\n|move|p2a: Muk|Protect|p2a: Muk\n|-singleturn|p2a: Muk|Protect\n|move|p1a: Miraidon|Electro Drift|p2b: Flamigo\n|-activate|p2b: Flamigo|move: Protect\n|move|p1b: Ho-Oh|Brave Bird|p2a: Muk\n|-activate|p2a: Muk|move: Protect\n|\n|-heal|p1b: Ho-Oh|100/100 tox|[from] item: Leftovers\n|-heal|p2a: Muk|91/100|[from] item: Leftovers\n|-damage|p1b: Ho-Oh|88/100 tox|[from] psn\n|-ability|p2a: Muk|Moody|boost\n|-boost|p2a: Muk|def|2\n|-unboost|p2a: Muk|spd|1\n|upkeep\n|turn|10\n|inactive|svenblack has 30 seconds left.\n|\n|t:|1776862604\n|move|p1a: Miraidon|Electro Drift|p2a: Muk|[miss]\n|-miss|p1a: Miraidon|p2a: Muk\n|move|p2b: Flamigo|Substitute|p2b: Flamigo\n|-start|p2b: Flamigo|Substitute\n|-damage|p2b: Flamigo|76/100\n|move|p1b: Ho-Oh|Brave Bird|p2a: Muk|[miss]\n|-miss|p1b: Ho-Oh|p2a: Muk\n|move|p2a: Muk|Knock Off|p1a: Miraidon\n|-damage|p1a: Miraidon|72/100\n|-enditem|p1a: Miraidon|Choice Specs|[from] move: Knock Off|[of] p2a: Muk\n|\n|-heal|p1b: Ho-Oh|94/100 tox|[from] item: Leftovers\n|-heal|p2a: Muk|97/100|[from] item: Leftovers\n|-damage|p1b: Ho-Oh|76/100 tox|[from] psn\n|-ability|p2a: Muk|Moody|boost\n|-boost|p2a: Muk|spd|2\n|-unboost|p2a: Muk|spe|1\n|upkeep\n|turn|11\n|\n|t:|1776862615\n|move|p2b: Flamigo|Protect|p2b: Flamigo\n|-singleturn|p2b: Flamigo|Protect\n|move|p2a: Muk|Protect|p2a: Muk\n|-singleturn|p2a: Muk|Protect\n|move|p1a: Miraidon|Electro Drift|p2b: Flamigo\n|-activate|p2b: Flamigo|move: Protect\n|move|p1b: Ho-Oh|Brave Bird|p2b: Flamigo\n|-activate|p2b: Flamigo|move: Protect\n|\n|-heal|p1b: Ho-Oh|82/100 tox|[from] item: Leftovers\n|-heal|p2a: Muk|100/100|[from] item: Leftovers\n|-damage|p1b: Ho-Oh|58/100 tox|[from] psn\n|-ability|p2a: Muk|Moody|boost\n|-boost|p2a: Muk|spd|2\n|-unboost|p2a: Muk|def|1\n|upkeep\n|turn|12\n|\n|t:|1776862630\n|move|p1a: Miraidon|Dazzling Gleam|p2b: Flamigo|[spread] \n|-miss|p1a: Miraidon|p2a: Muk\n|-miss|p1a: Miraidon|p2b: Flamigo\n|move|p2b: Flamigo|Low Kick|p1a: Miraidon\n|-damage|p1a: Miraidon|23/100\n|move|p1b: Ho-Oh|Sacred Fire|p2a: Muk\n|-supereffective|p2a: Muk\n|-damage|p2a: Muk|47/100\n|-status|p2a: Muk|brn\n|move|p2a: Muk|Knock Off|p1b: Ho-Oh\n|-damage|p1b: Ho-Oh|44/100 tox\n|-enditem|p1b: Ho-Oh|Leftovers|[from] move: Knock Off|[of] p2a: Muk\n|\n|-heal|p2a: Muk|53/100 brn|[from] item: Leftovers\n|-damage|p1b: Ho-Oh|13/100 tox|[from] psn\n|-damage|p2a: Muk|47/100 brn|[from] brn\n|-fieldend|move: Electric Terrain\n|-ability|p2a: Muk|Moody|boost\n|-boost|p2a: Muk|spa|2\n|-unboost|p2a: Muk|spd|1\n|upkeep\n|turn|13\n|\n|t:|1776862654\n|switch|p1a: Farigiraf|Farigiraf, L50, F|10/100 slp\n|switch|p1b: Ursaluna|Ursaluna, L50, M, tera:Ghost|7/100 brn\n|move|p2b: Flamigo|Low Kick|p1b: Ursaluna\n|-immune|p1b: Ursaluna\n|move|p2a: Muk|Toxic||[still]\n|-fail|p2a: Muk\n|\n|-heal|p2a: Muk|53/100 brn|[from] item: Leftovers\n|-damage|p1b: Ursaluna|1/100 brn|[from] brn\n|-damage|p2a: Muk|47/100 brn|[from] brn\n|-ability|p2a: Muk|Moody|boost\n|-boost|p2a: Muk|spd|1\n|-unboost|p2a: Muk|atk|1\n|upkeep\n|turn|14\n|\n|t:|1776862672\n|switch|p1a: Miraidon|Miraidon, L50|23/100\n|-fieldstart|move: Electric Terrain|[from] ability: Hadron Engine|[of] p1a: Miraidon\n|switch|p1b: Ho-Oh|Ho-Oh, L50, shiny|47/100 tox\n|move|p2b: Flamigo|Low Kick|p1a: Miraidon\n|-damage|p1a: Miraidon|0 fnt\n|faint|p1a: Miraidon\n|move|p2a: Muk|Knock Off|p1b: Ho-Oh\n|-damage|p1b: Ho-Oh|40/100 tox\n|\n|-heal|p2a: Muk|53/100 brn|[from] item: Leftovers\n|-damage|p1b: Ho-Oh|34/100 tox|[from] psn\n|-damage|p2a: Muk|47/100 brn|[from] brn\n|-ability|p2a: Muk|Moody|boost\n|-boost|p2a: Muk|spa|2\n|-unboost|p2a: Muk|def|1\n|upkeep\n|-message|svenblack forfeited.\n|\n|win|24kpure\n|raw|svenblack's rating: 1537 &rarr; <strong>1521</strong><br />(-16 for losing)\n|raw|24kpure's rating: 1606 &rarr; <strong>1622</strong><br />(+16 for winning)\n|l|\u2606svenblack\n|player|p1|\n|l|\u260624kpure\n|player|p2|\n","uploadtime":1776862920,"views":13,"formatid":"gen9vgc2026regi","rating":1521,"private":0,"password":null}