{"id":"gen9vgc2026regi-2530480027","format":"[Gen 9] VGC 2026 Reg I","players":["Indeedee Follow","SEITA"],"log":"|j|\u2606Indeedee Follow\n|j|\u2606SEITA\n|t:|1769923429\n|gametype|doubles\n|player|p1|Indeedee Follow|266|1268\n|player|p2|SEITA|169|1141\n|gen|9\n|tier|[Gen 9] VGC 2026 Reg I\n|rated|\n|rule|Species Clause: Limit one of each Pok\u00e9mon\n|rule|Item Clause: Limit 1 of each item\n|clearpoke\n|poke|p1|Calyrex-Shadow, L50|\n|poke|p1|Kyogre, L50|\n|poke|p1|Incineroar, L50, M|\n|poke|p1|Rillaboom, L50, M|\n|poke|p1|Clefairy, L50, F|\n|poke|p1|Grimmsnarl, L50, M|\n|poke|p2|Zamazenta-*, L50|\n|poke|p2|Kyogre, L50|\n|poke|p2|Grimmsnarl, L50, M|\n|poke|p2|Landorus, L50, M|\n|poke|p2|Wo-Chien, L50|\n|poke|p2|Ditto, L50|\n|teampreview|4\n|\n|t:|1769923485\n|teamsize|p1|4\n|teamsize|p2|4\n|start\n|switch|p1a: Rillaboom|Rillaboom, L50, M, shiny|100/100\n|switch|p1b: Kyogre|Kyogre, L50, shiny|100/100\n|switch|p2a: Grimmsnarl|Grimmsnarl, L50, M|100/100\n|switch|p2b: Zamazenta|Zamazenta-Crowned, L50|100/100\n|-weather|RainDance|[from] ability: Drizzle|[of] p1b: Kyogre\n|-ability|p2b: Zamazenta|Dauntless Shield|boost\n|-boost|p2b: Zamazenta|def|1\n|-fieldstart|move: Grassy Terrain|[from] ability: Grassy Surge|[of] p1a: Rillaboom\n|turn|1\n|j| alex20101010\n|\n|t:|1769923541\n|switch|p2a: Wo-Chien|Wo-Chien, L50|100/100\n|-ability|p2a: Wo-Chien|Tablets of Ruin\n|-terastallize|p2b: Zamazenta|Grass\n|move|p1a: Rillaboom|Fake Out|p2a: Wo-Chien\n|-damage|p2a: Wo-Chien|92/100\n|move|p1b: Kyogre|Water Spout|p2a: Wo-Chien|[spread] p2a,p2b\n|-resisted|p2a: Wo-Chien\n|-resisted|p2b: Zamazenta\n|-damage|p2a: Wo-Chien|57/100\n|-damage|p2b: Zamazenta|69/100\n|move|p2b: Zamazenta|Iron Defense|p2b: Zamazenta\n|-boost|p2b: Zamazenta|def|2\n|\n|-weather|RainDance|[upkeep]\n|-heal|p2b: Zamazenta|75/100|[from] Grassy Terrain\n|-heal|p2a: Wo-Chien|64/100|[from] Grassy Terrain\n|-heal|p2a: Wo-Chien|70/100|[from] item: Leftovers\n|upkeep\n|turn|2\n|\n|t:|1769923588\n|switch|p1b: Calyrex|Calyrex-Shadow, L50|100/100\n|-ability|p1b: Calyrex|As One\n|-ability|p1b: Calyrex|Unnerve\n|move|p2a: Wo-Chien|Protect|p2a: Wo-Chien\n|-singleturn|p2a: Wo-Chien|Protect\n|move|p2b: Zamazenta|Body Press|p1b: Calyrex\n|-immune|p1b: Calyrex\n|move|p1a: Rillaboom|U-turn|p2b: Zamazenta\n|-supereffective|p2b: Zamazenta\n|-damage|p2b: Zamazenta|66/100\n|\n|t:|1769923600\n|switch|p1a: Clefairy|Clefairy, L50, F|100/100|[from] U-turn\n|\n|-weather|RainDance|[upkeep]\n|-heal|p2b: Zamazenta|72/100|[from] Grassy Terrain\n|-heal|p2a: Wo-Chien|76/100|[from] Grassy Terrain\n|-heal|p2a: Wo-Chien|82/100|[from] item: Leftovers\n|upkeep\n|turn|3\n|\n|t:|1769923616\n|move|p1a: Clefairy|Follow Me|p1a: Clefairy\n|-singleturn|p1a: Clefairy|move: Follow Me\n|move|p1b: Calyrex|Calm Mind|p1b: Calyrex\n|-boost|p1b: Calyrex|spa|1\n|-boost|p1b: Calyrex|spd|1\n|move|p2b: Zamazenta|Behemoth Bash|p1a: Clefairy\n|-supereffective|p1a: Clefairy\n|-damage|p1a: Clefairy|55/100\n|move|p2a: Wo-Chien|Pollen Puff|p1a: Clefairy\n|-resisted|p1a: Clefairy\n|-damage|p1a: Clefairy|47/100\n|\n|-weather|RainDance|[upkeep]\n|-heal|p2b: Zamazenta|78/100|[from] Grassy Terrain\n|-heal|p2a: Wo-Chien|89/100|[from] Grassy Terrain\n|-heal|p2a: Wo-Chien|95/100|[from] item: Leftovers\n|-heal|p1a: Clefairy|53/100|[from] Grassy Terrain\n|upkeep\n|turn|4\n|\n|t:|1769923646\n|-terastallize|p1b: Calyrex|Fairy\n|move|p1a: Clefairy|Follow Me|p1a: Clefairy\n|-singleturn|p1a: Clefairy|move: Follow Me\n|move|p1b: Calyrex|Draining Kiss|p2a: Wo-Chien\n|-supereffective|p2a: Wo-Chien\n|-damage|p2a: Wo-Chien|23/100\n|move|p2b: Zamazenta|Behemoth Bash|p1a: Clefairy\n|-supereffective|p1a: Clefairy\n|-damage|p1a: Clefairy|2/100\n|move|p2a: Wo-Chien|Foul Play|p1a: Clefairy\n|-resisted|p1a: Clefairy\n|-damage|p1a: Clefairy|0 fnt\n|faint|p1a: Clefairy\n|\n|-weather|RainDance|[upkeep]\n|-heal|p2b: Zamazenta|84/100|[from] Grassy Terrain\n|-heal|p2a: Wo-Chien|29/100|[from] Grassy Terrain\n|-heal|p2a: Wo-Chien|35/100|[from] item: Leftovers\n|upkeep\n|\n|t:|1769923656\n|switch|p1a: Kyogre|Kyogre, L50, shiny|100/100\n|turn|5\n|\n|t:|1769923696\n|move|p2b: Zamazenta|Protect|p2b: Zamazenta\n|-singleturn|p2b: Zamazenta|Protect\n|move|p1a: Kyogre|Water Spout|p2a: Wo-Chien|[spread] p2a\n|-activate|p2b: Zamazenta|move: Protect\n|-resisted|p2a: Wo-Chien\n|-damage|p2a: Wo-Chien|0 fnt\n|faint|p2a: Wo-Chien\n|move|p1b: Calyrex|Astral Barrage|p2b: Zamazenta\n|-activate|p2b: Zamazenta|move: Protect\n|\n|-weather|none\n|-heal|p2b: Zamazenta|90/100|[from] Grassy Terrain\n|-fieldend|move: Grassy Terrain\n|upkeep\n|\n|t:|1769923712\n|switch|p2a: Ditto|Ditto, L50|100/100\n|-transform|p2a: Ditto|p1b: Calyrex|[from] ability: Imposter\n|-ability|p2a: Ditto|As One\n|-ability|p2a: Ditto|Unnerve\n|-start|p2a: Ditto|typechange|Psychic/Ghost|[silent]\n|turn|6\n|\n|t:|1769923743\n|move|p1a: Kyogre|Water Spout|p2b: Zamazenta|[spread] p2a,p2b\n|-resisted|p2b: Zamazenta\n|-crit|p2b: Zamazenta\n|-damage|p2a: Ditto|53/100\n|-damage|p2b: Zamazenta|56/100\n|move|p2a: Ditto|Astral Barrage|p1a: Kyogre|[spread] p1a,p1b\n|-damage|p1a: Kyogre|43/100\n|-damage|p1b: Calyrex|54/100\n|move|p1b: Calyrex|Astral Barrage|p2a: Ditto|[spread] p2a,p2b\n|-supereffective|p2a: Ditto\n|-damage|p2a: Ditto|0 fnt\n|-damage|p2b: Zamazenta|10/100\n|faint|p2a: Ditto\n|-ability|p1b: Calyrex|Grim Neigh|boost\n|-boost|p1b: Calyrex|spa|1\n|move|p2b: Zamazenta|Behemoth Bash|p1b: Calyrex\n|-supereffective|p1b: Calyrex\n|-damage|p1b: Calyrex|0 fnt\n|faint|p1b: Calyrex\n|\n|upkeep\n|\n|t:|1769923764\n|switch|p1b: Rillaboom|Rillaboom, L50, M, shiny|100/100\n|switch|p2a: Grimmsnarl|Grimmsnarl, L50, M|100/100\n|-fieldstart|move: Grassy Terrain|[from] ability: Grassy Surge|[of] p1b: Rillaboom\n|turn|7\n|\n|t:|1769923774\n|move|p2b: Zamazenta|Protect|p2b: Zamazenta\n|-singleturn|p2b: Zamazenta|Protect\n|move|p2a: Grimmsnarl|Light Screen|p2a: Grimmsnarl\n|-sidestart|p2: SEITA|move: Light Screen\n|move|p1a: Kyogre|Water Spout|p2a: Grimmsnarl|[spread] p2a\n|-activate|p2b: Zamazenta|move: Protect\n|-damage|p2a: Grimmsnarl|81/100\n|move|p1b: Rillaboom|Wood Hammer|p2a: Grimmsnarl\n|-damage|p2a: Grimmsnarl|23/100\n|-damage|p1b: Rillaboom|82/100|[from] Recoil\n|\n|-heal|p1a: Kyogre|49/100|[from] Grassy Terrain\n|-heal|p2b: Zamazenta|16/100|[from] Grassy Terrain\n|-heal|p1b: Rillaboom|87/100|[from] Grassy Terrain\n|-heal|p2a: Grimmsnarl|29/100|[from] Grassy Terrain\n|upkeep\n|turn|8\n|\n|t:|1769923795\n|move|p2a: Grimmsnarl|Parting Shot|p1a: Kyogre\n|-unboost|p1a: Kyogre|atk|1\n|-unboost|p1a: Kyogre|spa|1\n|move|p1a: Kyogre|Water Spout|p2a: Grimmsnarl|[spread] p2a,p2b\n|-resisted|p2b: Zamazenta\n|-damage|p2a: Grimmsnarl|15/100\n|-damage|p2b: Zamazenta|12/100\n|move|p2b: Zamazenta|Body Press|p1a: Kyogre\n|-damage|p1a: Kyogre|0 fnt\n|faint|p1a: Kyogre\n|move|p1b: Rillaboom|Wood Hammer|p2a: Grimmsnarl\n|-damage|p2a: Grimmsnarl|0 fnt\n|faint|p2a: Grimmsnarl\n|-damage|p1b: Rillaboom|83/100|[from] Recoil\n|\n|-heal|p2b: Zamazenta|18/100|[from] Grassy Terrain\n|-heal|p1b: Rillaboom|88/100|[from] Grassy Terrain\n|upkeep\n|turn|9\n|\n|t:|1769923829\n|move|p2b: Zamazenta|Body Press|p1b: Rillaboom\n|-damage|p1b: Rillaboom|0 fnt\n|faint|p1b: Rillaboom\n|\n|win|SEITA\n|raw|Indeedee Follow's rating: 1268 &rarr; <strong>1234</strong><br />(-34 for losing)\n|raw|SEITA's rating: 1141 &rarr; <strong>1175</strong><br />(+34 for winning)\n|l|\u2606SEITA\n|player|p2|\n|l| alex20101010\n|l|\u2606Indeedee Follow\n|player|p1|\n","uploadtime":1769924223,"views":12,"formatid":"gen9vgc2026regi","rating":1175,"private":0,"password":null}