{"id":"gen9vgc2026regi-2519376026","format":"[Gen 9] VGC 2026 Reg I","players":["Atlas Erol VGC","kojimuranishi"],"log":"|j|\u2606Atlas Erol VGC\n|j|\u2606kojimuranishi\n|t:|1768500450\n|gametype|doubles\n|player|p1|Atlas Erol VGC|swimmer-gen4dp|1331\n|player|p2|kojimuranishi|265|1470\n|gen|9\n|tier|[Gen 9] VGC 2026 Reg I\n|rated|\n|rule|Species Clause: Limit one of each Pok\u00e9mon\n|rule|Item Clause: Limit 1 of each item\n|clearpoke\n|poke|p1|Eternatus, L50|\n|poke|p1|Grimmsnarl, L50, M|\n|poke|p1|Rillaboom, L50, M|\n|poke|p1|Ting-Lu, L50|\n|poke|p1|Zamazenta-*, L50|\n|poke|p1|Glimmora, L50, F|\n|poke|p2|Zamazenta-*, L50|\n|poke|p2|Lunala, L50|\n|poke|p2|Chien-Pao, L50|\n|poke|p2|Dragonite, L50, F|\n|poke|p2|Chi-Yu, L50|\n|poke|p2|Urshifu-*, L50, F|\n|teampreview|4\n|inactive|Battle timer is ON: inactive players will automatically lose when time's up. (requested by kojimuranishi)\n|\n|t:|1768500478\n|teamsize|p1|4\n|teamsize|p2|4\n|start\n|switch|p1a: Eternatus|Eternatus, L50|100/100\n|switch|p1b: Grimmsnarl|Grimmsnarl, L50, M|100/100\n|switch|p2a: Zamazenta|Zamazenta-Crowned, L50|100/100\n|switch|p2b: Lunala|Lunala, L50|100/100\n|-ability|p1a: Eternatus|Pressure\n|-ability|p2a: Zamazenta|Dauntless Shield|boost\n|-boost|p2a: Zamazenta|def|1\n|turn|1\n|\n|t:|1768500502\n|-terastallize|p1b: Grimmsnarl|Water\n|move|p1b: Grimmsnarl|Reflect|p1b: Grimmsnarl\n|-sidestart|p1: Atlas Erol VGC|Reflect\n|move|p1a: Eternatus|Cosmic Power|p1a: Eternatus\n|-boost|p1a: Eternatus|def|1\n|-boost|p1a: Eternatus|spd|1\n|move|p2a: Zamazenta|Behemoth Bash|p1b: Grimmsnarl\n|-resisted|p1b: Grimmsnarl\n|-damage|p1b: Grimmsnarl|87/100\n|move|p2b: Lunala|Meteor Beam||[still]\n|-prepare|p2b: Lunala|Meteor Beam\n|-boost|p2b: Lunala|spa|1\n|-enditem|p2b: Lunala|Power Herb\n|-anim|p2b: Lunala|Meteor Beam|p1b: Grimmsnarl\n|-damage|p1b: Grimmsnarl|28/100\n|\n|upkeep\n|turn|2\n|\n|t:|1768500525\n|move|p1b: Grimmsnarl|Light Screen|p1b: Grimmsnarl\n|-sidestart|p1: Atlas Erol VGC|move: Light Screen\n|move|p1a: Eternatus|Fire Spin|p2a: Zamazenta\n|-supereffective|p2a: Zamazenta\n|-damage|p2a: Zamazenta|87/100\n|-activate|p2a: Zamazenta|move: Fire Spin|[of] p1a: Eternatus\n|move|p2a: Zamazenta|Iron Defense|p2a: Zamazenta\n|-boost|p2a: Zamazenta|def|2\n|move|p2b: Lunala|Moongeist Beam|p1b: Grimmsnarl\n|-damage|p1b: Grimmsnarl|0 fnt\n|faint|p1b: Grimmsnarl\n|\n|-damage|p2a: Zamazenta|75/100|[from] move: Fire Spin|[partiallytrapped]\n|upkeep\n|\n|t:|1768500529\n|switch|p1b: Glimmora|Glimmora, L50, F|100/100\n|turn|3\n|\n|t:|1768500545\n|move|p1b: Glimmora|Toxic|p2b: Lunala\n|-status|p2b: Lunala|tox\n|move|p1a: Eternatus|Cosmic Power|p1a: Eternatus\n|-boost|p1a: Eternatus|def|1\n|-boost|p1a: Eternatus|spd|1\n|move|p2a: Zamazenta|Body Press|p1a: Eternatus\n|-resisted|p1a: Eternatus\n|-crit|p1a: Eternatus\n|-damage|p1a: Eternatus|52/100\n|move|p2b: Lunala|Moongeist Beam|p1b: Glimmora\n|-damage|p1b: Glimmora|42/100\n|\n|-heal|p1a: Eternatus|58/100|[from] item: Leftovers\n|-damage|p2b: Lunala|94/100 tox|[from] psn\n|-damage|p2a: Zamazenta|63/100|[from] move: Fire Spin|[partiallytrapped]\n|upkeep\n|turn|4\n|\n|t:|1768500569\n|move|p1b: Glimmora|Toxic Spikes|p2b: Lunala\n|-sidestart|p2: kojimuranishi|move: Toxic Spikes\n|move|p1a: Eternatus|Recover|p1a: Eternatus\n|-heal|p1a: Eternatus|100/100\n|move|p2a: Zamazenta|Body Press|p1a: Eternatus\n|-resisted|p1a: Eternatus\n|-damage|p1a: Eternatus|89/100\n|move|p2b: Lunala|Moongeist Beam|p1b: Glimmora\n|-crit|p1b: Glimmora\n|-damage|p1b: Glimmora|0 fnt\n|faint|p1b: Glimmora\n|\n|-heal|p1a: Eternatus|95/100|[from] item: Leftovers\n|-damage|p2b: Lunala|82/100 tox|[from] psn\n|-damage|p2a: Zamazenta|51/100|[from] move: Fire Spin|[partiallytrapped]\n|upkeep\n|\n|t:|1768500574\n|switch|p1b: Zamazenta|Zamazenta-Crowned, L50|100/100\n|-ability|p1b: Zamazenta|Dauntless Shield|boost\n|-boost|p1b: Zamazenta|def|1\n|turn|5\n|inactive|kojimuranishi has 30 seconds left.\n|\n|t:|1768500602\n|move|p1b: Zamazenta|Protect|p1b: Zamazenta\n|-singleturn|p1b: Zamazenta|Protect\n|move|p1a: Eternatus|Fire Spin|p2b: Lunala\n|-damage|p2b: Lunala|75/100 tox\n|-activate|p2b: Lunala|move: Fire Spin|[of] p1a: Eternatus\n|move|p2a: Zamazenta|Body Press|p1b: Zamazenta\n|-activate|p1b: Zamazenta|move: Protect\n|move|p2b: Lunala|Moongeist Beam|p1a: Eternatus\n|-damage|p1a: Eternatus|78/100\n|\n|-heal|p1a: Eternatus|85/100|[from] item: Leftovers\n|-damage|p2b: Lunala|56/100 tox|[from] psn\n|-damage|p2a: Zamazenta|39/100|[from] move: Fire Spin|[partiallytrapped]\n|-damage|p2b: Lunala|44/100 tox|[from] move: Fire Spin|[partiallytrapped]\n|upkeep\n|turn|6\n|inactive|Atlas Erol VGC has 30 seconds left.\n|inactive|kojimuranishi has 30 seconds left.\n|inactive|Atlas Erol VGC has 20 seconds left.\n|inactive|Atlas Erol VGC has 15 seconds left.\n|inactive|Atlas Erol VGC has 10 seconds left.\n|\n|t:|1768500649\n|move|p1a: Eternatus|Cosmic Power|p1a: Eternatus\n|-boost|p1a: Eternatus|def|1\n|-boost|p1a: Eternatus|spd|1\n|move|p1b: Zamazenta|Body Press|p2a: Zamazenta\n|-supereffective|p2a: Zamazenta\n|-damage|p2a: Zamazenta|5/100\n|move|p2a: Zamazenta|Body Press|p1b: Zamazenta\n|-supereffective|p1b: Zamazenta\n|-crit|p1b: Zamazenta\n|-damage|p1b: Zamazenta|0 fnt\n|faint|p1b: Zamazenta\n|move|p2b: Lunala|Moongeist Beam|p1a: Eternatus\n|-damage|p1a: Eternatus|71/100\n|\n|-heal|p1a: Eternatus|77/100|[from] item: Leftovers\n|-damage|p2b: Lunala|19/100 tox|[from] psn\n|-damage|p2a: Zamazenta|0 fnt|[from] move: Fire Spin|[partiallytrapped]\n|faint|p2a: Zamazenta\n|-damage|p2b: Lunala|7/100 tox|[from] move: Fire Spin|[partiallytrapped]\n|upkeep\n|inactive|kojimuranishi has 30 seconds left.\n|\n|t:|1768500676\n|switch|p2a: Chien-Pao|Chien-Pao, L50|100/100\n|-status|p2a: Chien-Pao|psn\n|-ability|p2a: Chien-Pao|Sword of Ruin\n|turn|7\n|\n|t:|1768500695\n|move|p1a: Eternatus|Protect|p1a: Eternatus\n|-singleturn|p1a: Eternatus|Protect\n|move|p2a: Chien-Pao|Ice Spinner|p1a: Eternatus\n|-activate|p1a: Eternatus|move: Protect\n|move|p2b: Lunala|Moongeist Beam|p1a: Eternatus\n|-activate|p1a: Eternatus|move: Protect\n|\n|-heal|p1a: Eternatus|83/100|[from] item: Leftovers\n|-damage|p2a: Chien-Pao|88/100 psn|[from] psn\n|-damage|p2b: Lunala|0 fnt|[from] psn\n|faint|p2b: Lunala\n|upkeep\n|\n|t:|1768500709\n|switch|p2b: Dragonite|Dragonite, L50, F|100/100\n|turn|8\n|inactive|kojimuranishi has 30 seconds left.\n|inactive|kojimuranishi has 20 seconds left.\n|inactive|kojimuranishi has 15 seconds left.\n|inactive|kojimuranishi has 10 seconds left.\n|\n|t:|1768500758\n|-terastallize|p2b: Dragonite|Normal\n|move|p2b: Dragonite|Extreme Speed|p1a: Eternatus\n|-damage|p1a: Eternatus|68/100\n|move|p2a: Chien-Pao|Ice Spinner|p1a: Eternatus\n|-supereffective|p1a: Eternatus\n|-damage|p1a: Eternatus|44/100\n|-damage|p2a: Chien-Pao|79/100 psn|[from] item: Life Orb\n|move|p1a: Eternatus|Cosmic Power|p1a: Eternatus\n|-boost|p1a: Eternatus|def|1\n|-boost|p1a: Eternatus|spd|1\n|\n|-heal|p1a: Eternatus|50/100|[from] item: Leftovers\n|-damage|p2a: Chien-Pao|67/100 psn|[from] psn\n|-sideend|p1: Atlas Erol VGC|Reflect\n|upkeep\n|turn|9\n|\n|t:|1768500777\n|move|p1a: Eternatus|Protect|p1a: Eternatus\n|-singleturn|p1a: Eternatus|Protect\n|move|p2b: Dragonite|Extreme Speed|p1a: Eternatus\n|-activate|p1a: Eternatus|move: Protect\n|move|p2a: Chien-Pao|Ice Spinner|p1a: Eternatus\n|-activate|p1a: Eternatus|move: Protect\n|\n|-heal|p1a: Eternatus|56/100|[from] item: Leftovers\n|-damage|p2a: Chien-Pao|54/100 psn|[from] psn\n|-sideend|p1: Atlas Erol VGC|move: Light Screen\n|upkeep\n|turn|10\n|\n|t:|1768500790\n|move|p2b: Dragonite|Extreme Speed|p1a: Eternatus\n|-damage|p1a: Eternatus|34/100\n|move|p2a: Chien-Pao|Ice Spinner|p1a: Eternatus\n|-supereffective|p1a: Eternatus\n|-damage|p1a: Eternatus|5/100\n|-damage|p2a: Chien-Pao|45/100 psn|[from] item: Life Orb\n|move|p1a: Eternatus|Recover|p1a: Eternatus\n|-heal|p1a: Eternatus|55/100\n|\n|-heal|p1a: Eternatus|61/100|[from] item: Leftovers\n|-damage|p2a: Chien-Pao|33/100 psn|[from] psn\n|upkeep\n|turn|11\n|\n|t:|1768500806\n|move|p1a: Eternatus|Protect|p1a: Eternatus\n|-singleturn|p1a: Eternatus|Protect\n|move|p2b: Dragonite|Extreme Speed|p1a: Eternatus\n|-activate|p1a: Eternatus|move: Protect\n|move|p2a: Chien-Pao|Ice Spinner|p1a: Eternatus\n|-activate|p1a: Eternatus|move: Protect\n|\n|-heal|p1a: Eternatus|67/100|[from] item: Leftovers\n|-damage|p2a: Chien-Pao|20/100 psn|[from] psn\n|upkeep\n|turn|12\n|\n|t:|1768500825\n|move|p2a: Chien-Pao|Ice Spinner|p1a: Eternatus\n|-supereffective|p1a: Eternatus\n|-crit|p1a: Eternatus\n|-damage|p1a: Eternatus|0 fnt\n|faint|p1a: Eternatus\n|-damage|p2a: Chien-Pao|11/100 psn|[from] item: Life Orb\n|\n|win|kojimuranishi\n|raw|Atlas Erol VGC's rating: 1331 &rarr; <strong>1319</strong><br />(-12 for losing)\n|raw|kojimuranishi's rating: 1470 &rarr; <strong>1482</strong><br />(+12 for winning)\n|l|\u2606Atlas Erol VGC\n|player|p1|\n|l|\u2606kojimuranishi\n|player|p2|\n","uploadtime":1768500993,"views":12,"formatid":"gen9vgc2026regi","rating":1319,"private":0,"password":null}