{"id":"gen9vgc2026regi-2589162014","format":"[Gen 9] VGC 2026 Reg I","players":["lushthelegend26","Tweak69"],"log":"|j|\u2606lushthelegend26\n|j|\u2606Tweak69\n|t:|1776703648\n|gametype|doubles\n|player|p1|lushthelegend26|101|1304\n|player|p2|Tweak69|bruno|1387\n|gen|9\n|tier|[Gen 9] VGC 2026 Reg I\n|rated|\n|rule|Species Clause: Limit one of each Pok\u00e9mon\n|rule|Item Clause: Limit 1 of each item\n|clearpoke\n|poke|p1|Kyogre, L50|\n|poke|p1|Miraidon, L50|\n|poke|p1|Raichu-Alola, L50, M|\n|poke|p1|Whimsicott, L50, F|\n|poke|p1|Iron Jugulis, L50|\n|poke|p1|Basculegion, L50, M|\n|poke|p2|Amoonguss, L50, F|\n|poke|p2|Calyrex-Ice, L50|\n|poke|p2|Kyogre, L50|\n|poke|p2|Grimmsnarl, L50, M|\n|poke|p2|Flutter Mane, L50|\n|poke|p2|Rillaboom, L50, M|\n|teampreview|4\n|inactive|Battle timer is ON: inactive players will automatically lose when time's up. (requested by lushthelegend26)\n|inactive|lushthelegend26 has 60 seconds left.\n|\n|t:|1776703694\n|teamsize|p1|4\n|teamsize|p2|4\n|start\n|switch|p1a: Miraidon|Miraidon, L50|100/100\n|switch|p1b: Raichu|Raichu-Alola, L50, M|100/100\n|switch|p2a: Calyrex|Calyrex-Ice, L50|100/100\n|switch|p2b: Amoonguss|Amoonguss, L50, F|100/100\n|-ability|p2a: Calyrex|As One\n|-ability|p2a: Calyrex|Unnerve\n|-fieldstart|move: Electric Terrain|[from] ability: Hadron Engine|[of] p1a: Miraidon\n|turn|1\n|\n|t:|1776703715\n|move|p2b: Amoonguss|Protect|p2b: Amoonguss\n|-singleturn|p2b: Amoonguss|Protect\n|move|p1b: Raichu|Fake Out|p2a: Calyrex\n|-damage|p2a: Calyrex|95/100\n|-damage|p1b: Raichu|91/100|[from] item: Life Orb\n|move|p1a: Miraidon|Volt Switch|p2a: Calyrex\n|-damage|p2a: Calyrex|50/100\n|\n|t:|1776703724\n|switch|p1a: Whimsicott|Whimsicott, L50, F|100/100|[from] Volt Switch\n|cant|p2a: Calyrex|flinch\n|\n|-heal|p2a: Calyrex|56/100|[from] item: Leftovers\n|upkeep\n|turn|2\n|\n|t:|1776703736\n|switch|p2a: Rillaboom|Rillaboom, L50, M|100/100\n|-fieldstart|move: Grassy Terrain|[from] ability: Grassy Surge|[of] p2a: Rillaboom\n|move|p1a: Whimsicott|Taunt|p2a: Rillaboom\n|-start|p2a: Rillaboom|move: Taunt\n|move|p1b: Raichu|Psychic|p2b: Amoonguss\n|-supereffective|p2b: Amoonguss\n|-damage|p2b: Amoonguss|18/100\n|-damage|p1b: Raichu|81/100|[from] item: Life Orb\n|move|p2b: Amoonguss|Spore|p1b: Raichu\n|-status|p1b: Raichu|slp|[from] move: Spore\n|\n|-heal|p1b: Raichu|87/100 slp|[from] Grassy Terrain\n|-heal|p2b: Amoonguss|24/100|[from] Grassy Terrain\n|upkeep\n|turn|3\n|inactive|Tweak69 has 30 seconds left.\n|\n|t:|1776703768\n|switch|p2b: Calyrex|Calyrex-Ice, L50|56/100\n|-ability|p2b: Calyrex|As One\n|-ability|p2b: Calyrex|Unnerve\n|move|p2a: Rillaboom|Fake Out|p1a: Whimsicott\n|-damage|p1a: Whimsicott|85/100\n|move|p1a: Whimsicott|Taunt|p2b: Calyrex\n|-start|p2b: Calyrex|move: Taunt\n|cant|p1b: Raichu|slp\n|\n|-heal|p1b: Raichu|93/100 slp|[from] Grassy Terrain\n|-heal|p1a: Whimsicott|91/100|[from] Grassy Terrain\n|-heal|p2b: Calyrex|61/100|[from] Grassy Terrain\n|-heal|p2b: Calyrex|67/100|[from] item: Leftovers\n|upkeep\n|turn|4\n|inactive|Tweak69 has 30 seconds left.\n|\n|t:|1776703795\n|switch|p1a: Miraidon|Miraidon, L50|100/100\n|-fieldstart|move: Electric Terrain|[from] ability: Hadron Engine|[of] p1a: Miraidon\n|cant|p1b: Raichu|slp\n|move|p2a: Rillaboom|U-turn|p1b: Raichu\n|-supereffective|p1b: Raichu\n|-damage|p1b: Raichu|0 fnt\n|faint|p1b: Raichu\n|\n|t:|1776703811\n|switch|p2a: Amoonguss|Amoonguss, L50, F|57/100|[from] U-turn\n|move|p2b: Calyrex|Glacial Lance|p1a: Miraidon\n|-supereffective|p1a: Miraidon\n|-damage|p1a: Miraidon|0 fnt\n|faint|p1a: Miraidon\n|-ability|p2b: Calyrex|Chilling Neigh|boost\n|-boost|p2b: Calyrex|atk|1\n|\n|-heal|p2b: Calyrex|73/100|[from] item: Leftovers\n|upkeep\n|\n|t:|1776703816\n|switch|p1a: Kyogre|Kyogre, L50, shiny|100/100\n|switch|p1b: Whimsicott|Whimsicott, L50, F|91/100\n|-weather|RainDance|[from] ability: Drizzle|[of] p1a: Kyogre\n|turn|5\n|\n|t:|1776703837\n|move|p1b: Whimsicott|Taunt|p2a: Amoonguss\n|-start|p2a: Amoonguss|move: Taunt\n|move|p1a: Kyogre|Water Spout|p2a: Amoonguss|[spread] p2a,p2b\n|-resisted|p2a: Amoonguss\n|-damage|p2a: Amoonguss|15/100\n|-damage|p2b: Calyrex|6/100\n|move|p2b: Calyrex|Glacial Lance|p1b: Whimsicott|[spread] p1a,p1b\n|-resisted|p1a: Kyogre\n|-supereffective|p1b: Whimsicott\n|-damage|p1a: Kyogre|73/100\n|-damage|p1b: Whimsicott|0 fnt\n|faint|p1b: Whimsicott\n|-ability|p2b: Calyrex|Chilling Neigh|boost\n|-boost|p2b: Calyrex|atk|1\n|move|p2a: Amoonguss|Pollen Puff|p1a: Kyogre\n|-damage|p1a: Kyogre|63/100\n|\n|-weather|RainDance|[upkeep]\n|-heal|p2b: Calyrex|12/100|[from] item: Leftovers\n|-end|p2b: Calyrex|move: Taunt\n|upkeep\n|turn|6\n|inactive|Tweak69 has 30 seconds left.\n|\n|t:|1776703864\n|move|p2b: Calyrex|Protect|p2b: Calyrex\n|-singleturn|p2b: Calyrex|Protect\n|move|p1a: Kyogre|Water Spout|p2b: Calyrex|[spread] p2a\n|-activate|p2b: Calyrex|move: Protect\n|-resisted|p2a: Amoonguss\n|-damage|p2a: Amoonguss|0 fnt\n|faint|p2a: Amoonguss\n|\n|-weather|RainDance|[upkeep]\n|-heal|p2b: Calyrex|18/100|[from] item: Leftovers\n|upkeep\n|\n|t:|1776703871\n|switch|p2a: Rillaboom|Rillaboom, L50, M|100/100\n|-fieldstart|move: Grassy Terrain|[from] ability: Grassy Surge|[of] p2a: Rillaboom\n|turn|7\n|\n|t:|1776703879\n|-terastallize|p1a: Kyogre|Bug\n|move|p2a: Rillaboom|Fake Out|p1a: Kyogre\n|-damage|p1a: Kyogre|52/100\n|cant|p1a: Kyogre|flinch\n|move|p2b: Calyrex|Glacial Lance|p1a: Kyogre\n|-damage|p1a: Kyogre|0 fnt\n|faint|p1a: Kyogre\n|\n|win|Tweak69\n|raw|lushthelegend26's rating: 1304 &rarr; <strong>1289</strong><br />(-15 for losing)\n|raw|Tweak69's rating: 1387 &rarr; <strong>1402</strong><br />(+15 for winning)\n|l|\u2606lushthelegend26\n|player|p1|\n|l|\u2606Tweak69\n|player|p2|\n","uploadtime":1776704055,"views":7,"formatid":"gen9vgc2026regi","rating":1289,"private":0,"password":null}