{"id":"gen9vgc2026regi-2561797402","format":"[Gen 9] VGC 2026 Reg I","players":["legionpoggers","pzyxhic"],"log":"|j|\u2606legionpoggers\n|j|\u2606pzyxhic\n|t:|1773844489\n|gametype|doubles\n|player|p1|legionpoggers|lucas|1391\n|player|p2|pzyxhic|101|1403\n|gen|9\n|tier|[Gen 9] VGC 2026 Reg I\n|rated|\n|rule|Species Clause: Limit one of each Pok\u00e9mon\n|rule|Item Clause: Limit 1 of each item\n|clearpoke\n|poke|p1|Calyrex-Ice, L50|\n|poke|p1|Kyogre, L50|\n|poke|p1|Smeargle, L50, M|\n|poke|p1|Farigiraf, L50, M|\n|poke|p1|Flutter Mane, L50|\n|poke|p1|Rillaboom, L50, M|\n|poke|p2|Giratina-Origin, L50|\n|poke|p2|Zamazenta-*, L50|\n|poke|p2|Incineroar, L50, F|\n|poke|p2|Amoonguss, L50, F|\n|poke|p2|Urshifu-*, L50, F|\n|poke|p2|Grimmsnarl, L50, M|\n|teampreview|4\n|j| as we've written\n|\n|t:|1773844540\n|teamsize|p1|4\n|teamsize|p2|4\n|start\n|switch|p1a: Calyrex|Calyrex-Ice, L50|100/100\n|switch|p1b: Smeargle|Smeargle, L50, M|100/100\n|switch|p2a: Zamazenta|Zamazenta-Crowned, L50|100/100\n|switch|p2b: Amoonguss|Amoonguss, L50, F|100/100\n|-ability|p1a: Calyrex|As One\n|-ability|p1a: Calyrex|Unnerve\n|-ability|p2a: Zamazenta|Dauntless Shield|boost\n|-boost|p2a: Zamazenta|def|1\n|turn|1\n|\n|t:|1773844574\n|switch|p2b: Urshifu|Urshifu-Rapid-Strike, L50, F|100/100\n|move|p1b: Smeargle|Fake Out|p2a: Zamazenta\n|-resisted|p2a: Zamazenta\n|-damage|p2a: Zamazenta|99/100\n|cant|p2a: Zamazenta|flinch\n|move|p1a: Calyrex|Glacial Lance|p2b: Urshifu|[spread] p2a,p2b\n|-resisted|p2a: Zamazenta\n|-resisted|p2b: Urshifu\n|-damage|p2a: Zamazenta|90/100\n|-damage|p2b: Urshifu|70/100\n|\n|-ability|p1b: Smeargle|Moody|boost\n|-boost|p1b: Smeargle|spa|2\n|-unboost|p1b: Smeargle|def|1\n|upkeep\n|turn|2\n|\n|t:|1773844598\n|move|p1b: Smeargle|Follow Me|p1b: Smeargle\n|-singleturn|p1b: Smeargle|move: Follow Me\n|move|p2b: Urshifu|Surging Strikes|p1b: Smeargle\n|-crit|p1b: Smeargle\n|-damage|p1b: Smeargle|26/100\n|-crit|p1b: Smeargle\n|-damage|p1b: Smeargle|0 fnt\n|faint|p1b: Smeargle\n|-hitcount|p1: Smeargle|2\n|move|p2a: Zamazenta|Body Press|p1a: Calyrex\n|-damage|p1a: Calyrex|59/100\n|move|p1a: Calyrex|Trick Room|p1a: Calyrex\n|-fieldstart|move: Trick Room|[of] p1a: Calyrex\n|\n|upkeep\n|\n|t:|1773844602\n|switch|p1b: Kyogre|Kyogre, L50|100/100\n|-weather|RainDance|[from] ability: Drizzle|[of] p1b: Kyogre\n|turn|3\n|\n|t:|1773844624\n|move|p2a: Zamazenta|Protect|p2a: Zamazenta\n|-singleturn|p2a: Zamazenta|Protect\n|move|p1a: Calyrex|High Horsepower|p2b: Urshifu\n|-damage|p2b: Urshifu|29/100\n|move|p1b: Kyogre|Water Spout|p2a: Zamazenta|[spread] p2b\n|-activate|p2a: Zamazenta|move: Protect\n|-resisted|p2b: Urshifu\n|-damage|p2b: Urshifu|0 fnt\n|faint|p2b: Urshifu\n|\n|-weather|RainDance|[upkeep]\n|upkeep\n|\n|t:|1773844639\n|switch|p2b: Amoonguss|Amoonguss, L50, F|100/100\n|turn|4\n|\n|t:|1773844652\n|-terastallize|p2a: Zamazenta|Dragon\n|move|p2b: Amoonguss|Spore|p1a: Calyrex\n|-status|p1a: Calyrex|slp|[from] move: Spore\n|cant|p1a: Calyrex|slp\n|move|p1b: Kyogre|Water Spout|p2b: Amoonguss|[spread] p2a,p2b\n|-resisted|p2a: Zamazenta\n|-resisted|p2b: Amoonguss\n|-damage|p2a: Zamazenta|51/100\n|-damage|p2b: Amoonguss|48/100\n|move|p2a: Zamazenta|Body Press|p1b: Kyogre\n|-damage|p1b: Kyogre|36/100\n|\n|-weather|RainDance|[upkeep]\n|upkeep\n|turn|5\n|\n|t:|1773844681\n|-terastallize|p1b: Kyogre|Grass\n|move|p2b: Amoonguss|Spore|p1b: Kyogre\n|-immune|p1b: Kyogre\n|cant|p1a: Calyrex|slp\n|move|p1b: Kyogre|Ice Beam|p2b: Amoonguss\n|-supereffective|p2b: Amoonguss\n|-damage|p2b: Amoonguss|0 fnt\n|faint|p2b: Amoonguss\n|move|p2a: Zamazenta|Body Press|p1a: Calyrex\n|-damage|p1a: Calyrex|16/100 slp\n|\n|-weather|RainDance|[upkeep]\n|upkeep\n|\n|t:|1773844696\n|switch|p2b: Giratina|Giratina-Origin, L50|100/100\n|turn|6\n|\n|t:|1773844712\n|move|p2b: Giratina|Protect|p2b: Giratina\n|-singleturn|p2b: Giratina|Protect\n|move|p2a: Zamazenta|Protect|p2a: Zamazenta\n|-singleturn|p2a: Zamazenta|Protect\n|cant|p1a: Calyrex|slp\n|move|p1b: Kyogre|Ice Beam|p2a: Zamazenta\n|-activate|p2a: Zamazenta|move: Protect\n|\n|-weather|RainDance|[upkeep]\n|-fieldend|move: Trick Room\n|upkeep\n|turn|7\n|\n|t:|1773844734\n|move|p1b: Kyogre|Protect|p1b: Kyogre\n|-singleturn|p1b: Kyogre|Protect\n|move|p2a: Zamazenta|Body Press|p1b: Kyogre\n|-activate|p1b: Kyogre|move: Protect\n|move|p2b: Giratina|Breaking Swipe|p1b: Kyogre|[spread] p1a\n|-activate|p1b: Kyogre|move: Protect\n|-damage|p1a: Calyrex|0 fnt\n|faint|p1a: Calyrex\n|\n|-weather|none\n|upkeep\n|\n|t:|1773844757\n|switch|p1a: Flutter Mane|Flutter Mane, L50|100/100\n|-enditem|p1a: Flutter Mane|Booster Energy\n|-activate|p1a: Flutter Mane|ability: Protosynthesis|[fromitem]\n|-start|p1a: Flutter Mane|protosynthesisspe\n|turn|8\n|l| as we've written\n|\n|t:|1773844780\n|move|p2b: Giratina|Shadow Sneak|p1a: Flutter Mane\n|-supereffective|p1a: Flutter Mane\n|-damage|p1a: Flutter Mane|0 fnt\n|faint|p1a: Flutter Mane\n|-end|p1a: Flutter Mane|Protosynthesis|[silent]\n|move|p2a: Zamazenta|Coaching|p2b: Giratina\n|-boost|p2b: Giratina|atk|1\n|-boost|p2b: Giratina|def|1\n|move|p1b: Kyogre|Ice Beam|p2a: Zamazenta\n|-supereffective|p2a: Zamazenta\n|-damage|p2a: Zamazenta|2/100\n|\n|upkeep\n|turn|9\n|\n|t:|1773844796\n|move|p2a: Zamazenta|Body Press|p1b: Kyogre\n|-damage|p1b: Kyogre|0 fnt\n|faint|p1b: Kyogre\n|\n|win|pzyxhic\n|raw|legionpoggers's rating: 1391 &rarr; <strong>1372</strong><br />(-19 for losing)\n|raw|pzyxhic's rating: 1403 &rarr; <strong>1422</strong><br />(+19 for winning)\n|l|\u2606pzyxhic\n|player|p2|\n|l|\u2606legionpoggers\n|player|p1|\n","uploadtime":1773844980,"views":11,"formatid":"gen9vgc2026regi","rating":1372,"private":0,"password":null}