{"id":"gen9vgc2026regi-2516926577","format":"[Gen 9] VGC 2026 Reg I","players":["kojimuranishi","Miurez"],"log":"|j|\u2606kojimuranishi\n|j|\u2606Miurez\n|t:|1768201720\n|gametype|doubles\n|player|p1|kojimuranishi|169|1347\n|player|p2|Miurez|pokemonranger-gen4|1278\n|gen|9\n|tier|[Gen 9] VGC 2026 Reg I\n|rated|\n|rule|Species Clause: Limit one of each Pok\u00e9mon\n|rule|Item Clause: Limit 1 of each item\n|clearpoke\n|poke|p1|Zamazenta-*, L50|\n|poke|p1|Lunala, L50|\n|poke|p1|Chien-Pao, L50|\n|poke|p1|Dragonite, L50, F|\n|poke|p1|Chi-Yu, L50|\n|poke|p1|Urshifu-*, L50, F|\n|poke|p2|Spiritomb, L50, F|\n|poke|p2|Calyrex-Ice, L50|\n|poke|p2|Miraidon, L50|\n|poke|p2|Incineroar, L50, M|\n|poke|p2|Sinistcha, L50|\n|poke|p2|Iron Bundle, L50|\n|teampreview|4\n|inactive|Battle timer is ON: inactive players will automatically lose when time's up. (requested by kojimuranishi)\n|inactive|kojimuranishi has 60 seconds left.\n|\n|t:|1768201798\n|teamsize|p1|4\n|teamsize|p2|4\n|start\n|switch|p1a: Urshifu|Urshifu-Rapid-Strike, L50, F|100/100\n|switch|p1b: Lunala|Lunala, L50|100/100\n|switch|p2a: Spiritomb|Spiritomb, L50, F|100/100\n|switch|p2b: Miraidon|Miraidon, L50|100/100\n|-fieldstart|move: Electric Terrain|[from] ability: Hadron Engine|[of] p2b: Miraidon\n|-enditem|p2a: Spiritomb|Electric Seed\n|-boost|p2a: Spiritomb|def|1|[from] item: Electric Seed\n|-ability|p2a: Spiritomb|Pressure\n|turn|1\n|inactive|kojimuranishi has 30 seconds left.\n|inactive|Miurez has 30 seconds left.\n|inactive|kojimuranishi has 20 seconds left.\n|\n|t:|1768201837\n|move|p2b: Miraidon|Volt Switch|p1b: Lunala\n|-damage|p1b: Lunala|68/100\n|\n|t:|1768201843\n|switch|p2b: Incineroar|Incineroar, L50, M, shiny|100/100|[from] Volt Switch\n|-ability|p2b: Incineroar|Intimidate|boost\n|-unboost|p1a: Urshifu|atk|1\n|-unboost|p1b: Lunala|atk|1\n|move|p1a: Urshifu|Surging Strikes|p2a: Spiritomb\n|-crit|p2a: Spiritomb\n|-damage|p2a: Spiritomb|75/100\n|-crit|p2a: Spiritomb\n|-damage|p2a: Spiritomb|51/100\n|-crit|p2a: Spiritomb\n|-damage|p2a: Spiritomb|30/100\n|-hitcount|p2a: Spiritomb|3\n|move|p1b: Lunala|Meteor Beam||[still]\n|-prepare|p1b: Lunala|Meteor Beam\n|-boost|p1b: Lunala|spa|1\n|-enditem|p1b: Lunala|Power Herb\n|-anim|p1b: Lunala|Meteor Beam|p2a: Spiritomb\n|-damage|p2a: Spiritomb|0 fnt\n|faint|p2a: Spiritomb\n|\n|upkeep\n|\n|t:|1768201862\n|switch|p2a: Miraidon|Miraidon, L50|100/100\n|-activate|p2a: Miraidon|ability: Hadron Engine\n|turn|2\n|inactive|Miurez has 30 seconds left.\n|inactive|Miurez has 20 seconds left.\n|\n|t:|1768201899\n|-terastallize|p1a: Urshifu|Ghost\n|move|p2a: Miraidon|Volt Switch|p1a: Urshifu\n|-enditem|p1a: Urshifu|Focus Sash\n|-damage|p1a: Urshifu|1/100\n|\n|t:|1768201906\n|switch|p2a: Calyrex|Calyrex-Ice, L50|100/100|[from] Volt Switch\n|-ability|p2a: Calyrex|As One\n|-ability|p2a: Calyrex|Unnerve\n|move|p1a: Urshifu|Surging Strikes|p2b: Incineroar\n|-supereffective|p2b: Incineroar\n|-crit|p2b: Incineroar\n|-damage|p2b: Incineroar|64/100\n|-supereffective|p2b: Incineroar\n|-crit|p2b: Incineroar\n|-damage|p2b: Incineroar|31/100\n|-supereffective|p2b: Incineroar\n|-crit|p2b: Incineroar\n|-damage|p2b: Incineroar|0 fnt\n|faint|p2b: Incineroar\n|-hitcount|p2: Incineroar|3\n|move|p1b: Lunala|Moonblast|p2a: Calyrex\n|-damage|p2a: Calyrex|65/100\n|-unboost|p2a: Calyrex|spa|1\n|\n|-heal|p2a: Calyrex|71/100|[from] item: Leftovers\n|upkeep\n|\n|t:|1768201919\n|switch|p2b: Miraidon|Miraidon, L50|100/100\n|-activate|p2b: Miraidon|ability: Hadron Engine\n|turn|3\n|inactive|Miurez has 30 seconds left.\n|inactive|Miurez has 20 seconds left.\n|inactive|Miurez has 15 seconds left.\n|inactive|Miurez has 10 seconds left.\n|inactive|Miurez has 5 seconds left.\n|\n|t:|1768201970\n|move|p2b: Miraidon|Snarl|p1a: Urshifu|[spread] p1a,p1b\n|-supereffective|p1a: Urshifu\n|-supereffective|p1b: Lunala\n|-damage|p1a: Urshifu|0 fnt\n|-damage|p1b: Lunala|0 fnt\n|faint|p1a: Urshifu\n|faint|p1b: Lunala\n|move|p2a: Calyrex|Trick Room|p2a: Calyrex\n|-fieldstart|move: Trick Room|[of] p2a: Calyrex\n|\n|-heal|p2a: Calyrex|77/100|[from] item: Leftovers\n|upkeep\n|\n|t:|1768201979\n|switch|p1b: Chien-Pao|Chien-Pao, L50|100/100\n|switch|p1a: Zamazenta|Zamazenta-Crowned, L50|100/100\n|-ability|p1a: Zamazenta|Dauntless Shield|boost\n|-boost|p1a: Zamazenta|def|1\n|-ability|p1b: Chien-Pao|Sword of Ruin\n|turn|4\n|\n|t:|1768202000\n|move|p2a: Calyrex|Protect|p2a: Calyrex\n|-singleturn|p2a: Calyrex|Protect\n|move|p1b: Chien-Pao|Sucker Punch|p2b: Miraidon\n|-damage|p2b: Miraidon|38/100\n|-damage|p1b: Chien-Pao|91/100|[from] item: Life Orb\n|move|p1a: Zamazenta|Body Press|p2b: Miraidon\n|-damage|p2b: Miraidon|0 fnt\n|faint|p2b: Miraidon\n|\n|-heal|p2a: Calyrex|83/100|[from] item: Leftovers\n|upkeep\n|turn|5\n|\n|t:|1768202019\n|-terastallize|p2a: Calyrex|Grass\n|move|p1b: Chien-Pao|Sucker Punch||[still]\n|-fail|p1b: Chien-Pao\n|move|p2a: Calyrex|Leech Seed|p1b: Chien-Pao\n|-start|p1b: Chien-Pao|move: Leech Seed\n|move|p1a: Zamazenta|Body Press|p2a: Calyrex\n|-damage|p2a: Calyrex|30/100\n|\n|-heal|p2a: Calyrex|36/100|[from] item: Leftovers\n|-damage|p1b: Chien-Pao|79/100|[from] Leech Seed|[of] p2a: Calyrex\n|-heal|p2a: Calyrex|45/100|[silent]\n|-fieldend|move: Electric Terrain\n|upkeep\n|turn|6\n|\n|t:|1768202038\n|move|p2a: Calyrex|Protect|p2a: Calyrex\n|-singleturn|p2a: Calyrex|Protect\n|move|p1a: Zamazenta|Iron Defense|p1a: Zamazenta\n|-boost|p1a: Zamazenta|def|2\n|move|p1b: Chien-Pao|Ice Spinner|p2a: Calyrex\n|-activate|p2a: Calyrex|move: Protect\n|\n|-heal|p2a: Calyrex|51/100|[from] item: Leftovers\n|-damage|p1b: Chien-Pao|67/100|[from] Leech Seed|[of] p2a: Calyrex\n|-heal|p2a: Calyrex|60/100|[silent]\n|upkeep\n|turn|7\n|\n|t:|1768202052\n|move|p1b: Chien-Pao|Protect|p1b: Chien-Pao\n|-singleturn|p1b: Chien-Pao|Protect\n|move|p2a: Calyrex|Leech Seed|p1a: Zamazenta\n|-start|p1a: Zamazenta|move: Leech Seed\n|move|p1a: Zamazenta|Body Press|p2a: Calyrex\n|-damage|p2a: Calyrex|0 fnt\n|faint|p2a: Calyrex\n|\n|win|kojimuranishi\n|raw|kojimuranishi's rating: 1347 &rarr; <strong>1363</strong><br />(+16 for winning)\n|raw|Miurez's rating: 1278 &rarr; <strong>1258</strong><br />(-20 for losing)\n|l|\u2606Miurez\n|player|p2|\n|l|\u2606kojimuranishi\n|player|p1|\n","uploadtime":1768202245,"views":20,"formatid":"gen9vgc2026regi","rating":1258,"private":0,"password":null}