{"id":"gen9vgc2026regi-2524680975","format":"[Gen 9] VGC 2026 Reg I","players":["marcxhenry","Schimmli"],"log":"|j|\u2606marcxhenry\n|j|\u2606Schimmli\n|t:|1769183086\n|gametype|doubles\n|player|p1|marcxhenry|hilbert-wonderlauncher|1453\n|player|p2|Schimmli|1|1511\n|gen|9\n|tier|[Gen 9] VGC 2026 Reg I\n|rated|\n|rule|Species Clause: Limit one of each Pok\u00e9mon\n|rule|Item Clause: Limit 1 of each item\n|clearpoke\n|poke|p1|Calyrex-Shadow, L50|\n|poke|p1|Urshifu-*, L50, M|\n|poke|p1|Roaring Moon, L50|\n|poke|p1|Kyogre, L50|\n|poke|p1|Tsareena, L50, F|\n|poke|p1|Kingambit, L50, M|\n|poke|p2|Terapagos, L50, M|\n|poke|p2|Calyrex-Shadow, L50|\n|poke|p2|Flutter Mane, L50|\n|poke|p2|Ogerpon-Cornerstone, L50, F|\n|poke|p2|Incineroar, L50, M|\n|poke|p2|Rillaboom, L50, F|\n|teampreview|4\n|\n|t:|1769183122\n|teamsize|p1|4\n|teamsize|p2|4\n|start\n|switch|p1a: Roter Baron|Roaring Moon, L50, shiny|100/100\n|switch|p1b: Tripitz|Kyogre, L50, shiny|100/100\n|switch|p2a: Terapagos|Terapagos, L50, M|100/100\n|switch|p2b: Rillaboom|Rillaboom, L50, F|100/100\n|-activate|p2a: Terapagos|ability: Tera Shift\n|detailschange|p2a: Terapagos|Terapagos-Terastal, L50, M\n|-heal|p2a: Terapagos|100/100|[silent]\n|-weather|RainDance|[from] ability: Drizzle|[of] p1b: Tripitz\n|-fieldstart|move: Grassy Terrain|[from] ability: Grassy Surge|[of] p2b: Rillaboom\n|-enditem|p1a: Roter Baron|Booster Energy\n|-activate|p1a: Roter Baron|ability: Protosynthesis|[fromitem]\n|-start|p1a: Roter Baron|protosynthesisspe\n|turn|1\n|\n|t:|1769183140\n|switch|p1b: Eva|Tsareena, L50, F, shiny|100/100\n|-terastallize|p1a: Roter Baron|Flying\n|move|p2b: Rillaboom|Grassy Glide||[still]\n|cant|p1b: Eva|ability: Queenly Majesty|Grassy Glide|[of] p2b: Rillaboom\n|move|p1a: Roter Baron|Acrobatics|p2b: Rillaboom\n|-supereffective|p2b: Rillaboom\n|-damage|p2b: Rillaboom|0 fnt\n|faint|p2b: Rillaboom\n|move|p2a: Terapagos|Calm Mind|p2a: Terapagos\n|-boost|p2a: Terapagos|spa|1\n|-boost|p2a: Terapagos|spd|1\n|\n|-weather|RainDance|[upkeep]\n|upkeep\n|\n|t:|1769183147\n|switch|p2b: Flutter Mane|Flutter Mane, L50|100/100\n|-enditem|p2b: Flutter Mane|Booster Energy\n|-activate|p2b: Flutter Mane|ability: Protosynthesis|[fromitem]\n|-start|p2b: Flutter Mane|protosynthesisspe\n|turn|2\n|\n|t:|1769183159\n|move|p1b: Eva|Protect|p1b: Eva\n|-singleturn|p1b: Eva|Protect\n|move|p2b: Flutter Mane|Taunt|p1a: Roter Baron\n|-start|p1a: Roter Baron|move: Taunt\n|cant|p1a: Roter Baron|move: Taunt|Tailwind\n|move|p2a: Terapagos|Tera Starstorm|p1b: Eva\n|-activate|p1b: Eva|move: Protect\n|\n|-weather|RainDance|[upkeep]\n|upkeep\n|turn|3\n|\n|t:|1769183178\n|move|p2b: Flutter Mane|Protect|p2b: Flutter Mane\n|-singleturn|p2b: Flutter Mane|Protect\n|move|p1a: Roter Baron|Knock Off|p2a: Terapagos\n|-activate|p2a: Terapagos|ability: Tera Shell\n|-resisted|p2a: Terapagos\n|-damage|p2a: Terapagos|84/100\n|-enditem|p2a: Terapagos|Leftovers|[from] move: Knock Off|[of] p1a: Roter Baron\n|move|p1b: Eva|Power Whip|p2b: Flutter Mane\n|-activate|p2b: Flutter Mane|move: Protect\n|move|p2a: Terapagos|Tera Starstorm|p1a: Roter Baron\n|-damage|p1a: Roter Baron|37/100\n|\n|-weather|RainDance|[upkeep]\n|-heal|p2a: Terapagos|90/100|[from] Grassy Terrain\n|upkeep\n|turn|4\n|\n|t:|1769183209\n|-terastallize|p2a: Terapagos|Stellar\n|detailschange|p2a: Terapagos|Terapagos-Stellar, L50, M, tera:Stellar\n|-heal|p2a: Terapagos|93/100|[silent]\n|-ability|p2a: Terapagos|Teraform Zero\n|-weather|none\n|-fieldend|move: Grassy Terrain\n|move|p2b: Flutter Mane|Moonblast|p1b: Eva\n|-damage|p1b: Eva|52/100\n|move|p1a: Roter Baron|Acrobatics|p2b: Flutter Mane\n|-damage|p2b: Flutter Mane|19/100\n|move|p2a: Terapagos|Tera Starstorm|p1a: Roter Baron|[spread] p1a,p1b\n|-supereffective|p1a: Roter Baron\n|-damage|p1a: Roter Baron|0 fnt\n|-damage|p1b: Eva|0 fnt\n|faint|p1a: Roter Baron\n|-end|p1a: Roter Baron|Protosynthesis|[silent]\n|faint|p1b: Eva\n|\n|upkeep\n|\n|t:|1769183225\n|switch|p1a: Tripitz|Kyogre, L50, shiny|100/100\n|switch|p1b: Ludwig|Calyrex-Shadow, L50|100/100\n|-ability|p1b: Ludwig|As One\n|-ability|p1b: Ludwig|Unnerve\n|-weather|RainDance|[from] ability: Drizzle|[of] p1a: Tripitz\n|turn|5\n|\n|t:|1769183242\n|move|p2b: Flutter Mane|Thunder Wave|p1a: Tripitz\n|-status|p1a: Tripitz|par\n|move|p2a: Terapagos|Tera Starstorm|p1a: Tripitz|[spread] p1a,p1b\n|-damage|p1a: Tripitz|64/100 par\n|-damage|p1b: Ludwig|46/100\n|move|p1a: Tripitz|Origin Pulse|p2a: Terapagos|[spread] p2a,p2b\n|-damage|p2a: Terapagos|55/100\n|-damage|p2b: Flutter Mane|0 fnt\n|faint|p2b: Flutter Mane\n|-end|p2b: Flutter Mane|Protosynthesis|[silent]\n|move|p1b: Ludwig|Trick Room|p1b: Ludwig\n|-fieldstart|move: Trick Room|[of] p1b: Ludwig\n|\n|-weather|RainDance|[upkeep]\n|upkeep\n|\n|t:|1769183253\n|switch|p2b: Calyrex|Calyrex-Shadow, L50|100/100\n|-ability|p2b: Calyrex|As One\n|-ability|p2b: Calyrex|Unnerve\n|turn|6\n|\n|t:|1769183259\n|move|p1b: Ludwig|Protect|p1b: Ludwig\n|-singleturn|p1b: Ludwig|Protect\n|move|p1a: Tripitz|Origin Pulse|p2b: Calyrex|[spread] p2a,p2b\n|-damage|p2a: Terapagos|18/100\n|-damage|p2b: Calyrex|11/100\n|move|p2a: Terapagos|Tera Starstorm|p1a: Tripitz|[spread] p1a\n|-activate|p1b: Ludwig|move: Protect\n|-damage|p1a: Tripitz|28/100 par\n|move|p2b: Calyrex|Astral Barrage|p1b: Ludwig|[spread] p1a\n|-activate|p1b: Ludwig|move: Protect\n|-damage|p1a: Tripitz|0 fnt\n|faint|p1a: Tripitz\n|-ability|p2b: Calyrex|Grim Neigh|boost\n|-boost|p2b: Calyrex|spa|1\n|\n|-weather|RainDance|[upkeep]\n|upkeep\n|turn|7\n|-message|marcxhenry forfeited.\n|\n|win|Schimmli\n|raw|marcxhenry's rating: 1453 &rarr; <strong>1436</strong><br />(-17 for losing)\n|raw|Schimmli's rating: 1511 &rarr; <strong>1528</strong><br />(+17 for winning)\n|l|\u2606marcxhenry\n|player|p1|\n|l|\u2606Schimmli\n|player|p2|\n","uploadtime":1769183517,"views":19,"formatid":"gen9vgc2026regi","rating":1436,"private":0,"password":null}