{"id":"gen9vgc2026regi-2562266356","format":"[Gen 9] VGC 2026 Reg I","players":["TheAndUrgeTheUrge","Hrstdsvacx"],"log":"|j|\u2606TheAndUrgeTheUrge\n|j|\u2606Hrstdsvacx\n|t:|1773889280\n|gametype|doubles\n|player|p1|TheAndUrgeTheUrge|169|1205\n|player|p2|Hrstdsvacx|170|1191\n|gen|9\n|tier|[Gen 9] VGC 2026 Reg I\n|rated|\n|rule|Species Clause: Limit one of each Pok\u00e9mon\n|rule|Item Clause: Limit 1 of each item\n|clearpoke\n|poke|p1|Zamazenta-*, L50|\n|poke|p1|Koraidon, L50|\n|poke|p1|Flutter Mane, L50|\n|poke|p1|Incineroar, L50, F|\n|poke|p1|Rillaboom, L50, F|\n|poke|p1|Chi-Yu, L50|\n|poke|p2|Zacian-*, L50|\n|poke|p2|Kyogre, L50|\n|poke|p2|Thundurus-Therian, L50, M|\n|poke|p2|Grimmsnarl, L50, M|\n|poke|p2|Salamence, L50, M|\n|poke|p2|Amoonguss, L50, F|\n|teampreview|4\n|inactive|Battle timer is ON: inactive players will automatically lose when time's up. (requested by Hrstdsvacx)\nHrstdsvacx rejected open team sheets.\n|inactive|Hrstdsvacx has 60 seconds left.\n|\n|t:|1773889319\n|teamsize|p1|4\n|teamsize|p2|4\n|start\n|switch|p1a: Zamazenta|Zamazenta-Crowned, L50|100/100\n|switch|p1b: Incineroar|Incineroar, L50, F|100/100\n|switch|p2a: Grimmsnarl|Grimmsnarl, L50, M, shiny|100/100\n|switch|p2b: Zacian|Zacian-Crowned, L50|100/100\n|-ability|p2b: Zacian|Intrepid Sword|boost\n|-boost|p2b: Zacian|atk|1\n|-ability|p1a: Zamazenta|Dauntless Shield|boost\n|-boost|p1a: Zamazenta|def|1\n|-ability|p1b: Incineroar|Intimidate|boost\n|-unboost|p2a: Grimmsnarl|atk|1\n|-unboost|p2b: Zacian|atk|1\n|turn|1\n|inactive|TheAndUrgeTheUrge has 30 seconds left.\n|\n|t:|1773889347\n|move|p2b: Zacian|Protect|p2b: Zacian\n|-singleturn|p2b: Zacian|Protect\n|move|p1b: Incineroar|Fake Out|p2a: Grimmsnarl\n|-damage|p2a: Grimmsnarl|91/100\n|cant|p2a: Grimmsnarl|flinch\n|move|p1a: Zamazenta|Iron Defense|p1a: Zamazenta\n|-boost|p1a: Zamazenta|def|2\n|\n|upkeep\n|turn|2\n|\n|t:|1773889367\n|move|p2a: Grimmsnarl|Reflect|p2a: Grimmsnarl\n|-sidestart|p2: Hrstdsvacx|Reflect\n|move|p2b: Zacian|Sacred Sword|p1a: Zamazenta\n|-supereffective|p1a: Zamazenta\n|-damage|p1a: Zamazenta|61/100\n|move|p1a: Zamazenta|Heavy Slam|p2a: Grimmsnarl\n|-supereffective|p2a: Grimmsnarl\n|-damage|p2a: Grimmsnarl|33/100\n|move|p1b: Incineroar|Parting Shot|p2b: Zacian\n|-unboost|p2b: Zacian|atk|1\n|-unboost|p2b: Zacian|spa|1\n|\n|t:|1773889379\n|switch|p1b: Chi-Yu|Chi-Yu, L50, shiny|100/100|[from] Parting Shot\n|-ability|p1b: Chi-Yu|Beads of Ruin\n|\n|upkeep\n|turn|3\n|\n|t:|1773889392\n|-terastallize|p1a: Zamazenta|Ghost\n|move|p2a: Grimmsnarl|Light Screen|p2a: Grimmsnarl\n|-sidestart|p2: Hrstdsvacx|move: Light Screen\n|move|p1b: Chi-Yu|Heat Wave|p2b: Zacian|[spread] p2a,p2b\n|-supereffective|p2b: Zacian\n|-damage|p2a: Grimmsnarl|0 fnt\n|-damage|p2b: Zacian|39/100\n|faint|p2a: Grimmsnarl\n|move|p2b: Zacian|Sacred Sword|p1a: Zamazenta\n|-immune|p1a: Zamazenta\n|move|p1a: Zamazenta|Body Press|p2b: Zacian\n|-damage|p2b: Zacian|0 fnt\n|faint|p2b: Zacian\n|\n|upkeep\n|\n|t:|1773889398\n|switch|p2b: Salamence|Salamence, L50, M|100/100\n|switch|p2a: Kyogre|Kyogre, L50|100/100\n|-ability|p2b: Salamence|Intimidate|boost\n|-unboost|p1a: Zamazenta|atk|1\n|-unboost|p1b: Chi-Yu|atk|1\n|-weather|RainDance|[from] ability: Drizzle|[of] p2a: Kyogre\n|turn|4\n|\n|t:|1773889420\n|switch|p1b: Koraidon|Koraidon, L50|100/100\n|-weather|SunnyDay|[from] ability: Orichalcum Pulse|[of] p1b: Koraidon\n|-activate|p1b: Koraidon|Orichalcum Pulse|[source]\n|move|p2b: Salamence|Draco Meteor|p1a: Zamazenta\n|-damage|p1a: Zamazenta|19/100\n|-unboost|p2b: Salamence|spa|2\n|move|p1a: Zamazenta|Body Press|p2a: Kyogre\n|-damage|p2a: Kyogre|36/100\n|move|p2a: Kyogre|Origin Pulse|p1b: Koraidon|[spread] p1a,p1b\n|-resisted|p1b: Koraidon\n|-crit|p1b: Koraidon\n|-damage|p1a: Zamazenta|4/100\n|-damage|p1b: Koraidon|83/100\n|\n|-weather|SunnyDay|[upkeep]\n|-heal|p2a: Kyogre|42/100|[from] item: Leftovers\n|upkeep\n|turn|5\n|inactive|TheAndUrgeTheUrge has 30 seconds left.\n|\n|t:|1773889447\n|move|p2a: Kyogre|Protect|p2a: Kyogre\n|-singleturn|p2a: Kyogre|Protect\n|move|p1b: Koraidon|Close Combat|p2a: Kyogre\n|-activate|p2a: Kyogre|move: Protect\n|move|p2b: Salamence|Draco Meteor|p1b: Koraidon\n|-supereffective|p1b: Koraidon\n|-damage|p1b: Koraidon|19/100\n|-unboost|p2b: Salamence|spa|2\n|move|p1a: Zamazenta|Heavy Slam|p2b: Salamence\n|-damage|p2b: Salamence|73/100\n|\n|-weather|SunnyDay|[upkeep]\n|-heal|p2a: Kyogre|47/100|[from] item: Leftovers\n|upkeep\n|turn|6\n|\n|t:|1773889470\n|move|p1b: Koraidon|Close Combat|p2a: Kyogre\n|-damage|p2a: Kyogre|0 fnt\n|-unboost|p1b: Koraidon|def|1\n|-unboost|p1b: Koraidon|spd|1\n|faint|p2a: Kyogre\n|-damage|p1b: Koraidon|9/100|[from] item: Life Orb\n|move|p2b: Salamence|Draco Meteor|p1a: Zamazenta\n|-damage|p1a: Zamazenta|0 fnt\n|-unboost|p2b: Salamence|spa|2\n|faint|p1a: Zamazenta\n|\n|-weather|SunnyDay|[upkeep]\n|upkeep\n|\n|t:|1773889483\n|switch|p1a: Chi-Yu|Chi-Yu, L50, shiny|100/100\n|-ability|p1a: Chi-Yu|Beads of Ruin\n|turn|7\n|-message|Hrstdsvacx forfeited.\n|\n|win|TheAndUrgeTheUrge\n|raw|TheAndUrgeTheUrge's rating: 1205 &rarr; <strong>1229</strong><br />(+24 for winning)\n|raw|Hrstdsvacx's rating: 1191 &rarr; <strong>1167</strong><br />(-24 for losing)\n|l|\u2606Hrstdsvacx\n|player|p2|\n|l|\u2606TheAndUrgeTheUrge\n|player|p1|\n","uploadtime":1773889661,"views":10,"formatid":"gen9vgc2026regi","rating":1167,"private":0,"password":null}