{"id":"gen9vgc2026regi-2539746620","format":"[Gen 9] VGC 2026 Reg I","players":["n8thegr8702","j0l0k0"],"log":"|j|\u2606n8thegr8702\n|j|\u2606j0l0k0\n|t:|1771103809\n|gametype|doubles\n|player|p1|n8thegr8702|nate|1345\n|player|p2|j0l0k0|brycen|1511\n|gen|9\n|tier|[Gen 9] VGC 2026 Reg I\n|rated|\n|rule|Species Clause: Limit one of each Pok\u00e9mon\n|rule|Item Clause: Limit 1 of each item\n|clearpoke\n|poke|p1|Sneasler, L50, F|\n|poke|p1|Ditto, L50|\n|poke|p1|Calyrex-Ice, L50|\n|poke|p1|Miraidon, L50|\n|poke|p1|Urshifu-*, L50, M|\n|poke|p1|Incineroar, L50, M|\n|poke|p2|Calyrex-Ice, L50|\n|poke|p2|Kyogre, L50|\n|poke|p2|Indeedee-F, L50, F|\n|poke|p2|Urshifu-*, L50, F|\n|poke|p2|Amoonguss, L50, F|\n|poke|p2|Landorus, L50, M|\n|teampreview|4\n|inactive|Battle timer is ON: inactive players will automatically lose when time's up. (requested by j0l0k0)\n|inactive|n8thegr8702 also wants the timer to be on.\n|\n|t:|1771103829\n|teamsize|p1|4\n|teamsize|p2|4\n|start\n|switch|p1a: Incineroar|Incineroar, L50, M|100/100\n|switch|p1b: Calyrex|Calyrex-Ice, L50|100/100\n|switch|p2a: Kyogre|Kyogre, L50, shiny|100/100\n|switch|p2b: Landorus|Landorus, L50, M, shiny|100/100\n|-ability|p1b: Calyrex|As One\n|-ability|p1b: Calyrex|Unnerve\n|-weather|RainDance|[from] ability: Drizzle|[of] p2a: Kyogre\n|-ability|p1a: Incineroar|Intimidate|boost\n|-unboost|p2a: Kyogre|atk|1\n|-unboost|p2b: Landorus|atk|1\n|turn|1\n|\n|t:|1771103850\n|move|p2b: Landorus|Protect|p2b: Landorus\n|-singleturn|p2b: Landorus|Protect\n|move|p1a: Incineroar|Fake Out|p2a: Kyogre\n|-damage|p2a: Kyogre|90/100\n|cant|p2a: Kyogre|flinch\n|move|p1b: Calyrex|Trick Room|p1b: Calyrex\n|-fieldstart|move: Trick Room|[of] p1b: Calyrex\n|\n|-weather|RainDance|[upkeep]\n|upkeep\n|turn|2\n|\n|t:|1771103862\n|switch|p2b: Calyrex|Calyrex-Ice, L50|100/100\n|-ability|p2b: Calyrex|As One\n|-ability|p2b: Calyrex|Unnerve\n|move|p1b: Calyrex|Glacial Lance|p2b: Calyrex|[spread] p2a,p2b\n|-resisted|p2a: Kyogre\n|-resisted|p2b: Calyrex\n|-damage|p2a: Kyogre|61/100\n|-damage|p2b: Calyrex|83/100\n|move|p1a: Incineroar|Knock Off|p2a: Kyogre\n|-damage|p2a: Kyogre|24/100\n|-enditem|p2a: Kyogre|Assault Vest|[from] move: Knock Off|[of] p1a: Incineroar\n|move|p2a: Kyogre|Water Spout|p1b: Calyrex|[spread] p1a,p1b\n|-supereffective|p1a: Incineroar\n|-damage|p1a: Incineroar|73/100\n|-damage|p1b: Calyrex|86/100\n|\n|-weather|RainDance|[upkeep]\n|upkeep\n|turn|3\n|\n|t:|1771103885\n|move|p2b: Calyrex|Close Combat|p1a: Incineroar\n|-supereffective|p1a: Incineroar\n|-damage|p1a: Incineroar|0 fnt\n|-unboost|p2b: Calyrex|def|1\n|-unboost|p2b: Calyrex|spd|1\n|faint|p1a: Incineroar\n|-ability|p2b: Calyrex|Chilling Neigh|boost\n|-boost|p2b: Calyrex|atk|1\n|move|p1b: Calyrex|High Horsepower|p2a: Kyogre\n|-damage|p2a: Kyogre|0 fnt\n|faint|p2a: Kyogre\n|-ability|p1b: Calyrex|Chilling Neigh|boost\n|-boost|p1b: Calyrex|atk|1\n|\n|-weather|RainDance|[upkeep]\n|upkeep\n|\n|t:|1771103895\n|switch|p1a: Ditto|Ditto, L50|100/100\n|switch|p2a: Urshifu|Urshifu, L50, F|100/100\n|-transform|p1a: Ditto|p2b: Calyrex|[from] ability: Imposter\n|-ability|p1a: Ditto|As One\n|-ability|p1a: Ditto|Unnerve\n|turn|4\n|inactive|n8thegr8702 has 30 seconds left.\n|\n|t:|1771103922\n|-terastallize|p2b: Calyrex|Normal\n|-terastallize|p1b: Calyrex|Water\n|move|p2a: Urshifu|Protect|p2a: Urshifu\n|-singleturn|p2a: Urshifu|Protect\n|move|p2b: Calyrex|Crunch|p1a: Ditto\n|-supereffective|p1a: Ditto\n|-damage|p1a: Ditto|0 fnt\n|faint|p1a: Ditto\n|-ability|p2b: Calyrex|Chilling Neigh|boost\n|-boost|p2b: Calyrex|atk|1\n|move|p1b: Calyrex|Trick Room|p1b: Calyrex\n|-fieldend|move: Trick Room\n|\n|-weather|RainDance|[upkeep]\n|upkeep\n|\n|t:|1771103936\n|switch|p1a: Miraidon|Miraidon, L50|100/100\n|-fieldstart|move: Electric Terrain|[from] ability: Hadron Engine|[of] p1a: Miraidon\n|turn|5\n|\n|t:|1771103944\n|move|p1a: Miraidon|Electro Drift|p2b: Calyrex\n|-damage|p2b: Calyrex|0 fnt\n|faint|p2b: Calyrex\n|-damage|p1a: Miraidon|91/100|[from] item: Life Orb\n|move|p2a: Urshifu|Wicked Blow|p1b: Calyrex\n|-crit|p1b: Calyrex\n|-damage|p1b: Calyrex|44/100\n|move|p1b: Calyrex|Glacial Lance|p2a: Urshifu\n|-enditem|p2a: Urshifu|Focus Sash\n|-damage|p2a: Urshifu|1/100\n|\n|-weather|none\n|upkeep\n|\n|t:|1771103948\n|switch|p2b: Landorus|Landorus, L50, M, shiny|100/100\n|turn|6\n|\n|t:|1771103963\n|move|p1a: Miraidon|Protect|p1a: Miraidon\n|-singleturn|p1a: Miraidon|Protect\n|move|p2a: Urshifu|Protect|p2a: Urshifu\n|-singleturn|p2a: Urshifu|Protect\n|move|p2b: Landorus|Sandsear Storm|p1b: Calyrex|[spread] p1b\n|-activate|p1a: Miraidon|move: Protect\n|-damage|p1b: Calyrex|0 fnt\n|faint|p1b: Calyrex\n|\n|upkeep\n|turn|7\n|\n|t:|1771103973\n|move|p1a: Miraidon|Draco Meteor|p2b: Landorus\n|-damage|p2b: Landorus|0 fnt\n|-unboost|p1a: Miraidon|spa|2\n|faint|p2b: Landorus\n|-damage|p1a: Miraidon|81/100|[from] item: Life Orb\n|move|p2a: Urshifu|Wicked Blow|p1a: Miraidon\n|-crit|p1a: Miraidon\n|-damage|p1a: Miraidon|20/100\n|\n|upkeep\n|turn|8\n|\n|t:|1771103982\n|move|p1a: Miraidon|Electro Drift|p2a: Urshifu\n|-damage|p2a: Urshifu|0 fnt\n|faint|p2a: Urshifu\n|-damage|p1a: Miraidon|10/100|[from] item: Life Orb\n|\n|win|n8thegr8702\n|raw|n8thegr8702's rating: 1345 &rarr; <strong>1374</strong><br />(+29 for winning)\n|raw|j0l0k0's rating: 1511 &rarr; <strong>1482</strong><br />(-29 for losing)\n|l|\u2606j0l0k0\n|player|p2|\n|l|\u2606n8thegr8702\n|player|p1|\n|j|\u2606n8thegr8702\n|player|p1|n8thegr8702|nate|\n|l|\u2606n8thegr8702\n|player|p1|\n","uploadtime":1771104201,"views":25,"formatid":"gen9vgc2026regi","rating":1374,"private":0,"password":null}