{"id":"gen9vgc2026regi-2566968097","format":"[Gen 9] VGC 2026 Reg I","players":["JakeNBake3D","cordab"],"log":"|j|\u2606JakeNBake3D\n|j|\u2606cordab\n|t:|1774436273\n|gametype|doubles\n|player|p1|JakeNBake3D|1|1373\n|player|p2|cordab|cynthia|1359\n|gen|9\n|tier|[Gen 9] VGC 2026 Reg I\n|rated|\n|rule|Species Clause: Limit one of each Pok\u00e9mon\n|rule|Item Clause: Limit 1 of each item\n|clearpoke\n|poke|p1|Calyrex-Ice, L50|\n|poke|p1|Miraidon, L50|\n|poke|p1|Amoonguss, L50, M|\n|poke|p1|Incineroar, L50, F|\n|poke|p1|Farigiraf, L50, M|\n|poke|p1|Iron Hands, L50|\n|poke|p2|Calyrex-Shadow, L50|\n|poke|p2|Incineroar, L50, F|\n|poke|p2|Zamazenta-*, L50|\n|poke|p2|Chien-Pao, L50|\n|poke|p2|Rillaboom, L50, F|\n|poke|p2|Farigiraf, L50, F|\n|teampreview|4\n|\n|t:|1774436309\n|teamsize|p1|4\n|teamsize|p2|4\n|start\n|switch|p1a: Incineroar|Incineroar, L50, F|100/100\n|switch|p1b: Farigiraf|Farigiraf, L50, M|100/100\n|switch|p2a: Calyrex|Calyrex-Shadow, L50|100/100\n|switch|p2b: Rillaboom|Rillaboom, L50, F, shiny|100/100\n|-ability|p2a: Calyrex|As One\n|-ability|p2a: Calyrex|Unnerve\n|-fieldstart|move: Grassy Terrain|[from] ability: Grassy Surge|[of] p2b: Rillaboom\n|-ability|p1a: Incineroar|Intimidate|boost\n|-unboost|p2a: Calyrex|atk|1\n|-unboost|p2b: Rillaboom|atk|1\n|turn|1\n|\n|t:|1774436328\n|switch|p2a: Zamazenta|Zamazenta-Crowned, L50, shiny|100/100\n|-ability|p2a: Zamazenta|Dauntless Shield|boost\n|-boost|p2a: Zamazenta|def|1\n|move|p1a: Incineroar|Fake Out|p2b: Rillaboom\n|-damage|p2b: Rillaboom|90/100\n|cant|p2b: Rillaboom|flinch\n|move|p1b: Farigiraf|Foul Play|p2a: Zamazenta\n|-resisted|p2a: Zamazenta\n|-damage|p2a: Zamazenta|95/100\n|\n|-heal|p2a: Zamazenta|100/100|[from] Grassy Terrain\n|-heal|p2b: Rillaboom|96/100|[from] Grassy Terrain\n|upkeep\n|turn|2\n|\n|t:|1774436363\n|move|p2a: Zamazenta|Body Press|p1a: Incineroar\n|-supereffective|p1a: Incineroar\n|-damage|p1a: Incineroar|0 fnt\n|faint|p1a: Incineroar\n|move|p2b: Rillaboom|U-turn|p1b: Farigiraf\n|-supereffective|p1b: Farigiraf\n|-damage|p1b: Farigiraf|64/100\n|\n|t:|1774436370\n|switch|p2b: Farigiraf|Farigiraf, L50, F|100/100|[from] U-turn\n|move|p1b: Farigiraf|Trick Room|p1b: Farigiraf\n|-fieldstart|move: Trick Room|[of] p1b: Farigiraf\n|\n|-heal|p1b: Farigiraf|71/100|[from] Grassy Terrain\n|upkeep\n|\n|t:|1774436383\n|switch|p1a: Amoonguss|Amoonguss, L50, M|100/100\n|turn|3\n|\n|t:|1774436398\n|move|p2a: Zamazenta|Protect|p2a: Zamazenta\n|-singleturn|p2a: Zamazenta|Protect\n|move|p1a: Amoonguss|Spore|p2b: Farigiraf\n|-status|p2b: Farigiraf|slp|[from] move: Spore\n|cant|p2b: Farigiraf|slp\n|move|p1b: Farigiraf|Roar|p2a: Zamazenta\n|drag|p2a: Calyrex|Calyrex-Shadow, L50|100/100\n|-ability|p2a: Calyrex|As One\n|-ability|p2a: Calyrex|Unnerve\n|\n|-heal|p1b: Farigiraf|77/100|[from] Grassy Terrain\n|upkeep\n|turn|4\n|\n|t:|1774436424\n|switch|p1b: Calyrex|Calyrex-Ice, L50|100/100\n|-ability|p1b: Calyrex|As One\n|-ability|p1b: Calyrex|Unnerve\n|move|p2a: Calyrex|Protect|p2a: Calyrex\n|-singleturn|p2a: Calyrex|Protect\n|move|p1a: Amoonguss|Spore|p2a: Calyrex\n|-activate|p2a: Calyrex|move: Protect\n|-curestatus|p2b: Farigiraf|slp|[msg]\n|move|p2b: Farigiraf|Psychic|p1a: Amoonguss\n|-supereffective|p1a: Amoonguss\n|-damage|p1a: Amoonguss|42/100\n|-unboost|p1a: Amoonguss|spd|1\n|\n|-heal|p1a: Amoonguss|48/100|[from] Grassy Terrain\n|upkeep\n|turn|5\n|\n|t:|1774436455\n|move|p2b: Farigiraf|Ally Switch|p2b: Farigiraf\n|swap|p2b: Farigiraf|0|[from] move: Ally Switch\n|move|p1a: Amoonguss|Spore|p2a: Farigiraf\n|-status|p2a: Farigiraf|slp|[from] move: Spore\n|move|p1b: Calyrex|Glacial Lance|p2a: Farigiraf|[spread] p2a,p2b\n|-crit|p2a: Farigiraf\n|-damage|p2a: Farigiraf|43/100 slp\n|-damage|p2b: Calyrex|38/100\n|move|p2b: Calyrex|Astral Barrage|p1a: Amoonguss|[spread] p1a,p1b\n|-supereffective|p1b: Calyrex\n|-damage|p1a: Amoonguss|0 fnt\n|-damage|p1b: Calyrex|43/100\n|faint|p1a: Amoonguss\n|-ability|p2b: Calyrex|Grim Neigh|boost\n|-boost|p2b: Calyrex|spa|1\n|\n|-heal|p1b: Calyrex|48/100|[from] Grassy Terrain\n|-heal|p1b: Calyrex|54/100|[from] item: Leftovers\n|-heal|p2a: Farigiraf|49/100 slp|[from] Grassy Terrain\n|-heal|p2b: Calyrex|44/100|[from] Grassy Terrain\n|-heal|p2b: Calyrex|50/100|[from] item: Leftovers\n|-fieldend|move: Grassy Terrain\n|upkeep\n|\n|t:|1774436478\n|switch|p1a: Farigiraf|Farigiraf, L50, M|77/100\n|turn|6\n|\n|t:|1774436496\n|switch|p2a: Zamazenta|Zamazenta-Crowned, L50, shiny|100/100\n|-terastallize|p2b: Calyrex|Fairy\n|move|p1a: Farigiraf|Helping Hand|p1b: Calyrex\n|-singleturn|p1b: Calyrex|Helping Hand|[of] p1a: Farigiraf\n|move|p1b: Calyrex|Glacial Lance|p2a: Zamazenta|[spread] p2a,p2b\n|-resisted|p2a: Zamazenta\n|-damage|p2a: Zamazenta|75/100\n|-damage|p2b: Calyrex|0 fnt\n|faint|p2b: Calyrex\n|-ability|p1b: Calyrex|Chilling Neigh|boost\n|-boost|p1b: Calyrex|atk|1\n|\n|-heal|p1b: Calyrex|60/100|[from] item: Leftovers\n|-fieldend|move: Trick Room\n|upkeep\n|\n|t:|1774436504\n|switch|p2b: Rillaboom|Rillaboom, L50, F, shiny|96/100\n|-fieldstart|move: Grassy Terrain|[from] ability: Grassy Surge|[of] p2b: Rillaboom\n|turn|7\n|\n|t:|1774436553\n|move|p2a: Zamazenta|Body Press|p1a: Farigiraf\n|-damage|p1a: Farigiraf|27/100\n|move|p2b: Rillaboom|Knock Off|p1a: Farigiraf\n|-supereffective|p1a: Farigiraf\n|-damage|p1a: Farigiraf|0 fnt\n|-enditem|p1a: Farigiraf|Electric Seed|[from] move: Knock Off|[of] p2b: Rillaboom\n|faint|p1a: Farigiraf\n|move|p1b: Calyrex|Leech Seed|p2a: Zamazenta\n|-start|p2a: Zamazenta|move: Leech Seed\n|\n|-heal|p2a: Zamazenta|82/100|[from] Grassy Terrain\n|-heal|p2b: Rillaboom|100/100|[from] Grassy Terrain\n|-heal|p1b: Calyrex|66/100|[from] Grassy Terrain\n|-heal|p1b: Calyrex|72/100|[from] item: Leftovers\n|-damage|p2a: Zamazenta|69/100|[from] Leech Seed|[of] p1b: Calyrex\n|-heal|p1b: Calyrex|82/100|[silent]\n|upkeep\n|turn|8\n|\n|t:|1774436575\n|switch|p2a: Farigiraf|Farigiraf, L50, F|49/100 slp\n|move|p1b: Calyrex|Protect|p1b: Calyrex\n|-singleturn|p1b: Calyrex|Protect\n|move|p2b: Rillaboom|Knock Off|p1b: Calyrex\n|-activate|p1b: Calyrex|move: Protect\n|\n|-heal|p2a: Farigiraf|56/100 slp|[from] Grassy Terrain\n|-heal|p1b: Calyrex|88/100|[from] Grassy Terrain\n|-heal|p1b: Calyrex|94/100|[from] item: Leftovers\n|upkeep\n|turn|9\n|\n|t:|1774436591\n|-terastallize|p1b: Calyrex|Fire\n|cant|p2a: Farigiraf|slp\n|move|p2b: Rillaboom|Knock Off|p1b: Calyrex\n|-damage|p1b: Calyrex|71/100\n|-enditem|p1b: Calyrex|Leftovers|[from] move: Knock Off|[of] p2b: Rillaboom\n|move|p1b: Calyrex|Glacial Lance|p2b: Rillaboom|[spread] p2a,p2b\n|-supereffective|p2b: Rillaboom\n|-damage|p2a: Farigiraf|0 fnt\n|-damage|p2b: Rillaboom|0 fnt\n|faint|p2a: Farigiraf\n|faint|p2b: Rillaboom\n|-ability|p1b: Calyrex|Chilling Neigh|boost\n|-boost|p1b: Calyrex|atk|2\n|\n|-heal|p1b: Calyrex|77/100|[from] Grassy Terrain\n|upkeep\n|\n|t:|1774436595\n|switch|p2b: Zamazenta|Zamazenta-Crowned, L50, shiny|69/100\n|turn|10\n|\n|t:|1774436616\n|move|p2b: Zamazenta|Body Press|p1b: Calyrex\n|-damage|p1b: Calyrex|49/100\n|move|p1b: Calyrex|Leech Seed|p2b: Zamazenta\n|-start|p2b: Zamazenta|move: Leech Seed\n|\n|-heal|p2b: Zamazenta|75/100|[from] Grassy Terrain\n|-heal|p1b: Calyrex|55/100|[from] Grassy Terrain\n|-damage|p2b: Zamazenta|63/100|[from] Leech Seed|[of] p1b: Calyrex\n|-heal|p1b: Calyrex|65/100|[silent]\n|upkeep\n|turn|11\n|-message|cordab forfeited.\n|\n|win|JakeNBake3D\n|raw|JakeNBake3D's rating: 1373 &rarr; <strong>1392</strong><br />(+19 for winning)\n|raw|cordab's rating: 1359 &rarr; <strong>1340</strong><br />(-19 for losing)\n|l|\u2606cordab\n|player|p2|\n|l|\u2606JakeNBake3D\n|player|p1|\n","uploadtime":1774436843,"views":14,"formatid":"gen9vgc2026regi","rating":1340,"private":0,"password":null}