{"id":"gen9vgc2026regi-2536400266","format":"[Gen 9] VGC 2026 Reg I","players":["alexit93","Kana_Ryu1"],"log":"|j|\u2606alexit93\n|j|\u2606Kana_Ryu1\n|t:|1770683420\n|gametype|doubles\n|player|p1|alexit93|lucas-gen4pt|1395\n|player|p2|Kana_Ryu1|cynthia|1262\n|gen|9\n|tier|[Gen 9] VGC 2026 Reg I\n|rated|\n|rule|Species Clause: Limit one of each Pok\u00e9mon\n|rule|Item Clause: Limit 1 of each item\n|clearpoke\n|poke|p1|Zamazenta-*, L50|\n|poke|p1|Riolu, L50, M|\n|poke|p1|Calyrex-Ice, L50|\n|poke|p1|Rillaboom, L50, M|\n|poke|p1|Incineroar, L50, F|\n|poke|p1|Urshifu-*, L50, M|\n|poke|p2|Brute Bonnet, L50|\n|poke|p2|Calyrex-Shadow, L50|\n|poke|p2|Koraidon, L50|\n|poke|p2|Incineroar, L50, M|\n|poke|p2|Flutter Mane, L50|\n|poke|p2|Chi-Yu, L50|\n|teampreview|4\n|\n|t:|1770683438\n|teamsize|p1|4\n|teamsize|p2|4\n|start\n|switch|p1a: Riolu|Riolu, L50, M|100/100\n|switch|p1b: Urshifu|Urshifu-Rapid-Strike, L50, M|100/100\n|switch|p2a: Koraidon|Koraidon, L50|100/100\n|switch|p2b: Chi-Yu|Chi-Yu, L50|100/100\n|-ability|p2b: Chi-Yu|Beads of Ruin\n|-weather|SunnyDay|[from] ability: Orichalcum Pulse|[of] p2a: Koraidon\n|-activate|p2a: Koraidon|Orichalcum Pulse|[source]\n|turn|1\n|\n|t:|1770683451\n|switch|p2a: Brute Bonnet|Brute Bonnet, L50|100/100\n|-activate|p2a: Brute Bonnet|ability: Protosynthesis\n|-start|p2a: Brute Bonnet|protosynthesisdef\n|-terastallize|p1b: Urshifu|Water\n|move|p1a: Riolu|Rain Dance|p1a: Riolu\n|-weather|RainDance\n|-end|p2a: Brute Bonnet|Protosynthesis\n|move|p1b: Urshifu|Surging Strikes|p2b: Chi-Yu\n|-supereffective|p2b: Chi-Yu\n|-crit|p2b: Chi-Yu\n|-damage|p2b: Chi-Yu|0 fnt\n|faint|p2b: Chi-Yu\n|-hitcount|p2: Chi-Yu|1\n|\n|-weather|RainDance|[upkeep]\n|upkeep\n|\n|t:|1770683461\n|switch|p2b: Koraidon|Koraidon, L50|100/100\n|-weather|SunnyDay|[from] ability: Orichalcum Pulse|[of] p2b: Koraidon\n|-activate|p2a: Brute Bonnet|ability: Protosynthesis\n|-start|p2a: Brute Bonnet|protosynthesisdef\n|-activate|p2b: Koraidon|Orichalcum Pulse|[source]\n|turn|2\n|\n|t:|1770683481\n|switch|p1b: Zamazenta|Zamazenta-Crowned, L50, shiny|100/100\n|-ability|p1b: Zamazenta|Dauntless Shield|boost\n|-boost|p1b: Zamazenta|def|1\n|move|p2a: Brute Bonnet|Rage Powder|p2a: Brute Bonnet\n|-singleturn|p2a: Brute Bonnet|move: Rage Powder\n|move|p1a: Riolu|Rain Dance|p1a: Riolu\n|-weather|RainDance\n|-end|p2a: Brute Bonnet|Protosynthesis\n|move|p2b: Koraidon|Close Combat|p1a: Riolu\n|-damage|p1a: Riolu|0 fnt\n|-unboost|p2b: Koraidon|def|1\n|-unboost|p2b: Koraidon|spd|1\n|faint|p1a: Riolu\n|-damage|p2b: Koraidon|91/100|[from] item: Life Orb\n|\n|-weather|RainDance|[upkeep]\n|upkeep\n|\n|t:|1770683486\n|switch|p1a: Incineroar|Incineroar, L50, F|100/100\n|-ability|p1a: Incineroar|Intimidate|boost\n|-unboost|p2a: Brute Bonnet|atk|1\n|-unboost|p2b: Koraidon|atk|1\n|turn|3\n|\n|t:|1770683494\n|-terastallize|p2a: Brute Bonnet|Water\n|move|p2b: Koraidon|Protect|p2b: Koraidon\n|-singleturn|p2b: Koraidon|Protect\n|move|p1a: Incineroar|Fake Out|p2a: Brute Bonnet\n|-damage|p2a: Brute Bonnet|93/100\n|-damage|p1a: Incineroar|84/100|[from] item: Rocky Helmet|[of] p2a: Brute Bonnet\n|move|p1b: Zamazenta|Body Press|p2a: Brute Bonnet\n|-damage|p2a: Brute Bonnet|47/100\n|-damage|p1b: Zamazenta|84/100|[from] item: Rocky Helmet|[of] p2a: Brute Bonnet\n|cant|p2a: Brute Bonnet|flinch\n|\n|-weather|RainDance|[upkeep]\n|upkeep\n|turn|4\n|\n|t:|1770683514\n|switch|p2b: Calyrex|Calyrex-Shadow, L50|100/100\n|-ability|p2b: Calyrex|As One\n|-ability|p2b: Calyrex|Unnerve\n|move|p2a: Brute Bonnet|Rage Powder|p2a: Brute Bonnet\n|-singleturn|p2a: Brute Bonnet|move: Rage Powder\n|move|p1b: Zamazenta|Body Press|p2a: Brute Bonnet\n|-damage|p2a: Brute Bonnet|0 fnt\n|-damage|p1b: Zamazenta|67/100|[from] item: Rocky Helmet|[of] p2a: Brute Bonnet\n|faint|p2a: Brute Bonnet\n|-end|p2a: Brute Bonnet|Protosynthesis|[silent]\n|move|p1a: Incineroar|Will-O-Wisp|p2b: Calyrex\n|-status|p2b: Calyrex|brn\n|\n|-weather|RainDance|[upkeep]\n|-damage|p2b: Calyrex|94/100 brn|[from] brn\n|upkeep\n|\n|t:|1770683524\n|switch|p2a: Koraidon|Koraidon, L50|91/100\n|-weather|SunnyDay|[from] ability: Orichalcum Pulse|[of] p2a: Koraidon\n|-activate|p2a: Koraidon|Orichalcum Pulse|[source]\n|turn|5\n|\n|t:|1770683537\n|switch|p1a: Urshifu|Urshifu-Rapid-Strike, L50, M, tera:Water|100/100\n|move|p2b: Calyrex|Astral Barrage|p1b: Zamazenta|[spread] p1a,p1b\n|-damage|p1a: Urshifu|23/100\n|-damage|p1b: Zamazenta|24/100\n|move|p2a: Koraidon|Close Combat|p1a: Urshifu\n|-damage|p1a: Urshifu|0 fnt\n|-unboost|p2a: Koraidon|def|1\n|-unboost|p2a: Koraidon|spd|1\n|faint|p1a: Urshifu\n|-damage|p2a: Koraidon|81/100|[from] item: Life Orb\n|move|p1b: Zamazenta|Body Press|p2a: Koraidon\n|-damage|p2a: Koraidon|0 fnt\n|faint|p2a: Koraidon\n|\n|-weather|SunnyDay|[upkeep]\n|-damage|p2b: Calyrex|88/100 brn|[from] brn\n|upkeep\n|\n|t:|1770683540\n|switch|p1a: Incineroar|Incineroar, L50, F|84/100\n|-ability|p1a: Incineroar|Intimidate|boost\n|-unboost|p2b: Calyrex|atk|1\n|turn|6\n|\n|t:|1770683551\n|move|p2b: Calyrex|Protect|p2b: Calyrex\n|-singleturn|p2b: Calyrex|Protect\n|move|p1b: Zamazenta|Wide Guard|p1b: Zamazenta\n|-singleturn|p1b: Zamazenta|Wide Guard\n|move|p1a: Incineroar|Knock Off|p2b: Calyrex\n|-activate|p2b: Calyrex|move: Protect\n|\n|-weather|SunnyDay|[upkeep]\n|-damage|p2b: Calyrex|82/100 brn|[from] brn\n|upkeep\n|turn|7\n|-message|Kana_Ryu1 forfeited.\n|\n|win|alexit93\n|raw|alexit93's rating: 1395 &rarr; <strong>1408</strong><br />(+13 for winning)\n|raw|Kana_Ryu1's rating: 1262 &rarr; <strong>1246</strong><br />(-16 for losing)\n|l|\u2606Kana_Ryu1\n|player|p2|\n|l|\u2606alexit93\n|player|p1|\n","uploadtime":1770683758,"views":11,"formatid":"gen9vgc2026regi","rating":1246,"private":0,"password":null}