{"id":"gen9vgc2026regi-2565244008","format":"[Gen 9] VGC 2026 Reg I","players":["ScribbleScribble","Billlmads"],"log":"|j|\u2606ScribbleScribble\n|j|\u2606Billlmads\n|t:|1774250574\n|gametype|doubles\n|player|p1|ScribbleScribble|mina-lgpe|1633\n|player|p2|Billlmads|red|1660\n|gen|9\n|tier|[Gen 9] VGC 2026 Reg I\n|rated|\n|rule|Species Clause: Limit one of each Pok\u00e9mon\n|rule|Item Clause: Limit 1 of each item\n|clearpoke\n|poke|p1|Calyrex-Ice, L50|\n|poke|p1|Kyogre, L50|\n|poke|p1|Tornadus, L50, M|\n|poke|p1|Indeedee-F, L50, F|\n|poke|p1|Urshifu-*, L50, F|\n|poke|p1|Landorus, L50, M|\n|poke|p2|Terapagos, L50, M|\n|poke|p2|Miraidon, L50|\n|poke|p2|Incineroar, L50, M|\n|poke|p2|Sinistcha, L50|\n|poke|p2|Urshifu-*, L50, M|\n|poke|p2|Iron Treads, L50|\n|teampreview|4\n|inactive|Battle timer is ON: inactive players will automatically lose when time's up. (requested by ScribbleScribble)\n|\n|t:|1774250597\n|teamsize|p1|4\n|teamsize|p2|4\n|start\n|switch|p1a: Tornadus|Tornadus, L50, M|100/100\n|switch|p1b: Landorus|Landorus, L50, M|100/100\n|switch|p2a: Miraidon|Miraidon, L50|100/100\n|switch|p2b: Terapagos|Terapagos, L50, M|100/100\n|-activate|p2b: Terapagos|ability: Tera Shift\n|detailschange|p2b: Terapagos|Terapagos-Terastal, L50, M\n|-heal|p2b: Terapagos|100/100|[silent]\n|-fieldstart|move: Electric Terrain|[from] ability: Hadron Engine|[of] p2a: Miraidon\n|-enditem|p2b: Terapagos|Electric Seed\n|-boost|p2b: Terapagos|def|1|[from] item: Electric Seed\n|turn|1\n|j| SeABank\n|\n|t:|1774250608\n|move|p1b: Landorus|Protect|p1b: Landorus\n|-singleturn|p1b: Landorus|Protect\n|move|p1a: Tornadus|Taunt|p2b: Terapagos\n|-start|p2b: Terapagos|move: Taunt\n|move|p2a: Miraidon|Volt Switch|p1a: Tornadus\n|-supereffective|p1a: Tornadus\n|-enditem|p1a: Tornadus|Focus Sash\n|-damage|p1a: Tornadus|1/100\n|\n|t:|1774250612\n|switch|p2a: Urshifu|Urshifu-Rapid-Strike, L50, M|100/100|[from] Volt Switch\n|cant|p2b: Terapagos|move: Taunt|Calm Mind\n|\n|upkeep\n|turn|2\n|\n|t:|1774250623\n|move|p1a: Tornadus|Tailwind|p1a: Tornadus\n|-sidestart|p1: ScribbleScribble|move: Tailwind\n|move|p1b: Landorus|Sandsear Storm|p2a: Urshifu|[spread] p2a,p2b\n|-crit|p2a: Urshifu\n|-activate|p2b: Terapagos|ability: Tera Shell\n|-resisted|p2b: Terapagos\n|-damage|p2a: Urshifu|0 fnt\n|-damage|p2b: Terapagos|74/100\n|faint|p2a: Urshifu\n|move|p2b: Terapagos|Tera Starstorm|p1a: Tornadus\n|-damage|p1a: Tornadus|0 fnt\n|faint|p1a: Tornadus\n|\n|upkeep\n|\n|t:|1774250631\n|switch|p1a: Calyrex|Calyrex-Ice, L50|100/100\n|switch|p2a: Sinistcha|Sinistcha, L50|100/100\n|-ability|p1a: Calyrex|As One\n|-ability|p1a: Calyrex|Unnerve\n|-heal|p2b: Terapagos|99/100|[from] ability: Hospitality|[of] p2a: Sinistcha\n|turn|3\n|\n|t:|1774250646\n|-terastallize|p2b: Terapagos|Stellar\n|detailschange|p2b: Terapagos|Terapagos-Stellar, L50, M, tera:Stellar\n|-heal|p2b: Terapagos|99/100|[silent]\n|-ability|p2b: Terapagos|Teraform Zero\n|-fieldend|move: Electric Terrain\n|move|p2a: Sinistcha|Protect|p2a: Sinistcha\n|-singleturn|p2a: Sinistcha|Protect\n|move|p1b: Landorus|Sandsear Storm|p2a: Sinistcha|[spread] p2b\n|-activate|p2a: Sinistcha|move: Protect\n|-damage|p2b: Terapagos|58/100\n|move|p1a: Calyrex|Glacial Lance|p2a: Sinistcha|[spread] p2b\n|-activate|p2a: Sinistcha|move: Protect\n|-damage|p2b: Terapagos|39/100\n|move|p2b: Terapagos|Tera Starstorm|p1b: Landorus|[spread] p1a,p1b\n|-damage|p1a: Calyrex|72/100\n|-damage|p1b: Landorus|60/100\n|\n|-end|p2b: Terapagos|move: Taunt\n|upkeep\n|turn|4\n|\n|t:|1774250671\n|move|p2b: Terapagos|Protect|p2b: Terapagos\n|-singleturn|p2b: Terapagos|Protect\n|move|p1b: Landorus|Sludge Bomb|p2a: Sinistcha\n|-damage|p2a: Sinistcha|37/100\n|move|p1a: Calyrex|Glacial Lance|p2b: Terapagos|[spread] p2a\n|-activate|p2b: Terapagos|move: Protect\n|-supereffective|p2a: Sinistcha\n|-damage|p2a: Sinistcha|0 fnt\n|faint|p2a: Sinistcha\n|-ability|p1a: Calyrex|Chilling Neigh|boost\n|-boost|p1a: Calyrex|atk|1\n|\n|upkeep\n|\n|t:|1774250677\n|switch|p2a: Miraidon|Miraidon, L50|100/100\n|-fieldstart|move: Electric Terrain|[from] ability: Hadron Engine|[of] p2a: Miraidon\n|turn|5\n|\n|t:|1774250688\n|-terastallize|p1a: Calyrex|Grass\n|move|p1b: Landorus|Earth Power|p2b: Terapagos\n|-damage|p2b: Terapagos|0 fnt\n|faint|p2b: Terapagos\n|detailschange|p2: Terapagos|Terapagos, L50, M|[silent]\n|move|p2a: Miraidon|Draco Meteor|p1a: Calyrex\n|-damage|p1a: Calyrex|6/100\n|-unboost|p2a: Miraidon|spa|2\n|move|p1a: Calyrex|Glacial Lance|p2a: Miraidon\n|-supereffective|p2a: Miraidon\n|-damage|p2a: Miraidon|0 fnt\n|faint|p2a: Miraidon\n|\n|win|ScribbleScribble\n|raw|ScribbleScribble's rating: 1633 &rarr; <strong>1655</strong><br />(+22 for winning)\n|raw|Billlmads's rating: 1660 &rarr; <strong>1638</strong><br />(-22 for losing)\n|l|\u2606ScribbleScribble\n|player|p1|\n|l| SeABank\n","uploadtime":1774250890,"views":113,"formatid":"gen9vgc2026regi","rating":1638,"private":0,"password":null}