{"id":"gen9vgc2026regi-2531102670","format":"[Gen 9] VGC 2026 Reg I","players":["palhunter","ky123456"],"log":"|j|\u2606palhunter\n|j|\u2606ky123456\n|t:|1770012765\n|gametype|doubles\n|player|p1|palhunter|dawn|1558\n|player|p2|ky123456|cynthia-gen4|1502\n|gen|9\n|tier|[Gen 9] VGC 2026 Reg I\n|rated|\n|rule|Species Clause: Limit one of each Pok\u00e9mon\n|rule|Item Clause: Limit 1 of each item\n|clearpoke\n|poke|p1|Miraidon, L50|\n|poke|p1|Amoonguss, L50, F|\n|poke|p1|Calyrex-Ice, L50|\n|poke|p1|Urshifu-*, L50, M|\n|poke|p1|Incineroar, L50, F|\n|poke|p1|Landorus, L50, M|\n|poke|p2|Koraidon, L50|\n|poke|p2|Calyrex-Ice, L50|\n|poke|p2|Incineroar, L50, F|\n|poke|p2|Smeargle, L50, F|\n|poke|p2|Rillaboom, L50, F|\n|poke|p2|Landorus, L50, M|\n|teampreview|4\n|inactive|Battle timer is ON: inactive players will automatically lose when time's up. (requested by palhunter)\n|l|\u2606ky123456\n|inactive|ky123456 disconnected and has a minute to reconnect!\n|player|p2|\n|\n|t:|1770012817\n|teamsize|p1|4\n|teamsize|p2|4\n|start\n|switch|p1a: Incineroar|Incineroar, L50, F, shiny|100/100\n|switch|p1b: Calyrex|Calyrex-Ice, L50|100/100\n|switch|p2a: Landorus|Landorus, L50, M|100/100\n|switch|p2b: Rillaboom|Rillaboom, L50, F|100/100\n|-ability|p1b: Calyrex|As One\n|-ability|p1b: Calyrex|Unnerve\n|-fieldstart|move: Grassy Terrain|[from] ability: Grassy Surge|[of] p2b: Rillaboom\n|-ability|p1a: Incineroar|Intimidate|boost\n|-unboost|p2a: Landorus|atk|1\n|-unboost|p2b: Rillaboom|atk|1\n|turn|1\n|j|\u2606ky123456\n|inactive|ky123456 reconnected and has 45 seconds left.\n|player|p2|ky123456|cynthia-gen4|\n|inactive|ky123456 has 30 seconds left.\n|\n|t:|1770012843\n|move|p2b: Rillaboom|Fake Out|p1b: Calyrex\n|-damage|p1b: Calyrex|95/100\n|move|p1a: Incineroar|Fake Out|p2a: Landorus\n|-damage|p2a: Landorus|88/100\n|cant|p2a: Landorus|flinch\n|cant|p1b: Calyrex|flinch\n|\n|-heal|p1b: Calyrex|100/100|[from] Grassy Terrain\n|upkeep\n|turn|2\n|inactive|ky123456 has 30 seconds left.\n|\n|t:|1770012874\n|-terastallize|p2a: Landorus|Water\n|move|p2b: Rillaboom|U-turn|p1b: Calyrex\n|-supereffective|p1b: Calyrex\n|-damage|p1b: Calyrex|83/100\n|\n|t:|1770012881\n|switch|p2b: Calyrex|Calyrex-Ice, L50|100/100|[from] U-turn\n|-ability|p2b: Calyrex|As One\n|-ability|p2b: Calyrex|Unnerve\n|move|p2a: Landorus|Earth Power|p1a: Incineroar\n|-supereffective|p1a: Incineroar\n|-damage|p1a: Incineroar|3/100\n|move|p1a: Incineroar|U-turn|p2b: Calyrex\n|-supereffective|p2b: Calyrex\n|-damage|p2b: Calyrex|75/100\n|\n|t:|1770012888\n|switch|p1a: Miraidon|Miraidon, L50|100/100|[from] U-turn\n|-fieldstart|move: Electric Terrain|[from] ability: Hadron Engine|[of] p1a: Miraidon\n|move|p1b: Calyrex|Glacial Lance|p2a: Landorus|[spread] p2a,p2b\n|-resisted|p2a: Landorus\n|-resisted|p2b: Calyrex\n|-damage|p2a: Landorus|59/100\n|-damage|p2b: Calyrex|59/100\n|\n|-heal|p2b: Calyrex|65/100|[from] item: Leftovers\n|upkeep\n|turn|3\n|inactive|palhunter has 30 seconds left.\n|inactive|ky123456 has 30 seconds left.\n|inactive|palhunter has 20 seconds left.\n|inactive|ky123456 has 20 seconds left.\n|inactive|palhunter has 15 seconds left.\n|inactive|ky123456 has 15 seconds left.\n|inactive|palhunter has 10 seconds left.\n|inactive|palhunter has 5 seconds left.\n|\n|t:|1770012941\n|move|p2a: Landorus|Protect|p2a: Landorus\n|-singleturn|p2a: Landorus|Protect\n|move|p1a: Miraidon|Volt Switch|p2b: Calyrex\n|-damage|p2b: Calyrex|22/100\n|\n|t:|1770012950\n|switch|p1a: Incineroar|Incineroar, L50, F, shiny|3/100|[from] Volt Switch\n|-ability|p1a: Incineroar|Intimidate|boost\n|-unboost|p2a: Landorus|atk|1\n|-unboost|p2b: Calyrex|atk|1\n|move|p2b: Calyrex|Glacial Lance|p1a: Incineroar|[spread] p1a,p1b\n|-resisted|p1a: Incineroar\n|-resisted|p1b: Calyrex\n|-damage|p1a: Incineroar|0 fnt\n|-damage|p1b: Calyrex|72/100\n|faint|p1a: Incineroar\n|-ability|p2b: Calyrex|Chilling Neigh|boost\n|-boost|p2b: Calyrex|atk|1\n|move|p1b: Calyrex|Glacial Lance|p2a: Landorus|[spread] p2b\n|-activate|p2a: Landorus|move: Protect\n|-resisted|p2b: Calyrex\n|-crit|p2b: Calyrex\n|-damage|p2b: Calyrex|0 fnt\n|faint|p2b: Calyrex\n|-ability|p1b: Calyrex|Chilling Neigh|boost\n|-boost|p1b: Calyrex|atk|1\n|\n|upkeep\n|\n|t:|1770012959\n|switch|p1a: Amoonguss|Amoonguss, L50, F, shiny|100/100\n|switch|p2b: Rillaboom|Rillaboom, L50, F|100/100\n|-fieldstart|move: Grassy Terrain|[from] ability: Grassy Surge|[of] p2b: Rillaboom\n|turn|4\n|\n|t:|1770012980\n|move|p1b: Calyrex|Protect|p1b: Calyrex\n|-singleturn|p1b: Calyrex|Protect\n|move|p1a: Amoonguss|Protect|p1a: Amoonguss\n|-singleturn|p1a: Amoonguss|Protect\n|move|p2b: Rillaboom|Wood Hammer|p1b: Calyrex\n|-activate|p1b: Calyrex|move: Protect\n|move|p2a: Landorus|Sandsear Storm|p1b: Calyrex|[spread] \n|-activate|p1a: Amoonguss|move: Protect\n|-activate|p1b: Calyrex|move: Protect\n|\n|-heal|p2a: Landorus|65/100|[from] Grassy Terrain\n|-heal|p1b: Calyrex|77/100|[from] Grassy Terrain\n|upkeep\n|turn|5\n|inactive|palhunter has 30 seconds left.\n|\n|t:|1770013009\n|move|p2b: Rillaboom|Wood Hammer|p1b: Calyrex\n|-damage|p1b: Calyrex|32/100\n|-damage|p2b: Rillaboom|84/100|[from] Recoil\n|move|p2a: Landorus|Earth Power|p1b: Calyrex\n|-damage|p1b: Calyrex|0 fnt\n|faint|p1b: Calyrex\n|move|p1a: Amoonguss|Spore|p2a: Landorus\n|-status|p2a: Landorus|slp|[from] move: Spore\n|\n|-heal|p2b: Rillaboom|91/100|[from] Grassy Terrain\n|-heal|p2a: Landorus|71/100 slp|[from] Grassy Terrain\n|upkeep\n|\n|t:|1770013022\n|switch|p1b: Miraidon|Miraidon, L50|100/100\n|-fieldstart|move: Electric Terrain|[from] ability: Hadron Engine|[of] p1b: Miraidon\n|turn|6\n|inactive|palhunter has 30 seconds left.\n|\n|t:|1770013051\n|move|p1b: Miraidon|Electro Drift|p2a: Landorus\n|-supereffective|p2a: Landorus\n|-damage|p2a: Landorus|0 fnt\n|faint|p2a: Landorus\n|move|p2b: Rillaboom|U-turn|p1b: Miraidon\n|-damage|p1b: Miraidon|80/100\n|\n|t:|1770013058\n|switch|p2b: Koraidon|Koraidon, L50|100/100|[from] U-turn\n|-weather|SunnyDay|[from] ability: Orichalcum Pulse|[of] p2b: Koraidon\n|-activate|p2b: Koraidon|Orichalcum Pulse|[source]\n|move|p1a: Amoonguss|Pollen Puff|p1b: Miraidon\n|-heal|p1b: Miraidon|100/100\n|\n|-weather|SunnyDay|[upkeep]\n|upkeep\n|\n|t:|1770013059\n|switch|p2a: Rillaboom|Rillaboom, L50, F|91/100\n|-fieldstart|move: Grassy Terrain|[from] ability: Grassy Surge|[of] p2a: Rillaboom\n|turn|7\n|\n|t:|1770013079\n|-terastallize|p1a: Amoonguss|Water\n|move|p2a: Rillaboom|Fake Out|p1b: Miraidon\n|-damage|p1b: Miraidon|89/100\n|cant|p1b: Miraidon|flinch\n|move|p2b: Koraidon|Flare Blitz|p1a: Amoonguss\n|-resisted|p1a: Amoonguss\n|-damage|p1a: Amoonguss|65/100\n|-damage|p2b: Koraidon|84/100|[from] item: Rocky Helmet|[of] p1a: Amoonguss\n|-damage|p2b: Koraidon|71/100|[from] Recoil\n|move|p1a: Amoonguss|Spore|p2b: Koraidon\n|-status|p2b: Koraidon|slp|[from] move: Spore\n|\n|-weather|SunnyDay|[upkeep]\n|-heal|p1b: Miraidon|95/100|[from] Grassy Terrain\n|-heal|p2b: Koraidon|77/100 slp|[from] Grassy Terrain\n|-heal|p2a: Rillaboom|97/100|[from] Grassy Terrain\n|-heal|p1a: Amoonguss|71/100|[from] Grassy Terrain\n|upkeep\n|turn|8\n|\n|t:|1770013101\n|cant|p2b: Koraidon|slp\n|move|p1a: Amoonguss|Protect|p1a: Amoonguss\n|-singleturn|p1a: Amoonguss|Protect\n|move|p1b: Miraidon|Electro Drift|p2b: Koraidon\n|-resisted|p2b: Koraidon\n|-damage|p2b: Koraidon|49/100 slp\n|move|p2a: Rillaboom|Wood Hammer|p1a: Amoonguss\n|-activate|p1a: Amoonguss|move: Protect\n|\n|-weather|SunnyDay|[upkeep]\n|-heal|p1b: Miraidon|100/100|[from] Grassy Terrain\n|-heal|p2b: Koraidon|55/100 slp|[from] Grassy Terrain\n|-heal|p2a: Rillaboom|100/100|[from] Grassy Terrain\n|-heal|p1a: Amoonguss|77/100|[from] Grassy Terrain\n|upkeep\n|turn|9\n|\n|t:|1770013120\n|cant|p2b: Koraidon|slp\n|move|p1a: Amoonguss|Protect||[still]\n|-fail|p1a: Amoonguss\n|move|p1b: Miraidon|Electro Drift|p2b: Koraidon\n|-resisted|p2b: Koraidon\n|-damage|p2b: Koraidon|29/100 slp\n|move|p2a: Rillaboom|Wood Hammer|p1a: Amoonguss\n|-supereffective|p1a: Amoonguss\n|-damage|p1a: Amoonguss|0 fnt\n|-damage|p2a: Rillaboom|84/100|[from] item: Rocky Helmet|[of] p1a: Amoonguss\n|faint|p1a: Amoonguss\n|-damage|p2a: Rillaboom|55/100|[from] Recoil\n|\n|-weather|SunnyDay|[upkeep]\n|-heal|p2b: Koraidon|36/100 slp|[from] Grassy Terrain\n|-heal|p2a: Rillaboom|62/100|[from] Grassy Terrain\n|upkeep\n|turn|10\n|-message|palhunter forfeited.\n|\n|win|ky123456\n|raw|palhunter's rating: 1558 &rarr; <strong>1535</strong><br />(-23 for losing)\n|raw|ky123456's rating: 1502 &rarr; <strong>1525</strong><br />(+23 for winning)\n|l|\u2606palhunter\n|player|p1|\n|l|\u2606ky123456\n|player|p2|\n","uploadtime":1770013285,"views":39,"formatid":"gen9vgc2026regi","rating":1525,"private":0,"password":null}