{"id":"gen9vgc2026regi-2559390082","format":"[Gen 9] VGC 2026 Reg I","players":["blackred123","Mentalsyndrome"],"log":"|j|\u2606blackred123\n|j|\u2606Mentalsyndrome\n|t:|1773557140\n|gametype|doubles\n|player|p1|blackred123|iono-masters|1333\n|player|p2|Mentalsyndrome|169|1346\n|gen|9\n|tier|[Gen 9] VGC 2026 Reg I\n|rated|\n|rule|Species Clause: Limit one of each Pok\u00e9mon\n|rule|Item Clause: Limit 1 of each item\n|clearpoke\n|poke|p1|Calyrex-Shadow, L50|\n|poke|p1|Koraidon, L50|\n|poke|p1|Flutter Mane, L50|\n|poke|p1|Incineroar, L50, M|\n|poke|p1|Clefairy, L50, F|\n|poke|p1|Rillaboom, L50, M|\n|poke|p2|Bastiodon, L50, M|\n|poke|p2|Miraidon, L50|\n|poke|p2|Calyrex-Shadow, L50|\n|poke|p2|Urshifu-*, L50, F|\n|poke|p2|Incineroar, L50, F|\n|poke|p2|Whimsicott, L50, M|\n|teampreview|4\n|inactive|Battle timer is ON: inactive players will automatically lose when time's up. (requested by Mentalsyndrome)\n|inactive|blackred123 also wants the timer to be on.\n|inactive|blackred123 has 60 seconds left.\n|\n|t:|1773557172\n|teamsize|p1|4\n|teamsize|p2|4\n|start\n|switch|p1a: \u56fa\u5927\u5305\u52d2|Koraidon, L50|100/100\n|switch|p1b: Rillaboom|Rillaboom, L50, M|100/100\n|switch|p2a: Don Arrogance|Calyrex-Shadow, L50|100/100\n|switch|p2b: Don HateCrime|Whimsicott, L50, M, shiny|100/100\n|-ability|p2a: Don Arrogance|As One\n|-ability|p2a: Don Arrogance|Unnerve\n|-weather|SunnyDay|[from] ability: Orichalcum Pulse|[of] p1a: \u56fa\u5927\u5305\u52d2\n|-activate|p1a: \u56fa\u5927\u5305\u52d2|Orichalcum Pulse|[source]\n|-fieldstart|move: Grassy Terrain|[from] ability: Grassy Surge|[of] p1b: Rillaboom\n|turn|1\n|\n|t:|1773557188\n|-terastallize|p2b: Don HateCrime|Fire\n|move|p1b: Rillaboom|Fake Out|p2b: Don HateCrime\n|-damage|p2b: Don HateCrime|85/100\n|move|p2b: Don HateCrime|Fake Tears|p1b: Rillaboom\n|-unboost|p1b: Rillaboom|spd|2\n|move|p2a: Don Arrogance|Pollen Puff|p1b: Rillaboom\n|-supereffective|p1b: Rillaboom\n|-damage|p1b: Rillaboom|0 fnt\n|faint|p1b: Rillaboom\n|-ability|p2a: Don Arrogance|Grim Neigh|boost\n|-boost|p2a: Don Arrogance|spa|1\n|-damage|p2a: Don Arrogance|91/100|[from] item: Life Orb\n|move|p1a: \u56fa\u5927\u5305\u52d2|Flame Charge|p2b: Don HateCrime\n|-resisted|p2b: Don HateCrime\n|-damage|p2b: Don HateCrime|63/100\n|-boost|p1a: \u56fa\u5927\u5305\u52d2|spe|1\n|\n|-weather|SunnyDay|[upkeep]\n|-heal|p2a: Don Arrogance|96/100|[from] Grassy Terrain\n|-heal|p2b: Don HateCrime|69/100|[from] Grassy Terrain\n|upkeep\n|\n|t:|1773557202\n|switch|p1b: \u6211\u8fd1\u89c6|Calyrex-Shadow, L50|100/100\n|-ability|p1b: \u6211\u8fd1\u89c6|As One\n|-ability|p1b: \u6211\u8fd1\u89c6|Unnerve\n|turn|2\n|\n|t:|1773557224\n|-terastallize|p1b: \u6211\u8fd1\u89c6|Dark\n|move|p2a: Don Arrogance|Protect|p2a: Don Arrogance\n|-singleturn|p2a: Don Arrogance|Protect\n|move|p2b: Don HateCrime|Tailwind|p2b: Don HateCrime\n|-sidestart|p2: Mentalsyndrome|move: Tailwind\n|move|p1a: \u56fa\u5927\u5305\u52d2|Flare Blitz|p2a: Don Arrogance\n|-activate|p2a: Don Arrogance|move: Protect\n|move|p1b: \u6211\u8fd1\u89c6|Astral Barrage|p2a: Don Arrogance|[spread] p2b\n|-activate|p2a: Don Arrogance|move: Protect\n|-damage|p2b: Don HateCrime|0 fnt\n|faint|p2b: Don HateCrime\n|-ability|p1b: \u6211\u8fd1\u89c6|Grim Neigh|boost\n|-boost|p1b: \u6211\u8fd1\u89c6|spa|1\n|-damage|p1b: \u6211\u8fd1\u89c6|91/100|[from] item: Life Orb\n|\n|-weather|SunnyDay|[upkeep]\n|-heal|p2a: Don Arrogance|100/100|[from] Grassy Terrain\n|-heal|p1b: \u6211\u8fd1\u89c6|96/100|[from] Grassy Terrain\n|upkeep\n|\n|t:|1773557231\n|switch|p2b: Don Buttons|Miraidon, L50|100/100\n|-fieldstart|move: Electric Terrain|[from] ability: Hadron Engine|[of] p2b: Don Buttons\n|turn|3\n|inactive|blackred123 has 30 seconds left.\n|\n|t:|1773557263\n|move|p1a: \u56fa\u5927\u5305\u52d2|Protect|p1a: \u56fa\u5927\u5305\u52d2\n|-singleturn|p1a: \u56fa\u5927\u5305\u52d2|Protect\n|move|p1b: \u6211\u8fd1\u89c6|Protect|p1b: \u6211\u8fd1\u89c6\n|-singleturn|p1b: \u6211\u8fd1\u89c6|Protect\n|move|p2a: Don Arrogance|Pollen Puff|p1b: \u6211\u8fd1\u89c6\n|-activate|p1b: \u6211\u8fd1\u89c6|move: Protect\n|move|p2b: Don Buttons|Draco Meteor|p1a: \u56fa\u5927\u5305\u52d2\n|-activate|p1a: \u56fa\u5927\u5305\u52d2|move: Protect\n|\n|-weather|SunnyDay|[upkeep]\n|upkeep\n|turn|4\n|\n|t:|1773557283\n|switch|p1a: Clefairy|Clefairy, L50, F|100/100\n|move|p2a: Don Arrogance|Pollen Puff|p1b: \u6211\u8fd1\u89c6\n|-supereffective|p1b: \u6211\u8fd1\u89c6\n|-crit|p1b: \u6211\u8fd1\u89c6\n|-damage|p1b: \u6211\u8fd1\u89c6|0 fnt\n|faint|p1b: \u6211\u8fd1\u89c6\n|-ability|p2a: Don Arrogance|Grim Neigh|boost\n|-boost|p2a: Don Arrogance|spa|1\n|-damage|p2a: Don Arrogance|91/100|[from] item: Life Orb\n|move|p2b: Don Buttons|Draco Meteor|p1a: Clefairy\n|-immune|p1a: Clefairy\n|\n|-weather|SunnyDay|[upkeep]\n|upkeep\n|\n|t:|1773557293\n|switch|p1b: \u56fa\u5927\u5305\u52d2|Koraidon, L50|100/100\n|-activate|p1b: \u56fa\u5927\u5305\u52d2|ability: Orichalcum Pulse\n|turn|5\n|\n|t:|1773557297\n|switch|p2b: Don VGC|Incineroar, L50, F|100/100\n|-ability|p2b: Don VGC|Intimidate|boost\n|-unboost|p1a: Clefairy|atk|1\n|-fail|p1b: \u56fa\u5927\u5305\u52d2|unboost|[from] item: Clear Amulet|[of] p1b: \u56fa\u5927\u5305\u52d2\n|move|p1b: \u56fa\u5927\u5305\u52d2|Protect|p1b: \u56fa\u5927\u5305\u52d2\n|-singleturn|p1b: \u56fa\u5927\u5305\u52d2|Protect\n|move|p2a: Don Arrogance|Astral Barrage|p1a: Clefairy|[spread] p1a\n|-activate|p1b: \u56fa\u5927\u5305\u52d2|move: Protect\n|-damage|p1a: Clefairy|12/100\n|-damage|p2a: Don Arrogance|81/100|[from] item: Life Orb\n|move|p1a: Clefairy|Icy Wind|p2b: Don VGC|[spread] p2a,p2b\n|-resisted|p2b: Don VGC\n|-damage|p2a: Don Arrogance|75/100\n|-damage|p2b: Don VGC|97/100\n|-unboost|p2a: Don Arrogance|spe|1\n|-unboost|p2b: Don VGC|spe|1\n|\n|-weather|none\n|-sideend|p2: Mentalsyndrome|move: Tailwind\n|upkeep\n|turn|6\n|\n|t:|1773557316\n|move|p2b: Don VGC|Fake Out|p1b: \u56fa\u5927\u5305\u52d2\n|-damage|p1b: \u56fa\u5927\u5305\u52d2|93/100\n|cant|p1b: \u56fa\u5927\u5305\u52d2|flinch\n|move|p2a: Don Arrogance|Astral Barrage|p1a: Clefairy|[spread] p1a,p1b\n|-damage|p1a: Clefairy|0 fnt\n|-damage|p1b: \u56fa\u5927\u5305\u52d2|0 fnt\n|faint|p1a: Clefairy\n|faint|p1b: \u56fa\u5927\u5305\u52d2\n|-damage|p2a: Don Arrogance|65/100|[from] item: Life Orb\n|\n|win|Mentalsyndrome\n|raw|blackred123's rating: 1333 &rarr; <strong>1314</strong><br />(-19 for losing)\n|raw|Mentalsyndrome's rating: 1346 &rarr; <strong>1365</strong><br />(+19 for winning)\n|l|\u2606blackred123\n|player|p1|\n|l|\u2606Mentalsyndrome\n|player|p2|\n","uploadtime":1773557341,"views":15,"formatid":"gen9vgc2026regi","rating":1314,"private":0,"password":null}