{"id":"gen9vgc2026regi-2576511727","format":"[Gen 9] VGC 2026 Reg I","players":["wdvchjwdb","Mirthinion"],"log":"|j|\u2606wdvchjwdb\n|j|\u2606Mirthinion\n|t:|1775483239\n|gametype|doubles\n|player|p1|wdvchjwdb|265|1432\n|player|p2|Mirthinion|janitor|1498\n|gen|9\n|tier|[Gen 9] VGC 2026 Reg I\n|rated|\n|rule|Species Clause: Limit one of each Pok\u00e9mon\n|rule|Item Clause: Limit 1 of each item\n|clearpoke\n|poke|p1|Calyrex-Shadow, L50|\n|poke|p1|Zamazenta-*, L50|\n|poke|p1|Incineroar, L50, M|\n|poke|p1|Rillaboom, L50, M|\n|poke|p1|Amoonguss, L50, M|\n|poke|p1|Urshifu-*, L50, M|\n|poke|p2|Calyrex-Shadow, L50|\n|poke|p2|Zamazenta-*, L50|\n|poke|p2|Urshifu-*, L50, M|\n|poke|p2|Incineroar, L50, M|\n|poke|p2|Rillaboom, L50, M|\n|poke|p2|Tornadus, L50, M|\n|teampreview|4\n|inactive|Battle timer is ON: inactive players will automatically lose when time's up. (requested by Mirthinion)\nMirthinion rejected open team sheets.\n|\n|t:|1775483253\n|teamsize|p1|4\n|teamsize|p2|4\n|start\n|switch|p1a: Zamazenta|Zamazenta-Crowned, L50|100/100\n|switch|p1b: Rillaboom|Rillaboom, L50, M|100/100\n|switch|p2a: Vangwe|Tornadus, L50, M|100/100\n|switch|p2b: Beowulf|Urshifu-Rapid-Strike, L50, M|100/100\n|-ability|p1a: Zamazenta|Dauntless Shield|boost\n|-boost|p1a: Zamazenta|def|1\n|-fieldstart|move: Grassy Terrain|[from] ability: Grassy Surge|[of] p1b: Rillaboom\n|turn|1\n|\n|t:|1775483266\n|-terastallize|p2b: Beowulf|Ghost\n|move|p1b: Rillaboom|Fake Out|p2b: Beowulf\n|-immune|p2b: Beowulf\n|move|p2a: Vangwe|Tailwind|p2a: Vangwe\n|-sidestart|p2: Mirthinion|move: Tailwind\n|move|p2b: Beowulf|Surging Strikes|p1a: Zamazenta\n|-crit|p1a: Zamazenta\n|-damage|p1a: Zamazenta|83/100\n|-crit|p1a: Zamazenta\n|-damage|p1a: Zamazenta|66/100\n|-crit|p1a: Zamazenta\n|-damage|p1a: Zamazenta|48/100\n|-hitcount|p1a: Zamazenta|3\n|move|p1a: Zamazenta|Body Press|p2b: Beowulf\n|-immune|p2b: Beowulf\n|\n|-heal|p1a: Zamazenta|54/100|[from] Grassy Terrain\n|upkeep\n|turn|2\n|\n|t:|1775483283\n|move|p2a: Vangwe|Rain Dance|p2a: Vangwe\n|-weather|RainDance\n|move|p2b: Beowulf|Surging Strikes|p1a: Zamazenta\n|-crit|p1a: Zamazenta\n|-damage|p1a: Zamazenta|28/100\n|-crit|p1a: Zamazenta\n|-damage|p1a: Zamazenta|5/100\n|-crit|p1a: Zamazenta\n|-damage|p1a: Zamazenta|0 fnt\n|faint|p1a: Zamazenta\n|-hitcount|p1: Zamazenta|3\n|move|p1b: Rillaboom|Wood Hammer|p2b: Beowulf\n|-damage|p2b: Beowulf|22/100\n|-damage|p1b: Rillaboom|78/100|[from] Recoil\n|\n|-weather|RainDance|[upkeep]\n|-heal|p2b: Beowulf|28/100|[from] Grassy Terrain\n|-heal|p1b: Rillaboom|84/100|[from] Grassy Terrain\n|upkeep\n|\n|t:|1775483297\n|switch|p1a: Amoonguss|Amoonguss, L50, M|100/100\n|turn|3\n|\n|t:|1775483318\n|switch|p2b: Drambor|Zamazenta-Crowned, L50|100/100\n|-ability|p2b: Drambor|Dauntless Shield|boost\n|-boost|p2b: Drambor|def|1\n|move|p2a: Vangwe|Taunt|p1a: Amoonguss\n|-start|p1a: Amoonguss|move: Taunt\n|-enditem|p1a: Amoonguss|Mental Herb\n|-end|p1a: Amoonguss|move: Taunt\n|move|p1b: Rillaboom|Grassy Glide|p2b: Drambor\n|-resisted|p2b: Drambor\n|-crit|p2b: Drambor\n|-damage|p2b: Drambor|84/100\n|move|p1a: Amoonguss|Spore|p2a: Vangwe\n|-status|p2a: Vangwe|slp|[from] move: Spore\n|\n|-weather|RainDance|[upkeep]\n|-heal|p2b: Drambor|90/100|[from] Grassy Terrain\n|-heal|p1b: Rillaboom|90/100|[from] Grassy Terrain\n|upkeep\n|turn|4\n|\n|t:|1775483335\n|move|p2b: Drambor|Protect|p2b: Drambor\n|-singleturn|p2b: Drambor|Protect\n|cant|p2a: Vangwe|slp\n|move|p1b: Rillaboom|U-turn|p2a: Vangwe\n|-resisted|p2a: Vangwe\n|-damage|p2a: Vangwe|88/100 slp\n|\n|t:|1775483337\n|switch|p1b: Calyrex|Calyrex-Shadow, L50|100/100|[from] U-turn\n|-ability|p1b: Calyrex|As One\n|-ability|p1b: Calyrex|Unnerve\n|move|p1a: Amoonguss|Spore|p2b: Drambor\n|-activate|p2b: Drambor|move: Protect\n|\n|-weather|RainDance|[upkeep]\n|-heal|p2b: Drambor|97/100|[from] Grassy Terrain\n|-sideend|p2: Mirthinion|move: Tailwind\n|upkeep\n|turn|5\n|inactive|wdvchjwdb has 30 seconds left.\n|\n|t:|1775483368\n|move|p2b: Drambor|Wide Guard|p2b: Drambor\n|-singleturn|p2b: Drambor|Wide Guard\n|-curestatus|p2a: Vangwe|slp|[msg]\n|move|p2a: Vangwe|Tailwind|p2a: Vangwe\n|-sidestart|p2: Mirthinion|move: Tailwind\n|move|p1b: Calyrex|Psychic|p2a: Vangwe\n|-damage|p2a: Vangwe|32/100\n|move|p1a: Amoonguss|Spore|p2b: Drambor\n|-status|p2b: Drambor|slp|[from] move: Spore\n|\n|-weather|RainDance|[upkeep]\n|-heal|p2b: Drambor|100/100 slp|[from] Grassy Terrain\n|-fieldend|move: Grassy Terrain\n|upkeep\n|turn|6\n|inactive|wdvchjwdb has 30 seconds left.\n|inactive|wdvchjwdb has 20 seconds left.\n|inactive|Mirthinion has 30 seconds left.\n|\n|t:|1775483410\n|switch|p1a: Rillaboom|Rillaboom, L50, M|90/100\n|-fieldstart|move: Grassy Terrain|[from] ability: Grassy Surge|[of] p1a: Rillaboom\n|move|p2a: Vangwe|Taunt|p1a: Rillaboom\n|-start|p1a: Rillaboom|move: Taunt\n|cant|p2b: Drambor|slp\n|move|p1b: Calyrex|Astral Barrage|p2b: Drambor|[spread] p2a,p2b\n|-damage|p2a: Vangwe|0 fnt\n|-damage|p2b: Drambor|63/100 slp\n|faint|p2a: Vangwe\n|-ability|p1b: Calyrex|Grim Neigh|boost\n|-boost|p1b: Calyrex|spa|1\n|\n|-weather|none\n|-heal|p2b: Drambor|69/100 slp|[from] Grassy Terrain\n|-heal|p1a: Rillaboom|96/100|[from] Grassy Terrain\n|upkeep\n|\n|t:|1775483425\n|switch|p2a: Beowulf|Urshifu-Rapid-Strike, L50, M, tera:Ghost|28/100\n|turn|7\n|\n|t:|1775483443\n|move|p2a: Beowulf|Aqua Jet|p1b: Calyrex\n|-damage|p1b: Calyrex|63/100\n|move|p1a: Rillaboom|Grassy Glide|p2a: Beowulf\n|-damage|p2a: Beowulf|0 fnt\n|faint|p2a: Beowulf\n|cant|p2b: Drambor|slp\n|move|p1b: Calyrex|Psychic|p2b: Drambor\n|-damage|p2b: Drambor|13/100 slp\n|\n|-heal|p2b: Drambor|19/100 slp|[from] Grassy Terrain\n|-heal|p1b: Calyrex|69/100|[from] Grassy Terrain\n|-heal|p1a: Rillaboom|100/100|[from] Grassy Terrain\n|upkeep\n|\n|t:|1775483454\n|switch|p2a: Mithrandir|Calyrex-Shadow, L50|100/100\n|-ability|p2a: Mithrandir|As One\n|-ability|p2a: Mithrandir|Unnerve\n|turn|8\n|\n|t:|1775483472\n|move|p1b: Calyrex|Protect|p1b: Calyrex\n|-singleturn|p1b: Calyrex|Protect\n|move|p1a: Rillaboom|Grassy Glide|p2a: Mithrandir\n|-damage|p2a: Mithrandir|67/100\n|move|p2a: Mithrandir|Pollen Puff|p1b: Calyrex\n|-activate|p1b: Calyrex|move: Protect\n|-curestatus|p2b: Drambor|slp|[msg]\n|move|p2b: Drambor|Behemoth Bash|p1b: Calyrex\n|-activate|p1b: Calyrex|move: Protect\n|\n|-heal|p2a: Mithrandir|73/100|[from] Grassy Terrain\n|-heal|p2b: Drambor|25/100|[from] Grassy Terrain\n|-heal|p1b: Calyrex|75/100|[from] Grassy Terrain\n|-end|p1a: Rillaboom|move: Taunt\n|-sideend|p2: Mirthinion|move: Tailwind\n|upkeep\n|turn|9\n|inactive|wdvchjwdb has 30 seconds left.\n|\n|t:|1775483507\n|move|p2b: Drambor|Wide Guard|p2b: Drambor\n|-singleturn|p2b: Drambor|Wide Guard\n|move|p1b: Calyrex|Astral Barrage|p2b: Drambor|[spread] \n|-activate|p2a: Mithrandir|move: Wide Guard\n|-activate|p2b: Drambor|move: Wide Guard\n|move|p2a: Mithrandir|Astral Barrage|p1b: Calyrex|[spread] p1a,p1b\n|-supereffective|p1b: Calyrex\n|-damage|p1a: Rillaboom|74/100\n|-damage|p1b: Calyrex|0 fnt\n|faint|p1b: Calyrex\n|-ability|p2a: Mithrandir|Grim Neigh|boost\n|-boost|p2a: Mithrandir|spa|1\n|move|p1a: Rillaboom|Wood Hammer|p2a: Mithrandir\n|-damage|p2a: Mithrandir|0 fnt\n|faint|p2a: Mithrandir\n|-damage|p1a: Rillaboom|51/100|[from] Recoil\n|\n|-heal|p2b: Drambor|32/100|[from] Grassy Terrain\n|-heal|p1a: Rillaboom|57/100|[from] Grassy Terrain\n|upkeep\n|\n|t:|1775483524\n|switch|p1b: Amoonguss|Amoonguss, L50, M|100/100\n|turn|10\n|inactive|wdvchjwdb has 30 seconds left.\n|\n|t:|1775483553\n|-terastallize|p1b: Amoonguss|Fire\n|move|p1b: Amoonguss|Rage Powder|p1b: Amoonguss\n|-singleturn|p1b: Amoonguss|move: Rage Powder\n|move|p2b: Drambor|Body Press|p1b: Amoonguss\n|-damage|p1b: Amoonguss|39/100\n|move|p1a: Rillaboom|Wood Hammer|p2b: Drambor\n|-resisted|p2b: Drambor\n|-damage|p2b: Drambor|16/100\n|-damage|p1a: Rillaboom|53/100|[from] Recoil\n|\n|-heal|p2b: Drambor|23/100|[from] Grassy Terrain\n|-heal|p1a: Rillaboom|59/100|[from] Grassy Terrain\n|-heal|p1b: Amoonguss|45/100|[from] Grassy Terrain\n|-fieldend|move: Grassy Terrain\n|upkeep\n|turn|11\n|inactive|wdvchjwdb has 30 seconds left.\n|\n|t:|1775483588\n|move|p1b: Amoonguss|Protect|p1b: Amoonguss\n|-singleturn|p1b: Amoonguss|Protect\n|move|p2b: Drambor|Body Press|p1b: Amoonguss\n|-activate|p1b: Amoonguss|move: Protect\n|move|p1a: Rillaboom|Wood Hammer|p2b: Drambor\n|-resisted|p2b: Drambor\n|-damage|p2b: Drambor|10/100\n|-damage|p1a: Rillaboom|55/100|[from] Recoil\n|\n|upkeep\n|turn|12\n|\n|t:|1775483599\n|move|p1b: Amoonguss|Rage Powder|p1b: Amoonguss\n|-singleturn|p1b: Amoonguss|move: Rage Powder\n|move|p2b: Drambor|Body Press|p1b: Amoonguss\n|-damage|p1b: Amoonguss|0 fnt\n|faint|p1b: Amoonguss\n|move|p1a: Rillaboom|Wood Hammer|p2b: Drambor\n|-resisted|p2b: Drambor\n|-damage|p2b: Drambor|0 fnt\n|faint|p2b: Drambor\n|-damage|p1a: Rillaboom|52/100|[from] Recoil\n|\n|win|wdvchjwdb\n|raw|wdvchjwdb's rating: 1432 &rarr; <strong>1456</strong><br />(+24 for winning)\n|raw|Mirthinion's rating: 1498 &rarr; <strong>1474</strong><br />(-24 for losing)\n|c|\u2606wdvchjwdb|gg\n|c|\u2606Mirthinion|gg\n","uploadtime":1775483610,"views":47,"formatid":"gen9vgc2026regi","rating":1456,"private":0,"password":null}