{"id":"gen9vgc2026regi-2589912049","format":"[Gen 9] VGC 2026 Reg I","players":["Sunny_zong1","avarussurava"],"log":"|j|\u2606Sunny_zong1\n|j|\u2606avarussurava\n|t:|1776773370\n|gametype|doubles\n|player|p1|Sunny_zong1|bugsy|1401\n|player|p2|avarussurava|1|1434\n|gen|9\n|tier|[Gen 9] VGC 2026 Reg I\n|rated|\n|rule|Species Clause: Limit one of each Pok\u00e9mon\n|rule|Item Clause: Limit 1 of each item\n|clearpoke\n|poke|p1|Calyrex-Shadow, L50|\n|poke|p1|Muk-Alola, L50, M|\n|poke|p1|Flamigo, L50, M|\n|poke|p1|Miraidon, L50|\n|poke|p1|Chi-Yu, L50|\n|poke|p1|Smeargle, L50, M|\n|poke|p2|Tyranitar, L50, F|\n|poke|p2|Kyogre, L50|\n|poke|p2|Zamazenta-*, L50|\n|poke|p2|Gastrodon, L50, M|\n|poke|p2|Sinistcha, L50|\n|poke|p2|Ceruledge, L50, M|\n|teampreview|4\n|inactive|Battle timer is ON: inactive players will automatically lose when time's up. (requested by Sunny_zong1)\n|inactive|avarussurava has 60 seconds left.\n|\n|t:|1776773413\n|teamsize|p1|4\n|teamsize|p2|4\n|start\n|switch|p1a: Smeargle|Smeargle, L50, M|100/100\n|switch|p1b: Calyrex|Calyrex-Shadow, L50|100/100\n|switch|p2a: Zamazenta|Zamazenta-Crowned, L50|100/100\n|switch|p2b: Ceruledge|Ceruledge, L50, M|100/100\n|-ability|p1b: Calyrex|As One\n|-ability|p1b: Calyrex|Unnerve\n|-ability|p2a: Zamazenta|Dauntless Shield|boost\n|-boost|p2a: Zamazenta|def|1\n|turn|1\n|\n|t:|1776773426\n|-terastallize|p1b: Calyrex|Ghost\n|move|p2b: Ceruledge|Shadow Sneak|p1b: Calyrex\n|-supereffective|p1b: Calyrex\n|-damage|p1b: Calyrex|41/100\n|move|p1b: Calyrex|Shadow Ball|p2b: Ceruledge\n|-supereffective|p2b: Ceruledge\n|-damage|p2b: Ceruledge|0 fnt\n|faint|p2b: Ceruledge\n|-ability|p1b: Calyrex|Grim Neigh|boost\n|-boost|p1b: Calyrex|spa|1\n|move|p2a: Zamazenta|Body Press|p1a: Smeargle\n|-supereffective|p1a: Smeargle\n|-enditem|p1a: Smeargle|Focus Sash\n|-damage|p1a: Smeargle|1/100\n|move|p1a: Smeargle|Spore|p2a: Zamazenta\n|-status|p2a: Zamazenta|slp|[from] move: Spore\n|\n|-ability|p1a: Smeargle|Moody|boost\n|-boost|p1a: Smeargle|def|2\n|-unboost|p1a: Smeargle|spe|1\n|upkeep\n|\n|t:|1776773446\n|switch|p2b: Sinistcha|Sinistcha, L50|100/100\n|turn|2\n|\n|t:|1776773456\n|-terastallize|p2b: Sinistcha|Normal\n|move|p1a: Smeargle|Follow Me|p1a: Smeargle\n|-singleturn|p1a: Smeargle|move: Follow Me\n|move|p1b: Calyrex|Shadow Ball|p2b: Sinistcha\n|-immune|p2b: Sinistcha\n|cant|p2a: Zamazenta|slp\n|move|p2b: Sinistcha|Matcha Gotcha|p1a: Smeargle|[spread] p1a\n|-miss|p2b: Sinistcha|p1b: Calyrex\n|-damage|p1a: Smeargle|0 fnt\n|faint|p1a: Smeargle\n|\n|upkeep\n|\n|t:|1776773461\n|switch|p1a: Muk|Muk-Alola, L50, M|100/100\n|turn|3\n|\n|t:|1776773474\n|move|p1b: Calyrex|Shadow Ball|p2a: Zamazenta\n|-damage|p2a: Zamazenta|5/100 slp\n|cant|p2a: Zamazenta|slp\n|move|p2b: Sinistcha|Shadow Ball|p1b: Calyrex\n|-supereffective|p1b: Calyrex\n|-damage|p1b: Calyrex|0 fnt\n|faint|p1b: Calyrex\n|move|p1a: Muk|Minimize|p1a: Muk\n|-boost|p1a: Muk|evasion|2\n|\n|upkeep\n|\n|t:|1776773477\n|switch|p1b: Flamigo|Flamigo, L50, M|100/100\n|-copyboost|p1b: Flamigo|p1a: Muk|[from] ability: Costar\n|turn|4\n|\n|t:|1776773491\n|move|p1b: Flamigo|Substitute|p1b: Flamigo\n|-start|p1b: Flamigo|Substitute\n|-damage|p1b: Flamigo|76/100\n|-curestatus|p2a: Zamazenta|slp|[msg]\n|move|p2a: Zamazenta|Body Press|p1b: Flamigo|[miss]\n|-miss|p2a: Zamazenta|p1b: Flamigo\n|move|p2b: Sinistcha|Shadow Ball|p1b: Flamigo\n|-end|p1b: Flamigo|Substitute\n|move|p1a: Muk|Minimize|p1a: Muk\n|-boost|p1a: Muk|evasion|2\n|\n|upkeep\n|turn|5\n|\n|t:|1776773505\n|move|p1b: Flamigo|Brave Bird|p2a: Zamazenta\n|-damage|p2a: Zamazenta|0 fnt\n|faint|p2a: Zamazenta\n|-damage|p1b: Flamigo|74/100|[from] Recoil\n|move|p2b: Sinistcha|Shadow Ball|p1b: Flamigo|[miss]\n|-miss|p2b: Sinistcha|p1b: Flamigo\n|move|p1a: Muk|Minimize|p1a: Muk\n|-boost|p1a: Muk|evasion|2\n|\n|upkeep\n|\n|t:|1776773514\n|switch|p2a: Gastrodon|Gastrodon, L50, M|100/100\n|turn|6\n|\n|t:|1776773524\n|move|p1a: Muk|Protect|p1a: Muk\n|-singleturn|p1a: Muk|Protect\n|move|p1b: Flamigo|Substitute|p1b: Flamigo\n|-start|p1b: Flamigo|Substitute\n|-damage|p1b: Flamigo|49/100\n|move|p2b: Sinistcha|Shadow Ball|p1b: Flamigo|[miss]\n|-miss|p2b: Sinistcha|p1b: Flamigo\n|move|p2a: Gastrodon|Ice Beam|p1b: Flamigo\n|-supereffective|p1b: Flamigo\n|-end|p1b: Flamigo|Substitute\n|\n|upkeep\n|turn|7\n|\n|t:|1776773546\n|move|p1b: Flamigo|Close Combat|p2b: Sinistcha\n|-supereffective|p2b: Sinistcha\n|-damage|p2b: Sinistcha|0 fnt\n|-unboost|p1b: Flamigo|def|1\n|-unboost|p1b: Flamigo|spd|1\n|faint|p2b: Sinistcha\n|-enditem|p1b: Flamigo|White Herb\n|-clearnegativeboost|p1b: Flamigo|[silent]\n|move|p1a: Muk|Poison Jab|p2a: Gastrodon\n|-resisted|p2a: Gastrodon\n|-damage|p2a: Gastrodon|85/100\n|move|p2a: Gastrodon|Ice Beam|p1b: Flamigo|[miss]\n|-miss|p2a: Gastrodon|p1b: Flamigo\n|\n|upkeep\n|turn|8\n|\n|t:|1776773559\n|move|p1b: Flamigo|Substitute|p1b: Flamigo\n|-start|p1b: Flamigo|Substitute\n|-damage|p1b: Flamigo|24/100\n|move|p1a: Muk|Poison Jab|p2a: Gastrodon\n|-resisted|p2a: Gastrodon\n|-damage|p2a: Gastrodon|72/100\n|move|p2a: Gastrodon|Ice Beam|p1b: Flamigo\n|-supereffective|p1b: Flamigo\n|-crit|p1b: Flamigo\n|-end|p1b: Flamigo|Substitute\n|\n|upkeep\n|turn|9\n|\n|t:|1776773569\n|move|p1b: Flamigo|Close Combat|p2a: Gastrodon\n|-damage|p2a: Gastrodon|8/100\n|-unboost|p1b: Flamigo|def|1\n|-unboost|p1b: Flamigo|spd|1\n|-enditem|p2a: Gastrodon|Aguav Berry|[eat]\n|-heal|p2a: Gastrodon|41/100|[from] item: Aguav Berry\n|move|p1a: Muk|Poison Jab|p2a: Gastrodon\n|-resisted|p2a: Gastrodon\n|-damage|p2a: Gastrodon|26/100\n|move|p2a: Gastrodon|Ice Beam|p1b: Flamigo|[miss]\n|-miss|p2a: Gastrodon|p1b: Flamigo\n|\n|upkeep\n|turn|10\n|-message|avarussurava forfeited.\n|\n|win|Sunny_zong1\n|raw|Sunny_zong1's rating: 1401 &rarr; <strong>1423</strong><br />(+22 for winning)\n|raw|avarussurava's rating: 1434 &rarr; <strong>1412</strong><br />(-22 for losing)\n|l|\u2606avarussurava\n|player|p2|\n|l|\u2606Sunny_zong1\n|player|p1|\n","uploadtime":1776773781,"views":9,"formatid":"gen9vgc2026regi","rating":1412,"private":0,"password":null}