{"id":"gen9vgc2026regi-2513906499","format":"[Gen 9] VGC 2026 Reg I","players":["ky123456","Tepig_nNz_498"],"log":"|j|\u2606ky123456\n|j|\u2606Tepig_nNz_498\n|t:|1767798753\n|gametype|doubles\n|player|p1|ky123456|cynthia-gen4|1126\n|player|p2|Tepig_nNz_498|2|1277\n|gen|9\n|tier|[Gen 9] VGC 2026 Reg I\n|rated|\n|rule|Species Clause: Limit one of each Pok\u00e9mon\n|rule|Item Clause: Limit 1 of each item\n|clearpoke\n|poke|p1|Calyrex-Shadow, L50|\n|poke|p1|Zamazenta-*, L50|\n|poke|p1|Chien-Pao, L50|\n|poke|p1|Dragonite, L50, M|\n|poke|p1|Raging Bolt, L50|\n|poke|p1|Amoonguss, L50, M|\n|poke|p2|Whimsicott, L50, F|\n|poke|p2|Reshiram, L50|\n|poke|p2|Incineroar, L50, M|\n|poke|p2|Lilligant-Hisui, L50, F|\n|poke|p2|Brute Bonnet, L50|\n|poke|p2|Koraidon, L50|\n|teampreview|4\n|inactive|Battle timer is ON: inactive players will automatically lose when time's up. (requested by Tepig_nNz_498)\n|\n|t:|1767798775\n|teamsize|p1|4\n|teamsize|p2|4\n|start\n|switch|p1a: Arlie|Chien-Pao, L50|100/100\n|switch|p1b: Dragonite|Dragonite, L50, M|100/100\n|switch|p2a: Lilligant|Lilligant-Hisui, L50, F|100/100\n|switch|p2b: Koraidon|Koraidon, L50|100/100\n|-ability|p1a: Arlie|Sword of Ruin\n|-weather|SunnyDay|[from] ability: Orichalcum Pulse|[of] p2b: Koraidon\n|-activate|p2b: Koraidon|Orichalcum Pulse|[source]\n|turn|1\n|\n|t:|1767798800\n|-terastallize|p2a: Lilligant|Ghost\n|move|p2a: Lilligant|Sleep Powder|p1a: Arlie\n|-status|p1a: Arlie|slp|[from] move: Sleep Powder\n|cant|p1a: Arlie|slp\n|move|p2b: Koraidon|Close Combat|p1b: Dragonite\n|-resisted|p1b: Dragonite\n|-damage|p1b: Dragonite|48/100\n|-unboost|p2b: Koraidon|def|1\n|-unboost|p2b: Koraidon|spd|1\n|-enditem|p2b: Koraidon|Eject Pack\n|\n|t:|1767798809\n|switch|p2b: Incineroar|Incineroar, L50, M|100/100\n|-ability|p2b: Incineroar|Intimidate|boost\n|-unboost|p1a: Arlie|atk|1\n|-fail|p1b: Dragonite|unboost|Attack|[from] ability: Inner Focus|[of] p1b: Dragonite\n|move|p1b: Dragonite|Outrage|p2a: Lilligant\n|-enditem|p2a: Lilligant|Focus Sash\n|-damage|p2a: Lilligant|1/100\n|\n|-weather|SunnyDay|[upkeep]\n|upkeep\n|turn|2\n|inactive|Tepig_nNz_498 has 30 seconds left.\n|inactive|Tepig_nNz_498 has 20 seconds left.\n|\n|t:|1767798848\n|cant|p1a: Arlie|slp\n|move|p2a: Lilligant|Sleep Powder|p1b: Dragonite\n|-status|p1b: Dragonite|slp|[from] move: Sleep Powder\n|cant|p1b: Dragonite|slp\n|move|p2b: Incineroar|Parting Shot|p1b: Dragonite\n|-unboost|p1b: Dragonite|atk|1\n|-unboost|p1b: Dragonite|spa|1\n|\n|t:|1767798858\n|switch|p2b: Reshiram|Reshiram, L50|100/100|[from] Parting Shot\n|-ability|p2b: Reshiram|Turboblaze\n|\n|-weather|SunnyDay|[upkeep]\n|-start|p1b: Dragonite|confusion|[fatigue]\n|upkeep\n|turn|3\n|\n|t:|1767798871\n|switch|p2a: Incineroar|Incineroar, L50, M|100/100\n|-ability|p2a: Incineroar|Intimidate|boost\n|-unboost|p1a: Arlie|atk|1\n|-fail|p1b: Dragonite|unboost|Attack|[from] ability: Inner Focus|[of] p1b: Dragonite\n|cant|p1a: Arlie|slp\n|move|p2b: Reshiram|Heat Wave|p1b: Dragonite|[spread] p1a,p1b\n|-supereffective|p1a: Arlie\n|-resisted|p1b: Dragonite\n|-damage|p1a: Arlie|0 fnt\n|-damage|p1b: Dragonite|8/100 slp\n|faint|p1a: Arlie\n|-damage|p2b: Reshiram|91/100|[from] item: Life Orb\n|cant|p1b: Dragonite|slp\n|\n|-weather|SunnyDay|[upkeep]\n|upkeep\n|\n|t:|1767798891\n|switch|p1a: PinkPonyClub|Calyrex-Shadow, L50|100/100\n|-ability|p1a: PinkPonyClub|As One\n|-ability|p1a: PinkPonyClub|Unnerve\n|turn|4\n|\n|t:|1767798901\n|move|p1a: PinkPonyClub|Protect|p1a: PinkPonyClub\n|-singleturn|p1a: PinkPonyClub|Protect\n|move|p2a: Incineroar|Fake Out|p1b: Dragonite\n|-damage|p1b: Dragonite|0 fnt\n|faint|p1b: Dragonite\n|move|p2b: Reshiram|Heat Wave|p1a: PinkPonyClub\n|-activate|p1a: PinkPonyClub|move: Protect\n|\n|-weather|SunnyDay|[upkeep]\n|upkeep\n|\n|t:|1767798905\n|switch|p1b: Zamazenta|Zamazenta-Crowned, L50|100/100\n|-ability|p1b: Zamazenta|Dauntless Shield|boost\n|-boost|p1b: Zamazenta|def|1\n|turn|5\n|\n|t:|1767798917\n|-terastallize|p1b: Zamazenta|Dragon\n|move|p1a: PinkPonyClub|Astral Barrage|p2a: Incineroar|[spread] p2a,p2b\n|-resisted|p2a: Incineroar\n|-damage|p2a: Incineroar|79/100\n|-damage|p2b: Reshiram|48/100\n|move|p1b: Zamazenta|Body Press|p2a: Incineroar\n|-supereffective|p2a: Incineroar\n|-crit|p2a: Incineroar\n|-damage|p2a: Incineroar|0 fnt\n|faint|p2a: Incineroar\n|move|p2b: Reshiram|Heat Wave|p1a: PinkPonyClub|[spread] p1a,p1b\n|-resisted|p1b: Zamazenta\n|-damage|p1a: PinkPonyClub|16/100\n|-damage|p1b: Zamazenta|71/100\n|-status|p1a: PinkPonyClub|brn\n|-damage|p2b: Reshiram|39/100|[from] item: Life Orb\n|\n|-weather|none\n|-damage|p1a: PinkPonyClub|10/100 brn|[from] brn\n|upkeep\n|\n|t:|1767798931\n|switch|p2a: Lilligant|Lilligant-Hisui, L50, F, tera:Ghost|1/100\n|turn|6\n|\n|t:|1767798955\n|switch|p2b: Koraidon|Koraidon, L50|100/100\n|-weather|SunnyDay|[from] ability: Orichalcum Pulse|[of] p2b: Koraidon\n|-activate|p2b: Koraidon|Orichalcum Pulse|[source]\n|move|p1a: PinkPonyClub|Protect|p1a: PinkPonyClub\n|-singleturn|p1a: PinkPonyClub|Protect\n|move|p2a: Lilligant|Solar Blade||[still]\n|-prepare|p2a: Lilligant|Solar Blade\n|-anim|p2a: Lilligant|Solar Blade|p1a: PinkPonyClub\n|-activate|p1a: PinkPonyClub|move: Protect\n|move|p1b: Zamazenta|Behemoth Bash|p2a: Lilligant\n|-damage|p2a: Lilligant|0 fnt\n|faint|p2a: Lilligant\n|\n|-weather|SunnyDay|[upkeep]\n|-damage|p1a: PinkPonyClub|4/100 brn|[from] brn\n|upkeep\n|\n|t:|1767798962\n|switch|p2a: Reshiram|Reshiram, L50|39/100\n|-ability|p2a: Reshiram|Turboblaze\n|turn|7\n|\n|t:|1767798973\n|move|p2b: Koraidon|Protect|p2b: Koraidon\n|-singleturn|p2b: Koraidon|Protect\n|move|p2a: Reshiram|Protect|p2a: Reshiram\n|-singleturn|p2a: Reshiram|Protect\n|move|p1a: PinkPonyClub|Psychic|p2b: Koraidon\n|-activate|p2b: Koraidon|move: Protect\n|move|p1b: Zamazenta|Body Press|p2a: Reshiram\n|-activate|p2a: Reshiram|move: Protect\n|\n|-weather|SunnyDay|[upkeep]\n|-damage|p1a: PinkPonyClub|0 fnt|[from] brn\n|faint|p1a: PinkPonyClub\n|upkeep\n|turn|8\n|\n|t:|1767798982\n|move|p2b: Koraidon|Dragon Claw|p1b: Zamazenta\n|-supereffective|p1b: Zamazenta\n|-damage|p1b: Zamazenta|31/100\n|move|p1b: Zamazenta|Body Press|p2a: Reshiram\n|-damage|p2a: Reshiram|0 fnt\n|faint|p2a: Reshiram\n|\n|-weather|SunnyDay|[upkeep]\n|upkeep\n|turn|9\n|\n|t:|1767798991\n|move|p2b: Koraidon|Dragon Claw|p1b: Zamazenta\n|-supereffective|p1b: Zamazenta\n|-crit|p1b: Zamazenta\n|-damage|p1b: Zamazenta|0 fnt\n|faint|p1b: Zamazenta\n|\n|win|Tepig_nNz_498\n|raw|ky123456's rating: 1126 &rarr; <strong>1111</strong><br />(-15 for losing)\n|raw|Tepig_nNz_498's rating: 1277 &rarr; <strong>1292</strong><br />(+15 for winning)\n|l|\u2606Tepig_nNz_498\n|player|p2|\n|l|\u2606ky123456\n|player|p1|\n","uploadtime":1767799330,"views":12,"formatid":"gen9vgc2026regi","rating":1111,"private":0,"password":null}