{"id":"gen9vgc2026regi-2580106304","format":"[Gen 9] VGC 2026 Reg I","players":["Carajo666","Harry Koekenpan"],"log":"|j|\u2606Carajo666\n|j|\u2606Harry Koekenpan\n|t:|1775854724\n|gametype|doubles\n|player|p1|Carajo666|102|1286\n|player|p2|Harry Koekenpan|2|1336\n|gen|9\n|tier|[Gen 9] VGC 2026 Reg I\n|rated|\n|rule|Species Clause: Limit one of each Pok\u00e9mon\n|rule|Item Clause: Limit 1 of each item\n|clearpoke\n|poke|p1|Terapagos, L50, M|\n|poke|p1|Urshifu-*, L50, M|\n|poke|p1|Ho-Oh, L50|\n|poke|p1|Toxapex, L50, F|\n|poke|p1|Flutter Mane, L50|\n|poke|p1|Rillaboom, L50, F|\n|poke|p2|Weezing-Galar, L50, M|\n|poke|p2|Calyrex-Shadow, L50|\n|poke|p2|Regigigas, L50|\n|poke|p2|Koraidon, L50|\n|poke|p2|Chi-Yu, L50|\n|poke|p2|Jumpluff, L50, M|\n|teampreview|4\n|inactive|Battle timer is ON: inactive players will automatically lose when time's up. (requested by Carajo666)\n|inactive|Carajo666 has 60 seconds left.\n|\n|t:|1775854760\n|teamsize|p1|4\n|teamsize|p2|4\n|start\n|switch|p1a: Ho-Oh|Ho-Oh, L50|100/100\n|switch|p1b: Toxapex|Toxapex, L50, F|100/100\n|switch|p2a: Koraidon|Koraidon, L50|100/100\n|switch|p2b: Jumpluff|Jumpluff, L50, M|100/100\n|-weather|SunnyDay|[from] ability: Orichalcum Pulse|[of] p2a: Koraidon\n|-activate|p2a: Koraidon|Orichalcum Pulse|[source]\n|turn|1\n|inactive|Harry Koekenpan has 30 seconds left.\n|\n|t:|1775854791\n|-terastallize|p2a: Koraidon|Fire\n|move|p2b: Jumpluff|Sleep Powder|p1b: Toxapex|[miss]\n|-miss|p2b: Jumpluff|p1b: Toxapex\n|move|p2a: Koraidon|Flare Blitz|p1a: Ho-Oh\n|-resisted|p1a: Ho-Oh\n|-damage|p1a: Ho-Oh|46/100\n|-enditem|p1a: Ho-Oh|Sitrus Berry|[eat]\n|-heal|p1a: Ho-Oh|70/100|[from] item: Sitrus Berry\n|-damage|p2a: Koraidon|78/100|[from] Recoil\n|move|p1a: Ho-Oh|Sacred Fire|p2a: Koraidon\n|-resisted|p2a: Koraidon\n|-damage|p2a: Koraidon|47/100\n|move|p1b: Toxapex|Toxic Spikes|p2b: Jumpluff\n|-sidestart|p2: Harry Koekenpan|move: Toxic Spikes\n|\n|-weather|SunnyDay|[upkeep]\n|upkeep\n|turn|2\n|inactive|Carajo666 has 30 seconds left.\n|inactive|Harry Koekenpan has 30 seconds left.\n|inactive|Carajo666 has 20 seconds left.\n|\n|t:|1775854827\n|move|p2b: Jumpluff|Sleep Powder|p1b: Toxapex\n|-status|p1b: Toxapex|slp|[from] move: Sleep Powder\n|move|p2a: Koraidon|Flare Blitz|p1a: Ho-Oh\n|-resisted|p1a: Ho-Oh\n|-damage|p1a: Ho-Oh|15/100\n|-damage|p2a: Koraidon|25/100|[from] Recoil\n|move|p1a: Ho-Oh|Sacred Fire|p2b: Jumpluff\n|-supereffective|p2b: Jumpluff\n|-damage|p2b: Jumpluff|0 fnt\n|faint|p2b: Jumpluff\n|cant|p1b: Toxapex|slp\n|\n|-weather|SunnyDay|[upkeep]\n|upkeep\n|\n|t:|1775854848\n|switch|p2b: Weezing|Weezing-Galar, L50, M|100/100\n|-ability|p2b: Weezing|Neutralizing Gas\n|-sideend|p2: Harry Koekenpan|move: Toxic Spikes|[of] p2b: Weezing\n|turn|3\n|\n|t:|1775854861\n|move|p1a: Ho-Oh|Protect|p1a: Ho-Oh\n|-singleturn|p1a: Ho-Oh|Protect\n|move|p2a: Koraidon|Flame Charge|p1a: Ho-Oh\n|-activate|p1a: Ho-Oh|move: Protect\n|move|p2b: Weezing|Toxic Spikes|p1b: Toxapex\n|-sidestart|p1: Carajo666|move: Toxic Spikes\n|-curestatus|p1b: Toxapex|slp|[msg]\n|move|p1b: Toxapex|Infestation|p2a: Koraidon\n|-resisted|p2a: Koraidon\n|-damage|p2a: Koraidon|24/100\n|-activate|p2a: Koraidon|move: Infestation|[of] p1b: Toxapex\n|\n|-weather|SunnyDay|[upkeep]\n|-damage|p2a: Koraidon|11/100|[from] move: Infestation|[partiallytrapped]\n|upkeep\n|turn|4\n|inactive|Carajo666 has 30 seconds left.\n|inactive|Harry Koekenpan has 30 seconds left.\n|\n|t:|1775854888\n|switch|p1a: Terapagos|Terapagos, L50, M|100/100\n|-activate|p1a: Terapagos|ability: Tera Shift\n|detailschange|p1a: Terapagos|Terapagos-Terastal, L50, M\n|-heal|p1a: Terapagos|100/100|[silent]\n|-status|p1a: Terapagos|psn\n|move|p2a: Koraidon|Flare Blitz|p1a: Terapagos\n|-damage|p1a: Terapagos|11/100 psn\n|-damage|p2a: Koraidon|0 fnt|[from] Recoil\n|faint|p2a: Koraidon\n|move|p2b: Weezing|Sludge Bomb|p1b: Toxapex\n|-resisted|p1b: Toxapex\n|-damage|p1b: Toxapex|88/100\n|move|p1b: Toxapex|Infestation|p2b: Weezing\n|-resisted|p2b: Weezing\n|-crit|p2b: Weezing\n|-damage|p2b: Weezing|99/100\n|-activate|p2b: Weezing|move: Infestation|[of] p1b: Toxapex\n|\n|-weather|SunnyDay|[upkeep]\n|-heal|p1a: Terapagos|17/100 psn|[from] item: Leftovers\n|-damage|p1a: Terapagos|5/100 psn|[from] psn\n|-damage|p2b: Weezing|88/100|[from] move: Infestation|[partiallytrapped]\n|upkeep\n|\n|t:|1775854910\n|switch|p2a: Chi-Yu|Chi-Yu, L50|100/100\n|turn|5\n|inactive|Harry Koekenpan has 30 seconds left.\n|\n|t:|1775854941\n|-terastallize|p1a: Terapagos|Stellar\n|detailschange|p1a: Terapagos|Terapagos-Stellar, L50, M, tera:Stellar\n|-heal|p1a: Terapagos|30/100 psn|[silent]\n|move|p1b: Toxapex|Wide Guard|p1b: Toxapex\n|-singleturn|p1b: Toxapex|Wide Guard\n|move|p2a: Chi-Yu|Heat Wave|p1a: Terapagos|[spread] \n|-activate|p1a: Terapagos|move: Wide Guard\n|-activate|p1b: Toxapex|move: Wide Guard\n|move|p1a: Terapagos|Earth Power|p2a: Chi-Yu\n|-supereffective|p2a: Chi-Yu\n|-enditem|p2a: Chi-Yu|Focus Sash\n|-damage|p2a: Chi-Yu|1/100\n|move|p2b: Weezing|Sludge Bomb|p1b: Toxapex\n|-resisted|p1b: Toxapex\n|-damage|p1b: Toxapex|77/100\n|\n|-weather|none\n|-heal|p1a: Terapagos|36/100 psn|[from] item: Leftovers\n|-damage|p1a: Terapagos|24/100 psn|[from] psn\n|-damage|p2b: Weezing|75/100|[from] move: Infestation|[partiallytrapped]\n|upkeep\n|turn|6\n|inactive|Carajo666 has 30 seconds left.\n|inactive|Harry Koekenpan has 30 seconds left.\n|inactive|Carajo666 has 20 seconds left.\n|\n|t:|1775854977\n|switch|p1b: Ho-Oh|Ho-Oh, L50|15/100\n|move|p2a: Chi-Yu|Protect|p2a: Chi-Yu\n|-singleturn|p2a: Chi-Yu|Protect\n|move|p1a: Terapagos|Protect|p1a: Terapagos\n|-singleturn|p1a: Terapagos|Protect\n|move|p2b: Weezing|Protect||[still]\n|-fail|p2b: Weezing\n|\n|-heal|p1a: Terapagos|30/100 psn|[from] item: Leftovers\n|-damage|p1a: Terapagos|18/100 psn|[from] psn\n|-end|p2b: Weezing|Infestation|[partiallytrapped]|[silent]\n|upkeep\n|turn|7\n|\n|t:|1775855000\n|switch|p1a: Toxapex|Toxapex, L50, F|77/100\n|-sideend|p1: Carajo666|move: Toxic Spikes|[of] p1a: Toxapex\n|move|p2a: Chi-Yu|Heat Wave|p1a: Toxapex|[spread] p1a,p1b\n|-resisted|p1a: Toxapex\n|-resisted|p1b: Ho-Oh\n|-damage|p1a: Toxapex|59/100\n|-damage|p1b: Ho-Oh|3/100\n|-status|p1a: Toxapex|brn\n|move|p1b: Ho-Oh|Sacred Fire|p2b: Weezing\n|-damage|p2b: Weezing|34/100\n|-enditem|p2b: Weezing|Sitrus Berry|[eat]\n|-heal|p2b: Weezing|59/100|[from] item: Sitrus Berry\n|move|p2b: Weezing|Sludge Bomb|p1b: Ho-Oh\n|-damage|p1b: Ho-Oh|0 fnt\n|faint|p1b: Ho-Oh\n|\n|-damage|p1a: Toxapex|53/100 brn|[from] brn\n|upkeep\n|\n|t:|1775855016\n|switch|p1b: Flutter Mane|Flutter Mane, L50|100/100\n|turn|8\n|\n|t:|1775855024\n|move|p1b: Flutter Mane|Protect|p1b: Flutter Mane\n|-singleturn|p1b: Flutter Mane|Protect\n|move|p2a: Chi-Yu|Protect|p2a: Chi-Yu\n|-singleturn|p2a: Chi-Yu|Protect\n|move|p2b: Weezing|Sludge Bomb|p1b: Flutter Mane\n|-activate|p1b: Flutter Mane|move: Protect\n|move|p1a: Toxapex|Infestation|p2b: Weezing\n|-resisted|p2b: Weezing\n|-damage|p2b: Weezing|58/100\n|-activate|p2b: Weezing|move: Infestation|[of] p1a: Toxapex\n|\n|-damage|p1a: Toxapex|48/100 brn|[from] brn\n|-damage|p2b: Weezing|46/100|[from] move: Infestation|[partiallytrapped]\n|upkeep\n|turn|9\n|\n|t:|1775855043\n|move|p1a: Toxapex|Wide Guard|p1a: Toxapex\n|-singleturn|p1a: Toxapex|Wide Guard\n|move|p1b: Flutter Mane|Icy Wind|p2b: Weezing|[spread] p2a,p2b\n|-resisted|p2a: Chi-Yu\n|-damage|p2a: Chi-Yu|0 fnt\n|-damage|p2b: Weezing|34/100\n|-unboost|p2b: Weezing|spe|1\n|faint|p2a: Chi-Yu\n|move|p2b: Weezing|Sludge Bomb|p1b: Flutter Mane\n|-crit|p1b: Flutter Mane\n|-damage|p1b: Flutter Mane|67/100\n|\n|-damage|p1a: Toxapex|42/100 brn|[from] brn\n|-damage|p2b: Weezing|22/100|[from] move: Infestation|[partiallytrapped]\n|upkeep\n|turn|10\n|\n|t:|1775855056\n|move|p1b: Flutter Mane|Moonblast|p2b: Weezing\n|-resisted|p2b: Weezing\n|-damage|p2b: Weezing|2/100\n|move|p1a: Toxapex|Infestation|p2b: Weezing\n|-resisted|p2b: Weezing\n|-damage|p2b: Weezing|1/100\n|move|p2b: Weezing|Sludge Bomb|p1b: Flutter Mane\n|-damage|p1b: Flutter Mane|43/100\n|\n|-damage|p1a: Toxapex|36/100 brn|[from] brn\n|-damage|p2b: Weezing|0 fnt|[from] move: Infestation|[partiallytrapped]\n|faint|p2b: Weezing\n|-end|p2b: Weezing|ability: Neutralizing Gas\n|\n|win|Carajo666\n|raw|Carajo666's rating: 1286 &rarr; <strong>1315</strong><br />(+29 for winning)\n|raw|Harry Koekenpan's rating: 1336 &rarr; <strong>1313</strong><br />(-23 for losing)\n|l|\u2606Carajo666\n|player|p1|\n|l|\u2606Harry Koekenpan\n|player|p2|\n","uploadtime":1775855282,"views":13,"formatid":"gen9vgc2026regi","rating":1313,"private":0,"password":null}