{"id":"gen9vgc2026regi-2587495865","format":"[Gen 9] VGC 2026 Reg I","players":["Carajo666","pumpkinflame"],"log":"|j|\u2606Carajo666\n|j|\u2606pumpkinflame\n|t:|1776536712\n|gametype|doubles\n|player|p1|Carajo666|102|1500\n|player|p2|pumpkinflame|adaman-masters|1490\n|gen|9\n|tier|[Gen 9] VGC 2026 Reg I\n|rated|\n|rule|Species Clause: Limit one of each Pok\u00e9mon\n|rule|Item Clause: Limit 1 of each item\n|clearpoke\n|poke|p1|Terapagos, L50, M|\n|poke|p1|Urshifu-*, L50, F|\n|poke|p1|Ho-Oh, L50|\n|poke|p1|Toxapex, L50, F|\n|poke|p1|Flutter Mane, L50|\n|poke|p1|Rillaboom, L50, F|\n|poke|p2|Kyogre, L50|\n|poke|p2|Archaludon, L50, F|\n|poke|p2|Rillaboom, L50, F|\n|poke|p2|Roaring Moon, L50|\n|poke|p2|Calyrex-Ice, L50|\n|poke|p2|Incineroar, L50, F|\n|teampreview|4\n|inactive|Battle timer is ON: inactive players will automatically lose when time's up. (requested by Carajo666)\n|inactive|Carajo666 has 60 seconds left.\n|\n|t:|1776536750\n|teamsize|p1|4\n|teamsize|p2|4\n|start\n|switch|p1a: Ho-Oh|Ho-Oh, L50|100/100\n|switch|p1b: Toxapex|Toxapex, L50, F|100/100\n|switch|p2a: K.O|Kyogre, L50|100/100\n|switch|p2b: Miraidon 2|Archaludon, L50, F|100/100\n|-weather|RainDance|[from] ability: Drizzle|[of] p2a: K.O\n|turn|1\n|\n|t:|1776536765\n|move|p1b: Toxapex|Wide Guard|p1b: Toxapex\n|-singleturn|p1b: Toxapex|Wide Guard\n|move|p2a: K.O|Water Spout|p1a: Ho-Oh|[spread] \n|-activate|p1a: Ho-Oh|move: Wide Guard\n|-activate|p1b: Toxapex|move: Wide Guard\n|move|p1a: Ho-Oh|Sacred Fire|p2b: Miraidon 2\n|-damage|p2b: Miraidon 2|85/100\n|-status|p2b: Miraidon 2|brn\n|-ability|p2b: Miraidon 2|Stamina|boost\n|-boost|p2b: Miraidon 2|def|1\n|move|p2b: Miraidon 2|Electro Shot||[still]\n|-prepare|p2b: Miraidon 2|Electro Shot\n|-boost|p2b: Miraidon 2|spa|1\n|-anim|p2b: Miraidon 2|Electro Shot|p1b: Toxapex\n|-supereffective|p1b: Toxapex\n|-damage|p1b: Toxapex|0 fnt\n|faint|p1b: Toxapex\n|\n|-weather|RainDance|[upkeep]\n|-damage|p2b: Miraidon 2|79/100 brn|[from] brn\n|upkeep\n|\n|t:|1776536779\n|switch|p1b: Terapagos|Terapagos, L50, M|100/100\n|-activate|p1b: Terapagos|ability: Tera Shift\n|detailschange|p1b: Terapagos|Terapagos-Terastal, L50, M\n|-heal|p1b: Terapagos|100/100|[silent]\n|turn|2\n|\n|t:|1776536796\n|move|p1a: Ho-Oh|Protect|p1a: Ho-Oh\n|-singleturn|p1a: Ho-Oh|Protect\n|move|p1b: Terapagos|Calm Mind|p1b: Terapagos\n|-boost|p1b: Terapagos|spa|1\n|-boost|p1b: Terapagos|spd|1\n|move|p2a: K.O|Water Spout|p1a: Ho-Oh|[spread] p1b\n|-activate|p1a: Ho-Oh|move: Protect\n|-activate|p1b: Terapagos|ability: Tera Shell\n|-resisted|p1b: Terapagos\n|-damage|p1b: Terapagos|66/100\n|move|p2b: Miraidon 2|Electro Shot||[still]\n|-prepare|p2b: Miraidon 2|Electro Shot\n|-boost|p2b: Miraidon 2|spa|1\n|-anim|p2b: Miraidon 2|Electro Shot|p1b: Terapagos\n|-damage|p1b: Terapagos|19/100\n|\n|-weather|RainDance|[upkeep]\n|-heal|p1b: Terapagos|25/100|[from] item: Leftovers\n|-damage|p2b: Miraidon 2|72/100 brn|[from] brn\n|upkeep\n|turn|3\n|\n|t:|1776536815\n|-terastallize|p1b: Terapagos|Stellar\n|detailschange|p1b: Terapagos|Terapagos-Stellar, L50, M, tera:Stellar\n|-heal|p1b: Terapagos|45/100|[silent]\n|-ability|p1b: Terapagos|Teraform Zero\n|-weather|none\n|move|p1b: Terapagos|Tera Starstorm|p2b: Miraidon 2|[spread] p2a,p2b\n|-damage|p2a: K.O|62/100\n|-damage|p2b: Miraidon 2|28/100 brn\n|-ability|p2b: Miraidon 2|Stamina|boost\n|-boost|p2b: Miraidon 2|def|1\n|move|p2a: K.O|Water Spout|p1b: Terapagos|[spread] p1a,p1b\n|-supereffective|p1a: Ho-Oh\n|-damage|p1a: Ho-Oh|47/100\n|-damage|p1b: Terapagos|23/100\n|-enditem|p1a: Ho-Oh|Sitrus Berry|[eat]\n|-heal|p1a: Ho-Oh|72/100|[from] item: Sitrus Berry\n|move|p1a: Ho-Oh|Tailwind|p1a: Ho-Oh\n|-sidestart|p1: Carajo666|move: Tailwind\n|move|p2b: Miraidon 2|Electro Shot||[still]\n|-prepare|p2b: Miraidon 2|Electro Shot\n|-boost|p2b: Miraidon 2|spa|1\n|\n|-heal|p1b: Terapagos|29/100|[from] item: Leftovers\n|-damage|p2b: Miraidon 2|21/100 brn|[from] brn\n|upkeep\n|turn|4\n|\n|t:|1776536836\n|move|p1b: Terapagos|Tera Starstorm|p2b: Miraidon 2|[spread] p2a,p2b\n|-damage|p2a: K.O|19/100\n|-damage|p2b: Miraidon 2|0 fnt\n|faint|p2b: Miraidon 2\n|move|p1a: Ho-Oh|Brave Bird|p2a: K.O\n|-damage|p2a: K.O|0 fnt\n|faint|p2a: K.O\n|-damage|p1a: Ho-Oh|66/100|[from] Recoil\n|\n|-heal|p1b: Terapagos|35/100|[from] item: Leftovers\n|upkeep\n|\n|t:|1776536843\n|switch|p2a: Chilly and Willy|Calyrex-Ice, L50|100/100\n|switch|p2b: Mrs. Dreads|Rillaboom, L50, F, shiny|100/100\n|-ability|p2a: Chilly and Willy|As One\n|-ability|p2a: Chilly and Willy|Unnerve\n|-fieldstart|move: Grassy Terrain|[from] ability: Grassy Surge|[of] p2b: Mrs. Dreads\n|turn|5\n|\n|t:|1776536857\n|move|p1b: Terapagos|Protect|p1b: Terapagos\n|-singleturn|p1b: Terapagos|Protect\n|move|p2b: Mrs. Dreads|Fake Out|p1a: Ho-Oh\n|-damage|p1a: Ho-Oh|55/100\n|cant|p1a: Ho-Oh|flinch\n|move|p2a: Chilly and Willy|Trick Room|p2a: Chilly and Willy\n|-fieldstart|move: Trick Room|[of] p2a: Chilly and Willy\n|\n|-heal|p1b: Terapagos|41/100|[from] Grassy Terrain\n|-heal|p1b: Terapagos|47/100|[from] item: Leftovers\n|upkeep\n|turn|6\n|\n|t:|1776536877\n|move|p2a: Chilly and Willy|Glacial Lance|p1a: Ho-Oh|[spread] p1a,p1b\n|-damage|p1a: Ho-Oh|21/100\n|-damage|p1b: Terapagos|13/100\n|move|p2b: Mrs. Dreads|Wood Hammer|p1a: Ho-Oh\n|-resisted|p1a: Ho-Oh\n|-damage|p1a: Ho-Oh|3/100\n|-damage|p2b: Mrs. Dreads|94/100|[from] Recoil\n|move|p1a: Ho-Oh|Sacred Fire|p2b: Mrs. Dreads\n|-supereffective|p2b: Mrs. Dreads\n|-damage|p2b: Mrs. Dreads|9/100\n|-status|p2b: Mrs. Dreads|brn\n|move|p1b: Terapagos|Tera Starstorm|p2b: Mrs. Dreads|[spread] p2a,p2b\n|-damage|p2a: Chilly and Willy|68/100\n|-damage|p2b: Mrs. Dreads|0 fnt\n|faint|p2b: Mrs. Dreads\n|\n|-heal|p2a: Chilly and Willy|74/100|[from] Grassy Terrain\n|-heal|p2a: Chilly and Willy|80/100|[from] item: Leftovers\n|-heal|p1b: Terapagos|19/100|[from] Grassy Terrain\n|-heal|p1b: Terapagos|25/100|[from] item: Leftovers\n|-sideend|p1: Carajo666|move: Tailwind\n|upkeep\n|turn|7\n|\n|t:|1776536898\n|switch|p1a: Urshifu|Urshifu, L50, F|100/100\n|move|p1b: Terapagos|Protect|p1b: Terapagos\n|-singleturn|p1b: Terapagos|Protect\n|move|p2a: Chilly and Willy|Glacial Lance|p1a: Urshifu|[spread] p1a\n|-activate|p1b: Terapagos|move: Protect\n|-damage|p1a: Urshifu|51/100\n|\n|-heal|p2a: Chilly and Willy|86/100|[from] Grassy Terrain\n|-heal|p2a: Chilly and Willy|91/100|[from] item: Leftovers\n|-heal|p1b: Terapagos|31/100|[from] Grassy Terrain\n|-heal|p1b: Terapagos|37/100|[from] item: Leftovers\n|-heal|p1a: Urshifu|56/100|[from] Grassy Terrain\n|upkeep\n|turn|8\n|\n|t:|1776536915\n|-terastallize|p2a: Chilly and Willy|Dark\n|move|p2a: Chilly and Willy|Glacial Lance|p1a: Urshifu|[spread] p1a,p1b\n|-damage|p1a: Urshifu|10/100\n|-damage|p1b: Terapagos|5/100\n|move|p1b: Terapagos|Tera Starstorm|p2a: Chilly and Willy\n|-supereffective|p2a: Chilly and Willy\n|-crit|p2a: Chilly and Willy\n|-damage|p2a: Chilly and Willy|0 fnt\n|faint|p2a: Chilly and Willy\n|\n|win|Carajo666\n|raw|Carajo666's rating: 1500 &rarr; <strong>1519</strong><br />(+19 for winning)\n|raw|pumpkinflame's rating: 1490 &rarr; <strong>1471</strong><br />(-19 for losing)\n|l|\u2606Carajo666\n|player|p1|\n|l|\u2606pumpkinflame\n|player|p2|\n","uploadtime":1776537093,"views":9,"formatid":"gen9vgc2026regi","rating":1471,"private":0,"password":null}