{"id":"gen9vgc2026regi-2546962954","format":"[Gen 9] VGC 2026 Reg I","players":["bullgod4ever","marcxhenry"],"log":"|j|\u2606bullgod4ever\n|j|\u2606marcxhenry\n|t:|1772033999\n|gametype|doubles\n|player|p1|bullgod4ever|1|1520\n|player|p2|marcxhenry|hilbert-wonderlauncher|1500\n|gen|9\n|tier|[Gen 9] VGC 2026 Reg I\n|rated|\n|rule|Species Clause: Limit one of each Pok\u00e9mon\n|rule|Item Clause: Limit 1 of each item\n|clearpoke\n|poke|p1|Calyrex-Shadow, L50|\n|poke|p1|Zamazenta-*, L50|\n|poke|p1|Chien-Pao, L50|\n|poke|p1|Dragonite, L50, M|\n|poke|p1|Amoonguss, L50, M|\n|poke|p1|Ogerpon-Cornerstone, L50, F|\n|poke|p2|Calyrex-Shadow, L50|\n|poke|p2|Urshifu-*, L50, M|\n|poke|p2|Roaring Moon, L50|\n|poke|p2|Kyogre, L50|\n|poke|p2|Tsareena, L50, F|\n|poke|p2|Kingambit, L50, M|\n|teampreview|4\n|\n|t:|1772034030\n|teamsize|p1|4\n|teamsize|p2|4\n|start\n|switch|p1a: Calyrex|Calyrex-Shadow, L50|100/100\n|switch|p1b: Zamazenta|Zamazenta-Crowned, L50|100/100\n|switch|p2a: Ludwig|Calyrex-Shadow, L50|100/100\n|switch|p2b: Roter Baron|Roaring Moon, L50, shiny|100/100\n|-ability|p2a: Ludwig|As One\n|-ability|p2a: Ludwig|Unnerve\n|-ability|p1a: Calyrex|As One\n|-ability|p1a: Calyrex|Unnerve\n|-ability|p1b: Zamazenta|Dauntless Shield|boost\n|-boost|p1b: Zamazenta|def|1\n|-enditem|p2b: Roter Baron|Booster Energy\n|-activate|p2b: Roter Baron|ability: Protosynthesis|[fromitem]\n|-start|p2b: Roter Baron|protosynthesisspe\n|turn|1\n|\n|t:|1772034054\n|move|p1a: Calyrex|Protect|p1a: Calyrex\n|-singleturn|p1a: Calyrex|Protect\n|move|p2b: Roter Baron|Tailwind|p2b: Roter Baron\n|-sidestart|p2: marcxhenry|move: Tailwind\n|move|p2a: Ludwig|Psychic|p1b: Zamazenta\n|-damage|p1b: Zamazenta|61/100\n|move|p1b: Zamazenta|Body Press|p2b: Roter Baron\n|-supereffective|p2b: Roter Baron\n|-damage|p2b: Roter Baron|0 fnt\n|faint|p2b: Roter Baron\n|-end|p2b: Roter Baron|Protosynthesis|[silent]\n|\n|upkeep\n|\n|t:|1772034064\n|switch|p2b: Tripitz|Kyogre, L50, shiny|100/100\n|-weather|RainDance|[from] ability: Drizzle|[of] p2b: Tripitz\n|turn|2\n|\n|t:|1772034072\n|-terastallize|p2a: Ludwig|Normal\n|-terastallize|p1a: Calyrex|Ghost\n|move|p1b: Zamazenta|Wide Guard|p1b: Zamazenta\n|-singleturn|p1b: Zamazenta|Wide Guard\n|move|p2a: Ludwig|Psychic|p1a: Calyrex\n|-damage|p1a: Calyrex|47/100\n|-unboost|p1a: Calyrex|spd|1\n|move|p2b: Tripitz|Hydro Pump|p1a: Calyrex\n|-damage|p1a: Calyrex|0 fnt\n|faint|p1a: Calyrex\n|\n|-weather|RainDance|[upkeep]\n|upkeep\n|\n|t:|1772034088\n|switch|p1a: Dragonite|Dragonite, L50, M|100/100\n|turn|3\n|\n|t:|1772034109\n|switch|p1b: Chien-Pao|Chien-Pao, L50|100/100\n|-ability|p1b: Chien-Pao|Sword of Ruin\n|move|p2b: Tripitz|Protect|p2b: Tripitz\n|-singleturn|p2b: Tripitz|Protect\n|move|p1a: Dragonite|Extreme Speed|p2a: Ludwig\n|-damage|p2a: Ludwig|25/100\n|move|p2a: Ludwig|Astral Barrage|p1b: Chien-Pao|[spread] p1a,p1b\n|-resisted|p1b: Chien-Pao\n|-damage|p1a: Dragonite|46/100\n|-damage|p1b: Chien-Pao|80/100\n|\n|-weather|RainDance|[upkeep]\n|upkeep\n|turn|4\n|\n|t:|1772034143\n|switch|p2a: Hitmonshe|Tsareena, L50, F, shiny|100/100\n|move|p1a: Dragonite|Extreme Speed||[still]\n|cant|p2a: Hitmonshe|ability: Queenly Majesty|Extreme Speed|[of] p1a: Dragonite\n|move|p1b: Chien-Pao|Sucker Punch||[still]\n|cant|p2a: Hitmonshe|ability: Queenly Majesty|Sucker Punch|[of] p1b: Chien-Pao\n|move|p2b: Tripitz|Water Spout|p1a: Dragonite|[spread] p1a,p1b\n|-resisted|p1a: Dragonite\n|-damage|p1a: Dragonite|0 fnt\n|-damage|p1b: Chien-Pao|0 fnt\n|faint|p1a: Dragonite\n|faint|p1b: Chien-Pao\n|\n|-weather|RainDance|[upkeep]\n|-sideend|p2: marcxhenry|move: Tailwind\n|upkeep\n|\n|t:|1772034159\n|switch|p1b: Zamazenta|Zamazenta-Crowned, L50|61/100\n|turn|5\n|\n|t:|1772034165\n|move|p2b: Tripitz|Protect|p2b: Tripitz\n|-singleturn|p2b: Tripitz|Protect\n|move|p1b: Zamazenta|Body Press|p2b: Tripitz\n|-activate|p2b: Tripitz|move: Protect\n|move|p2a: Hitmonshe|Power Whip|p1b: Zamazenta\n|-resisted|p1b: Zamazenta\n|-damage|p1b: Zamazenta|42/100\n|\n|-weather|RainDance|[upkeep]\n|upkeep\n|turn|6\n|\n|t:|1772034178\n|move|p1b: Zamazenta|Body Press|p2b: Tripitz\n|-damage|p2b: Tripitz|51/100\n|move|p2b: Tripitz|Origin Pulse|p1b: Zamazenta\n|-damage|p1b: Zamazenta|0 fnt\n|faint|p1b: Zamazenta\n|\n|win|marcxhenry\n|raw|bullgod4ever's rating: 1520 &rarr; <strong>1499</strong><br />(-21 for losing)\n|raw|marcxhenry's rating: 1500 &rarr; <strong>1521</strong><br />(+21 for winning)\n|l|\u2606marcxhenry\n|player|p2|\n|c|\u2606bullgod4ever|Cool team gg\n|l|\u2606bullgod4ever\n|player|p1|\n","uploadtime":1772034325,"views":17,"formatid":"gen9vgc2026regi","rating":1499,"private":0,"password":null}