{"id":"gen9vgc2026regi-2523243378","format":"[Gen 9] VGC 2026 Reg I","players":["dasabe\u76d6\u6b27\u5361\u4fa0","kojimuranishi"],"log":"|j|\u2606dasabe\u76d6\u6b27\u5361\u4fa0\n|j|\u2606kojimuranishi\n|t:|1769007265\n|gametype|doubles\n|player|p1|dasabe\u76d6\u6b27\u5361\u4fa0|may-masters4|1611\n|player|p2|kojimuranishi|2|1582\n|gen|9\n|tier|[Gen 9] VGC 2026 Reg I\n|rated|\n|rule|Species Clause: Limit one of each Pok\u00e9mon\n|rule|Item Clause: Limit 1 of each item\n|clearpoke\n|poke|p1|Kyogre, L50|\n|poke|p1|Miraidon, L50|\n|poke|p1|Whimsicott, L50, F|\n|poke|p1|Iron Hands, L50|\n|poke|p1|Farigiraf, L50, F|\n|poke|p1|Urshifu-*, L50, M|\n|poke|p2|Zamazenta-*, L50|\n|poke|p2|Lunala, L50|\n|poke|p2|Chien-Pao, L50|\n|poke|p2|Dragonite, L50, F|\n|poke|p2|Landorus, L50, M|\n|poke|p2|Urshifu-*, L50, F|\n|teampreview|4\n|inactive|Battle timer is ON: inactive players will automatically lose when time's up. (requested by kojimuranishi)\n|\n|t:|1769007279\n|teamsize|p1|4\n|teamsize|p2|4\n|start\n|switch|p1a: \u5996\u820d\u7cbe\u62c9|Whimsicott, L50, F, shiny|100/100\n|switch|p1b: \u94f6\u91d1\u5996\u86c7|Miraidon, L50, shiny|100/100\n|switch|p2a: Landorus|Landorus, L50, M|100/100\n|switch|p2b: Chien-Pao|Chien-Pao, L50|100/100\n|-ability|p2b: Chien-Pao|Sword of Ruin\n|-fieldstart|move: Electric Terrain|[from] ability: Hadron Engine|[of] p1b: \u94f6\u91d1\u5996\u86c7\n|turn|1\n|\n|t:|1769007303\n|move|p2b: Chien-Pao|Protect|p2b: Chien-Pao\n|-singleturn|p2b: Chien-Pao|Protect\n|move|p1b: \u94f6\u91d1\u5996\u86c7|Protect|p1b: \u94f6\u91d1\u5996\u86c7\n|-singleturn|p1b: \u94f6\u91d1\u5996\u86c7|Protect\n|move|p1a: \u5996\u820d\u7cbe\u62c9|Tailwind|p1a: \u5996\u820d\u7cbe\u62c9\n|-sidestart|p1: dasabe\u76d6\u6b27\u5361\u4fa0|move: Tailwind\n|move|p2a: Landorus|Sludge Bomb|p1b: \u94f6\u91d1\u5996\u86c7\n|-activate|p1b: \u94f6\u91d1\u5996\u86c7|move: Protect\n|\n|upkeep\n|turn|2\n|\n|t:|1769007317\n|move|p2b: Chien-Pao|Sucker Punch|p1b: \u94f6\u91d1\u5996\u86c7\n|-damage|p1b: \u94f6\u91d1\u5996\u86c7|43/100\n|-damage|p2b: Chien-Pao|91/100|[from] item: Life Orb\n|move|p1a: \u5996\u820d\u7cbe\u62c9|Moonblast|p2b: Chien-Pao\n|-supereffective|p2b: Chien-Pao\n|-damage|p2b: Chien-Pao|0 fnt\n|faint|p2b: Chien-Pao\n|move|p1b: \u94f6\u91d1\u5996\u86c7|Dazzling Gleam|p2a: Landorus\n|-damage|p2a: Landorus|34/100\n|-damage|p1b: \u94f6\u91d1\u5996\u86c7|33/100|[from] item: Life Orb\n|move|p2a: Landorus|Sludge Bomb|p1a: \u5996\u820d\u7cbe\u62c9\n|-supereffective|p1a: \u5996\u820d\u7cbe\u62c9\n|-enditem|p1a: \u5996\u820d\u7cbe\u62c9|Focus Sash\n|-damage|p1a: \u5996\u820d\u7cbe\u62c9|1/100\n|\n|upkeep\n|\n|t:|1769007337\n|switch|p2b: Lunala|Lunala, L50|100/100\n|turn|3\n|\n|t:|1769007341\n|switch|p2a: Zamazenta|Zamazenta-Crowned, L50|100/100\n|-ability|p2a: Zamazenta|Dauntless Shield|boost\n|-boost|p2a: Zamazenta|def|1\n|move|p1a: \u5996\u820d\u7cbe\u62c9|Moonblast|p2b: Lunala\n|-damage|p2b: Lunala|88/100\n|move|p1b: \u94f6\u91d1\u5996\u86c7|Electro Drift|p2b: Lunala\n|-damage|p2b: Lunala|1/100\n|-damage|p1b: \u94f6\u91d1\u5996\u86c7|23/100|[from] item: Life Orb\n|move|p2b: Lunala|Trick Room|p2b: Lunala\n|-fieldstart|move: Trick Room|[of] p2b: Lunala\n|\n|upkeep\n|turn|4\n|\n|t:|1769007357\n|switch|p2b: Landorus|Landorus, L50, M|34/100\n|move|p1a: \u5996\u820d\u7cbe\u62c9|Encore||[still]\n|-fail|p1a: \u5996\u820d\u7cbe\u62c9\n|move|p2a: Zamazenta|Body Press|p1b: \u94f6\u91d1\u5996\u86c7\n|-crit|p1b: \u94f6\u91d1\u5996\u86c7\n|-damage|p1b: \u94f6\u91d1\u5996\u86c7|0 fnt\n|faint|p1b: \u94f6\u91d1\u5996\u86c7\n|\n|-sideend|p1: dasabe\u76d6\u6b27\u5361\u4fa0|move: Tailwind\n|upkeep\n|\n|t:|1769007363\n|switch|p1b: \u6210\u90fd\u8001\u76d6|Kyogre, L50, shiny|100/100\n|-weather|RainDance|[from] ability: Drizzle|[of] p1b: \u6210\u90fd\u8001\u76d6\n|turn|5\n|\n|t:|1769007379\n|-terastallize|p1b: \u6210\u90fd\u8001\u76d6|Water\n|-terastallize|p2a: Zamazenta|Water\n|move|p1b: \u6210\u90fd\u8001\u76d6|Hydro Pump|p2a: Zamazenta\n|-resisted|p2a: Zamazenta\n|-damage|p2a: Zamazenta|43/100\n|move|p2a: Zamazenta|Body Press|p1b: \u6210\u90fd\u8001\u76d6\n|-damage|p1b: \u6210\u90fd\u8001\u76d6|26/100\n|move|p1a: \u5996\u820d\u7cbe\u62c9|Moonblast|p2b: Landorus\n|-damage|p2b: Landorus|0 fnt\n|faint|p2b: Landorus\n|\n|-weather|RainDance|[upkeep]\n|-fieldend|move: Electric Terrain\n|upkeep\n|\n|t:|1769007394\n|switch|p2b: Lunala|Lunala, L50|1/100\n|turn|6\n|\n|t:|1769007400\n|switch|p1b: \u5c0f\u5934\u63a7\u5927\u5934|Farigiraf, L50, F, shiny|100/100\n|move|p2b: Lunala|Meteor Beam||[still]\n|-prepare|p2b: Lunala|Meteor Beam\n|-boost|p2b: Lunala|spa|1\n|-enditem|p2b: Lunala|Power Herb\n|-anim|p2b: Lunala|Meteor Beam|p1b: \u5c0f\u5934\u63a7\u5927\u5934\n|-damage|p1b: \u5c0f\u5934\u63a7\u5927\u5934|42/100\n|move|p2a: Zamazenta|Body Press|p1a: \u5996\u820d\u7cbe\u62c9\n|-resisted|p1a: \u5996\u820d\u7cbe\u62c9\n|-damage|p1a: \u5996\u820d\u7cbe\u62c9|0 fnt\n|faint|p1a: \u5996\u820d\u7cbe\u62c9\n|\n|-weather|RainDance|[upkeep]\n|upkeep\n|\n|t:|1769007406\n|switch|p1a: \u6210\u90fd\u8001\u76d6|Kyogre, L50, shiny, tera:Water|26/100\n|turn|7\n|j| Cesspool in Eden\n|c| Cesspool in Eden|\ud83d\udc40\n|\n|t:|1769007426\n|move|p1b: \u5c0f\u5934\u63a7\u5927\u5934|Psychic|p2b: Lunala\n|-resisted|p2b: Lunala\n|-damage|p2b: Lunala|0 fnt\n|faint|p2b: Lunala\n|move|p1a: \u6210\u90fd\u8001\u76d6|Hydro Pump|p2a: Zamazenta\n|-resisted|p2a: Zamazenta\n|-damage|p2a: Zamazenta|0 fnt\n|faint|p2a: Zamazenta\n|\n|win|dasabe\u76d6\u6b27\u5361\u4fa0\n|raw|dasabe\u76d6\u6b27\u5361\u4fa0's rating: 1611 &rarr; <strong>1629</strong><br />(+18 for winning)\n|raw|kojimuranishi's rating: 1582 &rarr; <strong>1564</strong><br />(-18 for losing)\n|c|\u2606dasabe\u76d6\u6b27\u5361\u4fa0|\ud83d\ude2d\n|c| Cesspool in Eden|\u5c45\u7136\u6ca1\u7a7a\n|l|\u2606dasabe\u76d6\u6b27\u5361\u4fa0\n|player|p1|\n|l|\u2606kojimuranishi\n|player|p2|\n|l| Cesspool in Eden\n","uploadtime":1769007675,"views":68,"formatid":"gen9vgc2026regi","rating":1564,"private":0,"password":null}