{"id":"gen9vgc2026regi-2550676877","format":"[Gen 9] VGC 2026 Reg I","players":["ConnerTEP","lalo's pollos"],"log":"|j|\u2606ConnerTEP\n|j|\u2606lalo's pollos\n|t:|1772515274\n|gametype|doubles\n|player|p1|ConnerTEP|acerola-masters2|1455\n|player|p2|lalo's pollos|2|1527\n|gen|9\n|tier|[Gen 9] VGC 2026 Reg I\n|rated|\n|rule|Species Clause: Limit one of each Pok\u00e9mon\n|rule|Item Clause: Limit 1 of each item\n|clearpoke\n|poke|p1|Groudon, L50|\n|poke|p1|Miraidon, L50|\n|poke|p1|Volcarona, L50, M|\n|poke|p1|Gouging Fire, L50|\n|poke|p1|Farigiraf, L50, M|\n|poke|p1|Iron Hands, L50|\n|poke|p2|Zamazenta-*, L50|\n|poke|p2|Lunala, L50|\n|poke|p2|Rillaboom, L50, M|\n|poke|p2|Incineroar, L50, M|\n|poke|p2|Urshifu-*, L50, M|\n|poke|p2|Tornadus, L50, M|\n|teampreview|4\n|inactive|Battle timer is ON: inactive players will automatically lose when time's up. (requested by ConnerTEP)\n|\n|t:|1772515303\n|teamsize|p1|4\n|teamsize|p2|4\n|start\n|switch|p1a: Miraidon|Miraidon, L50|100/100\n|switch|p1b: Volcarona|Volcarona, L50, M|100/100\n|switch|p2a: Lunala|Lunala, L50|100/100\n|switch|p2b: Tornadus|Tornadus, L50, M|100/100\n|-fieldstart|move: Electric Terrain|[from] ability: Hadron Engine|[of] p1a: Miraidon\n|turn|1\n|inactive|ConnerTEP has 30 seconds left.\n|inactive|ConnerTEP has 20 seconds left.\n|\n|t:|1772515345\n|switch|p1b: Iron Hands|Iron Hands, L50|100/100\n|-activate|p1b: Iron Hands|ability: Quark Drive\n|-start|p1b: Iron Hands|quarkdriveatk\n|move|p2b: Tornadus|Taunt|p1b: Iron Hands\n|-start|p1b: Iron Hands|move: Taunt\n|move|p1a: Miraidon|Snarl|p2b: Tornadus|[spread] p2a,p2b\n|-supereffective|p2a: Lunala\n|-damage|p2a: Lunala|73/100\n|-damage|p2b: Tornadus|71/100\n|-unboost|p2a: Lunala|spa|1\n|-unboost|p2b: Tornadus|spa|1\n|move|p2a: Lunala|Calm Mind|p2a: Lunala\n|-boost|p2a: Lunala|spa|1\n|-boost|p2a: Lunala|spd|1\n|\n|-heal|p2a: Lunala|79/100|[from] item: Leftovers\n|upkeep\n|turn|2\n|inactive|ConnerTEP has 30 seconds left.\n|inactive|ConnerTEP has 20 seconds left.\n|\n|t:|1772515381\n|move|p2a: Lunala|Protect|p2a: Lunala\n|-singleturn|p2a: Lunala|Protect\n|move|p2b: Tornadus|Tailwind|p2b: Tornadus\n|-sidestart|p2: lalo's pollos|move: Tailwind\n|move|p1a: Miraidon|Snarl|p2b: Tornadus|[spread] p2b\n|-activate|p2a: Lunala|move: Protect\n|-damage|p2b: Tornadus|44/100\n|-unboost|p2b: Tornadus|spa|1\n|move|p1b: Iron Hands|Ice Punch|p2a: Lunala\n|-activate|p2a: Lunala|move: Protect\n|\n|-heal|p2a: Lunala|85/100|[from] item: Leftovers\n|upkeep\n|turn|3\n|\n|t:|1772515401\n|-terastallize|p2a: Lunala|Fairy\n|move|p2b: Tornadus|Bleakwind Storm|p1b: Iron Hands|[spread] p1b\n|-miss|p2b: Tornadus|p1a: Miraidon\n|-damage|p1b: Iron Hands|92/100\n|move|p2a: Lunala|Moonblast|p1a: Miraidon\n|-supereffective|p1a: Miraidon\n|-damage|p1a: Miraidon|20/100\n|move|p1a: Miraidon|Snarl|p2a: Lunala|[spread] p2a,p2b\n|-resisted|p2a: Lunala\n|-damage|p2a: Lunala|79/100\n|-damage|p2b: Tornadus|15/100\n|-unboost|p2a: Lunala|spa|1\n|-unboost|p2b: Tornadus|spa|1\n|move|p1b: Iron Hands|Ice Punch|p2a: Lunala\n|-damage|p2a: Lunala|50/100\n|\n|-heal|p2a: Lunala|56/100|[from] item: Leftovers\n|-end|p1b: Iron Hands|move: Taunt\n|upkeep\n|turn|4\n|\n|t:|1772515414\n|switch|p2b: Zamazenta|Zamazenta-Crowned, L50|100/100\n|-ability|p2b: Zamazenta|Dauntless Shield|boost\n|-boost|p2b: Zamazenta|def|1\n|switch|p1a: Volcarona|Volcarona, L50, M|100/100\n|move|p2a: Lunala|Protect|p2a: Lunala\n|-singleturn|p2a: Lunala|Protect\n|move|p1b: Iron Hands|Ice Punch|p2b: Zamazenta\n|-resisted|p2b: Zamazenta\n|-damage|p2b: Zamazenta|94/100\n|\n|-heal|p2a: Lunala|62/100|[from] item: Leftovers\n|upkeep\n|turn|5\n|inactive|ConnerTEP has 30 seconds left.\n|\n|t:|1772515442\n|switch|p2a: Urshifu|Urshifu-Rapid-Strike, L50, M|100/100\n|move|p2b: Zamazenta|Body Press|p1b: Iron Hands\n|-damage|p1b: Iron Hands|38/100\n|move|p1a: Volcarona|Will-O-Wisp|p2b: Zamazenta\n|-status|p2b: Zamazenta|brn\n|move|p1b: Iron Hands|Low Kick|p2b: Zamazenta\n|-supereffective|p2b: Zamazenta\n|-damage|p2b: Zamazenta|28/100 brn\n|\n|-damage|p2b: Zamazenta|22/100 brn|[from] brn\n|-sideend|p2: lalo's pollos|move: Tailwind\n|-fieldend|move: Electric Terrain\n|-end|p1b: Iron Hands|Quark Drive\n|upkeep\n|turn|6\n|\n|t:|1772515461\n|-terastallize|p1a: Volcarona|Water\n|move|p2b: Zamazenta|Body Press|p1b: Iron Hands\n|-damage|p1b: Iron Hands|13/100\n|move|p2a: Urshifu|Surging Strikes|p1a: Volcarona\n|-resisted|p1a: Volcarona\n|-crit|p1a: Volcarona\n|-damage|p1a: Volcarona|89/100\n|-damage|p2a: Urshifu|84/100|[from] item: Rocky Helmet|[of] p1a: Volcarona\n|-status|p2a: Urshifu|brn|[from] ability: Flame Body|[of] p1a: Volcarona\n|-resisted|p1a: Volcarona\n|-crit|p1a: Volcarona\n|-damage|p1a: Volcarona|83/100\n|-damage|p2a: Urshifu|67/100 brn|[from] item: Rocky Helmet|[of] p1a: Volcarona\n|-resisted|p1a: Volcarona\n|-crit|p1a: Volcarona\n|-damage|p1a: Volcarona|77/100\n|-damage|p2a: Urshifu|51/100 brn|[from] item: Rocky Helmet|[of] p1a: Volcarona\n|-hitcount|p1a: Volcarona|3\n|move|p1a: Volcarona|Will-O-Wisp|p2a: Urshifu\n|-fail|p2a: Urshifu|brn\n|move|p1b: Iron Hands|Drain Punch|p2b: Zamazenta\n|-supereffective|p2b: Zamazenta\n|-damage|p2b: Zamazenta|0 fnt\n|-heal|p1b: Iron Hands|21/100|[from] drain|[of] p2b: Zamazenta\n|faint|p2b: Zamazenta\n|\n|-damage|p2a: Urshifu|45/100 brn|[from] brn\n|upkeep\n|\n|t:|1772515467\n|switch|p2b: Lunala|Lunala, L50, tera:Fairy|62/100\n|turn|7\n|\n|t:|1772515474\n|move|p2a: Urshifu|Surging Strikes|p1b: Iron Hands\n|-crit|p1b: Iron Hands\n|-damage|p1b: Iron Hands|12/100\n|-crit|p1b: Iron Hands\n|-damage|p1b: Iron Hands|3/100\n|-crit|p1b: Iron Hands\n|-damage|p1b: Iron Hands|0 fnt\n|faint|p1b: Iron Hands\n|-end|p1b: Iron Hands|Quark Drive|[silent]\n|-hitcount|p1: Iron Hands|3\n|move|p2b: Lunala|Calm Mind|p2b: Lunala\n|-boost|p2b: Lunala|spa|1\n|-boost|p2b: Lunala|spd|1\n|move|p1a: Volcarona|Struggle Bug|p2b: Lunala|[spread] p2a,p2b\n|-resisted|p2a: Urshifu\n|-resisted|p2b: Lunala\n|-damage|p2a: Urshifu|31/100 brn\n|-damage|p2b: Lunala|58/100\n|-unboost|p2a: Urshifu|spa|1\n|-unboost|p2b: Lunala|spa|1\n|\n|-heal|p2b: Lunala|64/100|[from] item: Leftovers\n|-damage|p2a: Urshifu|26/100 brn|[from] brn\n|upkeep\n|\n|t:|1772515484\n|switch|p1b: Miraidon|Miraidon, L50|20/100\n|-fieldstart|move: Electric Terrain|[from] ability: Hadron Engine|[of] p1b: Miraidon\n|turn|8\n|\n|t:|1772515489\n|move|p2b: Lunala|Protect|p2b: Lunala\n|-singleturn|p2b: Lunala|Protect\n|move|p1b: Miraidon|Volt Switch|p2a: Urshifu\n|-supereffective|p2a: Urshifu\n|-damage|p2a: Urshifu|0 fnt\n|faint|p2a: Urshifu\n|\n|t:|1772515494\n|switch|p1b: Groudon|Groudon, L50|100/100|[from] Volt Switch\n|-weather|SunnyDay|[from] ability: Drought|[of] p1b: Groudon\n|move|p1a: Volcarona|Struggle Bug|p2b: Lunala\n|-activate|p2b: Lunala|move: Protect\n|\n|-weather|SunnyDay|[upkeep]\n|-heal|p2b: Lunala|70/100|[from] item: Leftovers\n|upkeep\n|\n|t:|1772515496\n|switch|p2a: Tornadus|Tornadus, L50, M|15/100\n|turn|9\n|inactive|ConnerTEP has 30 seconds left.\n|\n|t:|1772515522\n|move|p2a: Tornadus|Bleakwind Storm|p1b: Groudon|[spread] p1a,p1b\n|-damage|p1a: Volcarona|44/100\n|-damage|p1b: Groudon|72/100\n|move|p2b: Lunala|Moongeist Beam|p1a: Volcarona\n|-damage|p1a: Volcarona|0 fnt\n|faint|p1a: Volcarona\n|move|p1b: Groudon|Precipice Blades|p2a: Tornadus|[spread] p2b\n|-immune|p2a: Tornadus\n|-damage|p2b: Lunala|26/100\n|\n|-weather|SunnyDay|[upkeep]\n|-heal|p2b: Lunala|32/100|[from] item: Leftovers\n|upkeep\n|\n|t:|1772515527\n|switch|p1a: Miraidon|Miraidon, L50|20/100\n|-activate|p1a: Miraidon|ability: Hadron Engine\n|turn|10\n|\n|t:|1772515538\n|move|p2a: Tornadus|Tailwind|p2a: Tornadus\n|-sidestart|p2: lalo's pollos|move: Tailwind\n|move|p2b: Lunala|Moonblast|p1a: Miraidon\n|-supereffective|p1a: Miraidon\n|-damage|p1a: Miraidon|0 fnt\n|faint|p1a: Miraidon\n|move|p1b: Groudon|Heat Crash|p2b: Lunala\n|-damage|p2b: Lunala|0 fnt\n|faint|p2b: Lunala\n|\n|-weather|SunnyDay|[upkeep]\n|upkeep\n|turn|11\n|\n|t:|1772515542\n|move|p2a: Tornadus|Bleakwind Storm|p1b: Groudon|[miss]\n|-miss|p2a: Tornadus|p1b: Groudon\n|move|p1b: Groudon|Heat Crash|p2a: Tornadus\n|-damage|p2a: Tornadus|0 fnt\n|faint|p2a: Tornadus\n|\n|win|ConnerTEP\n|raw|ConnerTEP's rating: 1441 &rarr; <strong>1466</strong><br />(+25 for winning)\n|raw|lalo&apos;s pollos's rating: 1527 &rarr; <strong>1502</strong><br />(-25 for losing)\n|l|\u2606ConnerTEP\n|player|p1|\n","uploadtime":1772515807,"views":14,"formatid":"gen9vgc2026regi","rating":1466,"private":0,"password":null}