{"id":"gen9vgc2026regi-2580191324","format":"[Gen 9] VGC 2026 Reg I","players":["Tempest ash","JoeBro8"],"log":"|j|\u2606Tempest ash\n|j|\u2606JoeBro8\n|t:|1775863455\n|gametype|doubles\n|player|p1|Tempest ash|101|1503\n|player|p2|JoeBro8|n|1484\n|gen|9\n|tier|[Gen 9] VGC 2026 Reg I\n|rated|\n|rule|Species Clause: Limit one of each Pok\u00e9mon\n|rule|Item Clause: Limit 1 of each item\n|clearpoke\n|poke|p1|Muk-Alola, L50, M|\n|poke|p1|Flamigo, L50, F|\n|poke|p1|Smeargle, L50, M|\n|poke|p1|Calyrex-Ice, L50|\n|poke|p1|Spiritomb, L50, F|\n|poke|p1|Necrozma-Dawn-Wings, L50|\n|poke|p2|Miraidon, L50|\n|poke|p2|Whimsicott, L50, F|\n|poke|p2|Zamazenta-*, L50|\n|poke|p2|Chien-Pao, L50|\n|poke|p2|Volcarona, L50, F|\n|poke|p2|Iron Hands, L50|\n|teampreview|4\n|\n|t:|1775863502\n|teamsize|p1|4\n|teamsize|p2|4\n|start\n|switch|p1a: Spiritomb|Spiritomb, L50, F|100/100\n|switch|p1b: Necrozma|Necrozma-Dawn-Wings, L50|100/100\n|switch|p2a: Ace of Spades|Miraidon, L50|100/100\n|switch|p2b: Jack of Diamonds|Chien-Pao, L50|100/100\n|-ability|p2b: Jack of Diamonds|Sword of Ruin\n|-fieldstart|move: Electric Terrain|[from] ability: Hadron Engine|[of] p2a: Ace of Spades\n|-ability|p1a: Spiritomb|Pressure\n|turn|1\n|\n|t:|1775863542\n|-terastallize|p1b: Necrozma|Dark\n|move|p2b: Jack of Diamonds|Icicle Crash|p1a: Spiritomb\n|-damage|p1a: Spiritomb|50/100\n|move|p2a: Ace of Spades|Volt Switch|p1a: Spiritomb\n|-damage|p1a: Spiritomb|0 fnt\n|faint|p1a: Spiritomb\n|\n|t:|1775863549\n|switch|p2a: Queen of Diamonds|Volcarona, L50, F|100/100|[from] Volt Switch\n|-enditem|p2a: Queen of Diamonds|Electric Seed\n|-boost|p2a: Queen of Diamonds|def|1|[from] item: Electric Seed\n|move|p1b: Necrozma|Calm Mind|p1b: Necrozma\n|-boost|p1b: Necrozma|spa|1\n|-boost|p1b: Necrozma|spd|1\n|\n|upkeep\n|\n|t:|1775863557\n|switch|p1a: Calyrex|Calyrex-Ice, L50|100/100\n|-ability|p1a: Calyrex|As One\n|-ability|p1a: Calyrex|Unnerve\n|turn|2\n|inactive|Battle timer is ON: inactive players will automatically lose when time's up. (requested by Tempest ash)\n|\n|t:|1775863570\n|move|p1a: Calyrex|Protect|p1a: Calyrex\n|-singleturn|p1a: Calyrex|Protect\n|move|p2b: Jack of Diamonds|Sacred Sword|p1b: Necrozma\n|-supereffective|p1b: Necrozma\n|-damage|p1b: Necrozma|66/100\n|move|p2a: Queen of Diamonds|Fiery Dance|p1a: Calyrex\n|-activate|p1a: Calyrex|move: Protect\n|move|p1b: Necrozma|Calm Mind|p1b: Necrozma\n|-boost|p1b: Necrozma|spa|1\n|-boost|p1b: Necrozma|spd|1\n|\n|-heal|p1b: Necrozma|72/100|[from] item: Leftovers\n|upkeep\n|turn|3\n|inactive|Tempest ash has 30 seconds left.\n|inactive|Tempest ash has 20 seconds left.\n|inactive|Tempest ash has 15 seconds left.\n|\n|t:|1775863612\n|move|p2b: Jack of Diamonds|Sacred Sword|p1b: Necrozma\n|-supereffective|p1b: Necrozma\n|-damage|p1b: Necrozma|38/100\n|move|p2a: Queen of Diamonds|Fiery Dance|p1a: Calyrex\n|-supereffective|p1a: Calyrex\n|-damage|p1a: Calyrex|63/100\n|-boost|p2a: Queen of Diamonds|spa|1\n|move|p1b: Necrozma|Moongeist Beam|p2b: Jack of Diamonds\n|-resisted|p2b: Jack of Diamonds\n|-damage|p2b: Jack of Diamonds|17/100\n|move|p1a: Calyrex|Psych Up|p2a: Queen of Diamonds\n|-copyboost|p1a: Calyrex|p2a: Queen of Diamonds|[from] move: Psych Up\n|\n|-heal|p1b: Necrozma|44/100|[from] item: Leftovers\n|upkeep\n|turn|4\n|inactive|Tempest ash has 30 seconds left.\n|inactive|JoeBro8 has 30 seconds left.\n|inactive|JoeBro8 has 20 seconds left.\n|inactive|Tempest ash has 20 seconds left.\n|inactive|Tempest ash has 15 seconds left.\n|\n|t:|1775863661\n|move|p2b: Jack of Diamonds|Sacred Sword|p1b: Necrozma\n|-supereffective|p1b: Necrozma\n|-damage|p1b: Necrozma|5/100\n|move|p2a: Queen of Diamonds|Struggle Bug|p1a: Calyrex|[spread] p1a,p1b\n|-supereffective|p1a: Calyrex\n|-supereffective|p1b: Necrozma\n|-damage|p1a: Calyrex|36/100\n|-damage|p1b: Necrozma|0 fnt\n|faint|p1b: Necrozma\n|move|p1a: Calyrex|Glacial Lance|p2b: Jack of Diamonds|[spread] p2a,p2b\n|-resisted|p2a: Queen of Diamonds\n|-resisted|p2b: Jack of Diamonds\n|-damage|p2a: Queen of Diamonds|82/100\n|-damage|p2b: Jack of Diamonds|0 fnt\n|faint|p2b: Jack of Diamonds\n|-ability|p1a: Calyrex|Chilling Neigh|boost\n|-boost|p1a: Calyrex|atk|1\n|\n|upkeep\n|\n|t:|1775863667\n|switch|p2b: King of Spades|Zamazenta-Crowned, L50|100/100\n|switch|p1b: Flamigo|Flamigo, L50, F|100/100\n|-ability|p2b: King of Spades|Dauntless Shield|boost\n|-boost|p2b: King of Spades|def|1\n|-copyboost|p1b: Flamigo|p1a: Calyrex|[from] ability: Costar\n|turn|5\n|inactive|Tempest ash has 30 seconds left.\n|\n|t:|1775863693\n|-terastallize|p2a: Queen of Diamonds|Dragon\n|move|p1b: Flamigo|Detect|p1b: Flamigo\n|-singleturn|p1b: Flamigo|Protect\n|move|p1a: Calyrex|Protect|p1a: Calyrex\n|-singleturn|p1a: Calyrex|Protect\n|move|p2b: King of Spades|Body Press|p1b: Flamigo\n|-activate|p1b: Flamigo|move: Protect\n|move|p2a: Queen of Diamonds|Fiery Dance|p1a: Calyrex\n|-activate|p1a: Calyrex|move: Protect\n|\n|-fieldend|move: Electric Terrain\n|upkeep\n|turn|6\n|inactive|Tempest ash has 30 seconds left.\n|inactive|Tempest ash has 20 seconds left.\n|\n|t:|1775863728\n|move|p2b: King of Spades|Body Press|p1b: Flamigo\n|-resisted|p1b: Flamigo\n|-damage|p1b: Flamigo|68/100\n|move|p1b: Flamigo|Low Kick|p2b: King of Spades\n|-supereffective|p2b: King of Spades\n|-damage|p2b: King of Spades|34/100\n|move|p2a: Queen of Diamonds|Fiery Dance|p1a: Calyrex\n|-supereffective|p1a: Calyrex\n|-damage|p1a: Calyrex|0 fnt\n|faint|p1a: Calyrex\n|\n|upkeep\n|turn|7\n|\n|t:|1775863745\n|move|p2b: King of Spades|Body Press|p1b: Flamigo\n|-resisted|p1b: Flamigo\n|-damage|p1b: Flamigo|36/100\n|move|p1b: Flamigo|Low Kick|p2b: King of Spades\n|-supereffective|p2b: King of Spades\n|-damage|p2b: King of Spades|0 fnt\n|faint|p2b: King of Spades\n|move|p2a: Queen of Diamonds|Fiery Dance|p1b: Flamigo\n|-damage|p1b: Flamigo|0 fnt\n|-boost|p2a: Queen of Diamonds|spa|1\n|faint|p1b: Flamigo\n|\n|win|JoeBro8\n|raw|Tempest ash's rating: 1503 &rarr; <strong>1482</strong><br />(-21 for losing)\n|raw|JoeBro8's rating: 1484 &rarr; <strong>1505</strong><br />(+21 for winning)\n|l|\u2606Tempest ash\n|player|p1|\n|l|\u2606JoeBro8\n|player|p2|\n","uploadtime":1775863937,"views":12,"formatid":"gen9vgc2026regi","rating":1482,"private":0,"password":null}