{"id":"gen9vgc2026regi-2568788731","format":"[Gen 9] VGC 2026 Reg I","players":["LabubuMechanics","33N"],"log":"|j|\u2606LabubuMechanics\n|j|\u260633N\n|t:|1774623077\n|gametype|doubles\n|player|p1|LabubuMechanics|266|1091\n|player|p2|33N|170|1092\n|gen|9\n|tier|[Gen 9] VGC 2026 Reg I\n|rated|\n|rule|Species Clause: Limit one of each Pok\u00e9mon\n|rule|Item Clause: Limit 1 of each item\n|clearpoke\n|poke|p1|Sinistcha, L50|\n|poke|p1|Urshifu-*, L50, M|\n|poke|p1|Terapagos, L50, M|\n|poke|p1|Miraidon, L50|\n|poke|p1|Incineroar, L50, M|\n|poke|p1|Iron Treads, L50|\n|poke|p2|Calyrex-Ice, L50|\n|poke|p2|Miraidon, L50|\n|poke|p2|Ursaluna, L50, M|\n|poke|p2|Volcarona, L50, F|\n|poke|p2|Grimmsnarl, L50, M|\n|poke|p2|Iron Hands, L50|\n|teampreview|4\n|inactive|Battle timer is ON: inactive players will automatically lose when time's up. (requested by 33N)\n33N rejected open team sheets.\n|\n|t:|1774623129\n|teamsize|p1|4\n|teamsize|p2|4\n|start\n|switch|p1a: Urshifu|Urshifu-Rapid-Strike, L50, M|100/100\n|switch|p1b: Iron Treads|Iron Treads, L50|100/100\n|switch|p2a: Calyrex|Calyrex-Ice, L50|100/100\n|switch|p2b: Iron Hands|Iron Hands, L50|100/100\n|-ability|p2a: Calyrex|As One\n|-ability|p2a: Calyrex|Unnerve\n|turn|1\n|\n|t:|1774623153\n|switch|p1a: Incineroar|Incineroar, L50, M|100/100\n|-ability|p1a: Incineroar|Intimidate|boost\n|-unboost|p2a: Calyrex|atk|1\n|-unboost|p2b: Iron Hands|atk|1\n|-terastallize|p2a: Calyrex|Water\n|move|p2b: Iron Hands|Fake Out|p1a: Incineroar\n|-damage|p1a: Incineroar|92/100\n|move|p1b: Iron Treads|Rock Slide|p2a: Calyrex|[spread] p2b\n|-miss|p1b: Iron Treads|p2a: Calyrex\n|-resisted|p2b: Iron Hands\n|-damage|p2b: Iron Hands|92/100\n|-damage|p1b: Iron Treads|91/100|[from] item: Life Orb\n|move|p2a: Calyrex|Trick Room|p2a: Calyrex\n|-fieldstart|move: Trick Room|[of] p2a: Calyrex\n|\n|upkeep\n|turn|2\n|\n|t:|1774623177\n|-terastallize|p1b: Iron Treads|Ground\n|move|p1a: Incineroar|Fake Out|p2a: Calyrex\n|-crit|p2a: Calyrex\n|-damage|p2a: Calyrex|92/100\n|cant|p2a: Calyrex|flinch\n|move|p2b: Iron Hands|Low Kick|p1b: Iron Treads\n|-damage|p1b: Iron Treads|47/100\n|move|p1b: Iron Treads|High Horsepower|p2b: Iron Hands\n|-supereffective|p2b: Iron Hands\n|-damage|p2b: Iron Hands|0 fnt\n|faint|p2b: Iron Hands\n|-end|p2b: Iron Hands|Quark Drive|[silent]\n|-damage|p1b: Iron Treads|37/100|[from] item: Life Orb\n|\n|-heal|p2a: Calyrex|98/100|[from] item: Leftovers\n|upkeep\n|\n|t:|1774623199\n|switch|p2b: Ursaluna|Ursaluna, L50, M|100/100\n|turn|3\n|\n|t:|1774623216\n|-end|p1b: Iron Treads|Quark Drive|[silent]\n|switch|p1b: Urshifu|Urshifu-Rapid-Strike, L50, M|100/100\n|move|p2a: Calyrex|Glacial Lance|p1b: Urshifu|[spread] p1a,p1b\n|-resisted|p1a: Incineroar\n|-resisted|p1b: Urshifu\n|-damage|p1a: Incineroar|78/100\n|-damage|p1b: Urshifu|81/100\n|move|p1a: Incineroar|U-turn|p2a: Calyrex\n|-damage|p2a: Calyrex|86/100\n|\n|t:|1774623224\n|switch|p1a: Sinistcha|Sinistcha, L50|100/100|[from] U-turn\n|-heal|p1b: Urshifu|100/100|[from] ability: Hospitality|[of] p1a: Sinistcha\n|move|p2b: Ursaluna|Facade|p1a: Sinistcha\n|-immune|p1a: Sinistcha\n|\n|-heal|p2a: Calyrex|92/100|[from] item: Leftovers\n|-status|p2b: Ursaluna|brn|[from] item: Flame Orb\n|upkeep\n|turn|4\n|\n|t:|1774623245\n|move|p1a: Sinistcha|Protect|p1a: Sinistcha\n|-singleturn|p1a: Sinistcha|Protect\n|move|p1b: Urshifu|Detect|p1b: Urshifu\n|-singleturn|p1b: Urshifu|Protect\n|move|p2a: Calyrex|Leech Seed|p1b: Urshifu\n|-activate|p1b: Urshifu|move: Protect\n|move|p2b: Ursaluna|Crunch|p1a: Sinistcha\n|-activate|p1a: Sinistcha|move: Protect\n|\n|-heal|p2a: Calyrex|98/100|[from] item: Leftovers\n|-damage|p2b: Ursaluna|95/100 brn|[from] brn\n|upkeep\n|turn|5\n|\n|t:|1774623267\n|switch|p1a: Incineroar|Incineroar, L50, M|78/100\n|-ability|p1a: Incineroar|Intimidate|boost\n|-unboost|p2a: Calyrex|atk|1\n|-unboost|p2b: Ursaluna|atk|1\n|move|p2a: Calyrex|Glacial Lance|p1b: Urshifu|[spread] p1a,p1b\n|-resisted|p1a: Incineroar\n|-resisted|p1b: Urshifu\n|-damage|p1a: Incineroar|67/100\n|-damage|p1b: Urshifu|86/100\n|move|p2b: Ursaluna|Facade|p1b: Urshifu\n|-damage|p1b: Urshifu|1/100\n|move|p1b: Urshifu|Surging Strikes|p2b: Ursaluna\n|-supereffective|p2b: Ursaluna\n|-crit|p2b: Ursaluna\n|-damage|p2b: Ursaluna|62/100 brn\n|-supereffective|p2b: Ursaluna\n|-crit|p2b: Ursaluna\n|-damage|p2b: Ursaluna|25/100 brn\n|-supereffective|p2b: Ursaluna\n|-crit|p2b: Ursaluna\n|-damage|p2b: Ursaluna|0 fnt\n|faint|p2b: Ursaluna\n|-hitcount|p2: Ursaluna|3\n|\n|-heal|p2a: Calyrex|100/100|[from] item: Leftovers\n|-fieldend|move: Trick Room\n|upkeep\n|\n|t:|1774623280\n|switch|p2b: Miraidon|Miraidon, L50|100/100\n|-fieldstart|move: Electric Terrain|[from] ability: Hadron Engine|[of] p2b: Miraidon\n|turn|6\n|\n|t:|1774623301\n|move|p1a: Incineroar|Fake Out|p2b: Miraidon\n|-damage|p2b: Miraidon|92/100\n|cant|p2b: Miraidon|flinch\n|move|p1b: Urshifu|Close Combat|p2b: Miraidon\n|-damage|p2b: Miraidon|35/100\n|-unboost|p1b: Urshifu|def|1\n|-unboost|p1b: Urshifu|spd|1\n|move|p2a: Calyrex|Glacial Lance|p1b: Urshifu|[spread] p1a,p1b\n|-resisted|p1a: Incineroar\n|-resisted|p1b: Urshifu\n|-damage|p1a: Incineroar|56/100\n|-damage|p1b: Urshifu|0 fnt\n|faint|p1b: Urshifu\n|-ability|p2a: Calyrex|Chilling Neigh|boost\n|-boost|p2a: Calyrex|atk|1\n|\n|upkeep\n|\n|t:|1774623316\n|switch|p1b: Iron Treads|Iron Treads, L50, tera:Ground|37/100\n|-activate|p1b: Iron Treads|ability: Quark Drive\n|-start|p1b: Iron Treads|quarkdrivespe\n|turn|7\n|inactive|LabubuMechanics has 30 seconds left.\n|\n|t:|1774623345\n|move|p1b: Iron Treads|Steel Roller|p2b: Miraidon\n|-resisted|p2b: Miraidon\n|-damage|p2b: Miraidon|4/100\n|-fieldend|move: Electric Terrain\n|-end|p1b: Iron Treads|Quark Drive\n|-damage|p1b: Iron Treads|27/100|[from] item: Life Orb\n|move|p2b: Miraidon|Dazzling Gleam|p1a: Incineroar|[spread] p1a,p1b\n|-crit|p1a: Incineroar\n|-damage|p1a: Incineroar|29/100\n|-damage|p1b: Iron Treads|0 fnt\n|faint|p1b: Iron Treads\n|-end|p1b: Iron Treads|Quark Drive|[silent]\n|move|p1a: Incineroar|Knock Off|p2a: Calyrex\n|-damage|p2a: Calyrex|76/100\n|-enditem|p2a: Calyrex|Leftovers|[from] move: Knock Off|[of] p1a: Incineroar\n|move|p2a: Calyrex|Glacial Lance|p1a: Incineroar\n|-resisted|p1a: Incineroar\n|-damage|p1a: Incineroar|11/100\n|\n|upkeep\n|\n|t:|1774623353\n|switch|p1b: Sinistcha|Sinistcha, L50|100/100\n|-heal|p1a: Incineroar|36/100|[from] ability: Hospitality|[of] p1b: Sinistcha\n|turn|8\n|\n|t:|1774623368\n|move|p2b: Miraidon|Dazzling Gleam|p1b: Sinistcha|[spread] p1a,p1b\n|-damage|p1a: Incineroar|18/100\n|-damage|p1b: Sinistcha|67/100\n|move|p1b: Sinistcha|Matcha Gotcha|p2a: Calyrex|[spread] p2a,p2b\n|-supereffective|p2a: Calyrex\n|-resisted|p2b: Miraidon\n|-damage|p2a: Calyrex|48/100\n|-heal|p1b: Sinistcha|83/100|[from] drain|[of] p2a: Calyrex\n|-damage|p2b: Miraidon|0 fnt\n|-heal|p1b: Sinistcha|85/100|[from] drain|[of] p2b: Miraidon\n|faint|p2b: Miraidon\n|move|p1a: Incineroar|Knock Off|p2a: Calyrex\n|-damage|p2a: Calyrex|32/100\n|move|p2a: Calyrex|Glacial Lance|p1b: Sinistcha|[spread] p1a,p1b\n|-resisted|p1a: Incineroar\n|-supereffective|p1b: Sinistcha\n|-damage|p1a: Incineroar|2/100\n|-damage|p1b: Sinistcha|34/100\n|\n|upkeep\n|turn|9\n|-message|33N forfeited.\n|\n|win|LabubuMechanics\n|raw|LabubuMechanics's rating: 1091 &rarr; <strong>1117</strong><br />(+26 for winning)\n|raw|33N's rating: 1092 &rarr; <strong>1068</strong><br />(-24 for losing)\n|l|\u260633N\n|player|p2|\n","uploadtime":1774623386,"views":29,"formatid":"gen9vgc2026regi","rating":1068,"private":0,"password":null}