{"id":"gen9vgc2026regi-2591259808","format":"[Gen 9] VGC 2026 Reg I","players":["reecemachine","Harry Koekenpan"],"log":"|j|\u2606reecemachine\n|j|\u2606Harry Koekenpan\n|t:|1776884912\n|gametype|doubles\n|player|p1|reecemachine|170|1470\n|player|p2|Harry Koekenpan|101|1497\n|gen|9\n|tier|[Gen 9] VGC 2026 Reg I\n|rated|\n|rule|Species Clause: Limit one of each Pok\u00e9mon\n|rule|Item Clause: Limit 1 of each item\n|clearpoke\n|poke|p1|Calyrex-Ice, L50|\n|poke|p1|Kyogre, L50|\n|poke|p1|Grimmsnarl, L50, M|\n|poke|p1|Incineroar, L50, F|\n|poke|p1|Rillaboom, L50, F|\n|poke|p1|Basculegion, L50, M|\n|poke|p2|Weezing-Galar, L50, M|\n|poke|p2|Calyrex-Shadow, L50|\n|poke|p2|Regigigas, L50|\n|poke|p2|Koraidon, L50|\n|poke|p2|Chi-Yu, L50|\n|poke|p2|Brute Bonnet, L50|\n|teampreview|4\n|inactive|Battle timer is ON: inactive players will automatically lose when time's up. (requested by Harry Koekenpan)\n|inactive|reecemachine has 60 seconds left.\n|\n|t:|1776884963\n|teamsize|p1|4\n|teamsize|p2|4\n|start\n|switch|p1a: Calyrex|Calyrex-Ice, L50|100/100\n|switch|p1b: Grimmsnarl|Grimmsnarl, L50, M|100/100\n|switch|p2a: Calyrex|Calyrex-Shadow, L50|100/100\n|switch|p2b: Chi-Yu|Chi-Yu, L50|100/100\n|-ability|p2a: Calyrex|As One\n|-ability|p2a: Calyrex|Unnerve\n|-ability|p1a: Calyrex|As One\n|-ability|p1a: Calyrex|Unnerve\n|-ability|p2b: Chi-Yu|Beads of Ruin\n|turn|1\n|inactive|reecemachine has 30 seconds left.\n|\n|t:|1776884992\n|move|p1a: Calyrex|Protect|p1a: Calyrex\n|-singleturn|p1a: Calyrex|Protect\n|move|p1b: Grimmsnarl|Light Screen|p1b: Grimmsnarl\n|-sidestart|p1: reecemachine|move: Light Screen\n|move|p2a: Calyrex|Astral Barrage|p1b: Grimmsnarl|[spread] p1b\n|-activate|p1a: Calyrex|move: Protect\n|-resisted|p1b: Grimmsnarl\n|-damage|p1b: Grimmsnarl|68/100\n|-damage|p2a: Calyrex|91/100|[from] item: Life Orb\n|move|p2b: Chi-Yu|Heat Wave|p1a: Calyrex|[spread] p1b\n|-activate|p1a: Calyrex|move: Protect\n|-damage|p1b: Grimmsnarl|32/100\n|\n|upkeep\n|turn|2\n|inactive|reecemachine has 30 seconds left.\n|inactive|reecemachine has 20 seconds left.\n|inactive|reecemachine has 15 seconds left.\n|inactive|reecemachine has 10 seconds left.\n|\n|t:|1776885040\n|-terastallize|p1a: Calyrex|Grass\n|move|p1b: Grimmsnarl|Parting Shot|p2a: Calyrex\n|-unboost|p2a: Calyrex|atk|1\n|-unboost|p2a: Calyrex|spa|1\n|\n|t:|1776885045\n|switch|p1b: Kyogre|Kyogre, L50|100/100|[from] Parting Shot\n|-weather|RainDance|[from] ability: Drizzle|[of] p1b: Kyogre\n|move|p2a: Calyrex|Astral Barrage|p1a: Calyrex|[spread] p1a,p1b\n|-crit|p1a: Calyrex\n|-damage|p1a: Calyrex|10/100\n|-damage|p1b: Kyogre|77/100\n|-damage|p2a: Calyrex|81/100|[from] item: Life Orb\n|move|p2b: Chi-Yu|Heat Wave|p1b: Kyogre|[spread] p1a,p1b\n|-supereffective|p1a: Calyrex\n|-resisted|p1b: Kyogre\n|-damage|p1a: Calyrex|0 fnt\n|-damage|p1b: Kyogre|72/100\n|faint|p1a: Calyrex\n|\n|-weather|RainDance|[upkeep]\n|-heal|p1b: Kyogre|78/100|[from] item: Leftovers\n|upkeep\n|\n|t:|1776885066\n|switch|p1a: Basculegion|Basculegion, L50, M|100/100\n|turn|3\n|inactive|reecemachine has 30 seconds left.\n|\n|t:|1776885094\n|switch|p2a: Koraidon|Koraidon, L50|100/100\n|-weather|SunnyDay|[from] ability: Orichalcum Pulse|[of] p2a: Koraidon\n|-activate|p2a: Koraidon|Orichalcum Pulse|[source]\n|move|p2b: Chi-Yu|Snarl|p1a: Basculegion|[spread] p1a,p1b\n|-supereffective|p1a: Basculegion\n|-damage|p1a: Basculegion|53/100\n|-damage|p1b: Kyogre|66/100\n|-unboost|p1a: Basculegion|spa|1\n|-unboost|p1b: Kyogre|spa|1\n|move|p1a: Basculegion|Flip Turn|p2a: Koraidon\n|-resisted|p2a: Koraidon\n|-damage|p2a: Koraidon|90/100\n|\n|t:|1776885106\n|switch|p1a: Grimmsnarl|Grimmsnarl, L50, M|32/100|[from] Flip Turn\n|move|p1b: Kyogre|Origin Pulse|p2a: Koraidon|[spread] p2a,p2b\n|-resisted|p2a: Koraidon\n|-supereffective|p2b: Chi-Yu\n|-damage|p2a: Koraidon|82/100\n|-damage|p2b: Chi-Yu|68/100\n|\n|-weather|SunnyDay|[upkeep]\n|-heal|p1b: Kyogre|72/100|[from] item: Leftovers\n|upkeep\n|turn|4\n|\n|t:|1776885127\n|switch|p1b: Basculegion|Basculegion, L50, M|53/100\n|move|p1a: Grimmsnarl|Reflect|p1a: Grimmsnarl\n|-sidestart|p1: reecemachine|Reflect\n|move|p2a: Koraidon|Flare Blitz|p1b: Basculegion\n|-resisted|p1b: Basculegion\n|-damage|p1b: Basculegion|14/100\n|-damage|p2a: Koraidon|68/100|[from] Recoil\n|move|p2b: Chi-Yu|Heat Wave|p1b: Basculegion|[spread] p1b\n|-miss|p2b: Chi-Yu|p1a: Grimmsnarl\n|-resisted|p1b: Basculegion\n|-damage|p1b: Basculegion|0 fnt\n|faint|p1b: Basculegion\n|\n|-weather|SunnyDay|[upkeep]\n|upkeep\n|\n|t:|1776885142\n|switch|p1b: Kyogre|Kyogre, L50|72/100\n|-weather|RainDance|[from] ability: Drizzle|[of] p1b: Kyogre\n|turn|5\n|\n|t:|1776885166\n|switch|p2a: Brute Bonnet|Brute Bonnet, L50|100/100\n|move|p2b: Chi-Yu|Protect|p2b: Chi-Yu\n|-singleturn|p2b: Chi-Yu|Protect\n|move|p1a: Grimmsnarl|Parting Shot|p2a: Brute Bonnet\n|-hint|Since gen 7, Dark is immune to Prankster moves.\n|-immune|p2a: Brute Bonnet\n|move|p1b: Kyogre|Origin Pulse|p2a: Brute Bonnet|[spread] p2a\n|-activate|p2b: Chi-Yu|move: Protect\n|-resisted|p2a: Brute Bonnet\n|-damage|p2a: Brute Bonnet|72/100\n|\n|-weather|RainDance|[upkeep]\n|-heal|p1b: Kyogre|78/100|[from] item: Leftovers\n|upkeep\n|turn|6\n|inactive|reecemachine has 30 seconds left.\n|\n|t:|1776885198\n|-end|p2a: Brute Bonnet|Protosynthesis|[silent]\n|switch|p2a: Koraidon|Koraidon, L50|68/100\n|-weather|SunnyDay|[from] ability: Orichalcum Pulse|[of] p2a: Koraidon\n|-activate|p2a: Koraidon|Orichalcum Pulse|[source]\n|move|p2b: Chi-Yu|Heat Wave|p1a: Grimmsnarl|[spread] p1a,p1b\n|-resisted|p1b: Kyogre\n|-damage|p1a: Grimmsnarl|0 fnt\n|-damage|p1b: Kyogre|63/100\n|faint|p1a: Grimmsnarl\n|move|p1b: Kyogre|Origin Pulse|p2b: Chi-Yu|[spread] p2b\n|-miss|p1b: Kyogre|p2a: Koraidon\n|-supereffective|p2b: Chi-Yu\n|-damage|p2b: Chi-Yu|23/100\n|\n|-weather|SunnyDay|[upkeep]\n|-heal|p1b: Kyogre|69/100|[from] item: Leftovers\n|upkeep\n|turn|7\n|-message|reecemachine forfeited.\n|\n|win|Harry Koekenpan\n|raw|reecemachine's rating: 1470 &rarr; <strong>1452</strong><br />(-18 for losing)\n|raw|Harry Koekenpan's rating: 1497 &rarr; <strong>1515</strong><br />(+18 for winning)\n|l|\u2606reecemachine\n|player|p1|\n|l|\u2606Harry Koekenpan\n|player|p2|\n","uploadtime":1776885472,"views":12,"formatid":"gen9vgc2026regi","rating":1452,"private":0,"password":null}