{"id":"gen9vgc2026regi-2535420657","format":"[Gen 9] VGC 2026 Reg I","players":["j0l0k0","ethnol1816"],"log":"|j|\u2606j0l0k0\n|j|\u2606ethnol1816\n|t:|1770566003\n|gametype|doubles\n|player|p1|j0l0k0|brycen|1413\n|player|p2|ethnol1816|boarder|1432\n|gen|9\n|tier|[Gen 9] VGC 2026 Reg I\n|rated|\n|rule|Species Clause: Limit one of each Pok\u00e9mon\n|rule|Item Clause: Limit 1 of each item\n|clearpoke\n|poke|p1|Calyrex-Ice, L50|\n|poke|p1|Kyogre, L50|\n|poke|p1|Indeedee-F, L50, F|\n|poke|p1|Urshifu-*, L50, F|\n|poke|p1|Amoonguss, L50, F|\n|poke|p1|Landorus, L50, M|\n|poke|p2|Miraidon, L50|\n|poke|p2|Calyrex-Ice, L50|\n|poke|p2|Urshifu-*, L50, M|\n|poke|p2|Smeargle, L50, M|\n|poke|p2|Ogerpon-Cornerstone, L50, F|\n|poke|p2|Gholdengo, L50|\n|teampreview|4\n|inactive|Battle timer is ON: inactive players will automatically lose when time's up. (requested by ethnol1816)\n|inactive|j0l0k0 also wants the timer to be on.\n|\n|t:|1770566021\n|teamsize|p1|4\n|teamsize|p2|4\n|start\n|switch|p1a: Kyogre|Kyogre, L50, shiny|100/100\n|switch|p1b: Landorus|Landorus, L50, M, shiny|100/100\n|switch|p2a: baguetter|Smeargle, L50, M, shiny|100/100\n|switch|p2b: Sircicle|Calyrex-Ice, L50|100/100\n|-ability|p2b: Sircicle|As One\n|-ability|p2b: Sircicle|Unnerve\n|-weather|RainDance|[from] ability: Drizzle|[of] p1a: Kyogre\n|turn|1\n|\n|t:|1770566042\n|-terastallize|p1a: Kyogre|Grass\n|-terastallize|p2b: Sircicle|Water\n|move|p2a: baguetter|Spore|p1b: Landorus\n|-status|p1b: Landorus|slp|[from] move: Spore\n|move|p1a: Kyogre|Water Spout|p2a: baguetter|[spread] p2a,p2b\n|-resisted|p2b: Sircicle\n|-enditem|p2a: baguetter|Focus Sash\n|-damage|p2a: baguetter|1/100\n|-damage|p2b: Sircicle|67/100\n|cant|p1b: Landorus|slp\n|move|p2b: Sircicle|Trick Room|p2b: Sircicle\n|-fieldstart|move: Trick Room|[of] p2b: Sircicle\n|\n|-weather|RainDance|[upkeep]\n|-ability|p2a: baguetter|Moody|boost\n|-boost|p2a: baguetter|spa|2\n|-unboost|p2a: baguetter|def|1\n|upkeep\n|turn|2\n|\n|t:|1770566061\n|cant|p1b: Landorus|slp\n|move|p2b: Sircicle|Glacial Lance|p1a: Kyogre|[spread] p1a,p1b\n|-supereffective|p1a: Kyogre\n|-supereffective|p1b: Landorus\n|-damage|p1a: Kyogre|0 fnt\n|-damage|p1b: Landorus|0 fnt\n|faint|p1a: Kyogre\n|faint|p1b: Landorus\n|-ability|p2b: Sircicle|Chilling Neigh|boost\n|-boost|p2b: Sircicle|atk|2\n|move|p2a: baguetter|Decorate|p2b: Sircicle\n|-boost|p2b: Sircicle|atk|2\n|-boost|p2b: Sircicle|spa|2\n|\n|-weather|RainDance|[upkeep]\n|-ability|p2a: baguetter|Moody|boost\n|-boost|p2a: baguetter|atk|2\n|-unboost|p2a: baguetter|spe|1\n|upkeep\n|\n|t:|1770566066\n|switch|p1a: Calyrex|Calyrex-Ice, L50|100/100\n|switch|p1b: Urshifu|Urshifu, L50, F|100/100\n|-ability|p1a: Calyrex|As One\n|-ability|p1a: Calyrex|Unnerve\n|turn|3\n|\n|t:|1770566075\n|move|p2b: Sircicle|Protect|p2b: Sircicle\n|-singleturn|p2b: Sircicle|Protect\n|move|p1a: Calyrex|Glacial Lance|p2a: baguetter|[spread] p2a\n|-activate|p2b: Sircicle|move: Protect\n|-damage|p2a: baguetter|0 fnt\n|faint|p2a: baguetter\n|-ability|p1a: Calyrex|Chilling Neigh|boost\n|-boost|p1a: Calyrex|atk|1\n|move|p1b: Urshifu|Close Combat|p2b: Sircicle\n|-damage|p2b: Sircicle|24/100\n|-unboost|p1b: Urshifu|def|1\n|-unboost|p1b: Urshifu|spd|1\n|\n|-weather|RainDance|[upkeep]\n|upkeep\n|\n|t:|1770566081\n|switch|p2a: Gholdengo|Gholdengo, L50|100/100\n|turn|4\n|\n|t:|1770566090\n|move|p1a: Calyrex|Close Combat|p2b: Sircicle\n|-damage|p2b: Sircicle|0 fnt\n|-unboost|p1a: Calyrex|def|1\n|-unboost|p1a: Calyrex|spd|1\n|faint|p2b: Sircicle\n|-ability|p1a: Calyrex|Chilling Neigh|boost\n|-boost|p1a: Calyrex|atk|1\n|move|p2a: Gholdengo|Dazzling Gleam|p1a: Calyrex|[spread] p1a,p1b\n|-supereffective|p1b: Urshifu\n|-damage|p1a: Calyrex|77/100\n|-enditem|p1b: Urshifu|Focus Sash\n|-damage|p1b: Urshifu|1/100\n|move|p1b: Urshifu|Wicked Blow|p2a: Gholdengo\n|-supereffective|p2a: Gholdengo\n|-crit|p2a: Gholdengo\n|-damage|p2a: Gholdengo|0 fnt\n|faint|p2a: Gholdengo\n|\n|-weather|RainDance|[upkeep]\n|upkeep\n|\n|t:|1770566094\n|switch|p2b: kerplunk|Urshifu, L50, M|100/100\n|turn|5\n|\n|t:|1770566103\n|move|p2b: kerplunk|Sucker Punch|p1b: Urshifu\n|-resisted|p1b: Urshifu\n|-damage|p1b: Urshifu|0 fnt\n|faint|p1b: Urshifu\n|move|p1a: Calyrex|Close Combat|p2b: kerplunk\n|-supereffective|p2b: kerplunk\n|-crit|p2b: kerplunk\n|-damage|p2b: kerplunk|0 fnt\n|-unboost|p1a: Calyrex|def|1\n|-unboost|p1a: Calyrex|spd|1\n|faint|p2b: kerplunk\n|\n|win|j0l0k0\n|raw|j0l0k0's rating: 1413 &rarr; <strong>1434</strong><br />(+21 for winning)\n|raw|ethnol1816's rating: 1432 &rarr; <strong>1411</strong><br />(-21 for losing)\n|c|\u2606j0l0k0|ggwp\n|l|\u2606j0l0k0\n|player|p1|\n|l|\u2606ethnol1816\n|player|p2|\n|j|\u2606ethnol1816\n|player|p2|ethnol1816|boarder|\n|l|\u2606ethnol1816\n|player|p2|\n","uploadtime":1770566103,"views":37,"formatid":"gen9vgc2026regi","rating":1411,"private":0,"password":null}