{"id":"gen9vgc2026regi-2524661138","format":"[Gen 9] VGC 2026 Reg I","players":["Pelli69","ky123456"],"log":"|j|\u2606Pelli69\n|j|\u2606ky123456\n|t:|1769181149\n|gametype|doubles\n|player|p1|Pelli69|266|1224\n|player|p2|ky123456|cynthia-gen4|1380\n|gen|9\n|tier|[Gen 9] VGC 2026 Reg I\n|rated|\n|rule|Species Clause: Limit one of each Pok\u00e9mon\n|rule|Item Clause: Limit 1 of each item\n|clearpoke\n|poke|p1|Calyrex-Shadow, L50|\n|poke|p1|Flutter Mane, L50|\n|poke|p1|Chi-Yu, L50|\n|poke|p1|Terapagos, L50, M|\n|poke|p1|Regieleki, L50|\n|poke|p1|Clefairy, L50, M|\n|poke|p2|Calyrex-Shadow, L50|\n|poke|p2|Zamazenta-*, L50|\n|poke|p2|Chien-Pao, L50|\n|poke|p2|Dragonite, L50, M|\n|poke|p2|Raging Bolt, L50|\n|poke|p2|Amoonguss, L50, F|\n|teampreview|4\n|\n|t:|1769181176\n|teamsize|p1|4\n|teamsize|p2|4\n|start\n|switch|p1a: Chi-Yu|Chi-Yu, L50|100/100\n|switch|p1b: Regieleki|Regieleki, L50|100/100\n|switch|p2a: Zamazenta|Zamazenta-Crowned, L50|100/100\n|switch|p2b: Arlie|Chien-Pao, L50|100/100\n|-ability|p1a: Chi-Yu|Beads of Ruin\n|-ability|p2b: Arlie|Sword of Ruin\n|-ability|p2a: Zamazenta|Dauntless Shield|boost\n|-boost|p2a: Zamazenta|def|1\n|turn|1\n|inactive|Battle timer is ON: inactive players will automatically lose when time's up. (requested by Pelli69)\n|\n|t:|1769181224\n|move|p2a: Zamazenta|Protect|p2a: Zamazenta\n|-singleturn|p2a: Zamazenta|Protect\n|move|p1b: Regieleki|Electroweb|p2a: Zamazenta|[spread] p2b\n|-activate|p2a: Zamazenta|move: Protect\n|-damage|p2b: Arlie|67/100\n|-unboost|p2b: Arlie|spe|1\n|move|p1a: Chi-Yu|Overheat|p2a: Zamazenta\n|-activate|p2a: Zamazenta|move: Protect\n|move|p2b: Arlie|Icy Wind|p1b: Regieleki|[spread] p1a,p1b\n|-resisted|p1a: Chi-Yu\n|-damage|p1a: Chi-Yu|94/100\n|-damage|p1b: Regieleki|70/100\n|-unboost|p1a: Chi-Yu|spe|1\n|-unboost|p1b: Regieleki|spe|1\n|\n|upkeep\n|turn|2\n|inactive|Pelli69 has 30 seconds left.\n|inactive|ky123456 has 30 seconds left.\n|\n|t:|1769181256\n|move|p2b: Arlie|Sucker Punch|p1b: Regieleki\n|-damage|p1b: Regieleki|0 fnt\n|faint|p1b: Regieleki\n|move|p2a: Zamazenta|Body Press|p1a: Chi-Yu\n|-supereffective|p1a: Chi-Yu\n|-damage|p1a: Chi-Yu|0 fnt\n|faint|p1a: Chi-Yu\n|\n|upkeep\n|\n|t:|1769181261\n|switch|p1b: Flutter Mane|Flutter Mane, L50|100/100\n|switch|p1a: Calyrex|Calyrex-Shadow, L50|100/100\n|-ability|p1a: Calyrex|As One\n|-ability|p1a: Calyrex|Unnerve\n|-enditem|p1b: Flutter Mane|Booster Energy\n|-activate|p1b: Flutter Mane|ability: Protosynthesis|[fromitem]\n|-start|p1b: Flutter Mane|protosynthesisspe\n|turn|3\n|\n|t:|1769181279\n|-terastallize|p1b: Flutter Mane|Fairy\n|move|p1b: Flutter Mane|Moonblast|p2b: Arlie\n|-supereffective|p2b: Arlie\n|-crit|p2b: Arlie\n|-damage|p2b: Arlie|0 fnt\n|faint|p2b: Arlie\n|move|p1a: Calyrex|Encore|p2a: Zamazenta\n|-start|p2a: Zamazenta|Encore\n|move|p2a: Zamazenta|Body Press|p1b: Flutter Mane\n|-resisted|p1b: Flutter Mane\n|-damage|p1b: Flutter Mane|45/100\n|\n|upkeep\n|\n|t:|1769181296\n|switch|p2b: PinkPonyClub|Calyrex-Shadow, L50|100/100\n|-ability|p2b: PinkPonyClub|As One\n|-ability|p2b: PinkPonyClub|Unnerve\n|turn|4\n|\n|t:|1769181309\n|-terastallize|p2b: PinkPonyClub|Ghost\n|move|p1b: Flutter Mane|Shadow Ball|p2b: PinkPonyClub\n|-supereffective|p2b: PinkPonyClub\n|-damage|p2b: PinkPonyClub|19/100\n|move|p1a: Calyrex|Astral Barrage|p2a: Zamazenta|[spread] p2a,p2b\n|-supereffective|p2b: PinkPonyClub\n|-damage|p2a: Zamazenta|61/100\n|-damage|p2b: PinkPonyClub|0 fnt\n|faint|p2b: PinkPonyClub\n|-ability|p1a: Calyrex|Grim Neigh|boost\n|-boost|p1a: Calyrex|spa|1\n|move|p2a: Zamazenta|Body Press|p1b: Flutter Mane\n|-resisted|p1b: Flutter Mane\n|-damage|p1b: Flutter Mane|0 fnt\n|faint|p1b: Flutter Mane\n|-end|p1b: Flutter Mane|Protosynthesis|[silent]\n|\n|upkeep\n|\n|t:|1769181318\n|switch|p2b: Dragonite|Dragonite, L50, M|100/100\n|turn|5\n|\n|t:|1769181328\n|move|p1a: Calyrex|Astral Barrage|p2a: Zamazenta|[spread] p2a,p2b\n|-crit|p2b: Dragonite\n|-damage|p2a: Zamazenta|8/100\n|-damage|p2b: Dragonite|0 fnt\n|faint|p2b: Dragonite\n|-ability|p1a: Calyrex|Grim Neigh|boost\n|-boost|p1a: Calyrex|spa|1\n|move|p2a: Zamazenta|Body Press|p1a: Calyrex\n|-immune|p1a: Calyrex\n|\n|-end|p2a: Zamazenta|Encore\n|upkeep\n|turn|6\n|\n|t:|1769181340\n|move|p1a: Calyrex|Psychic|p2a: Zamazenta\n|-damage|p2a: Zamazenta|0 fnt\n|faint|p2a: Zamazenta\n|\n|win|Pelli69\n|raw|Pelli69's rating: 1224 &rarr; <strong>1260</strong><br />(+36 for winning)\n|raw|ky123456's rating: 1380 &rarr; <strong>1352</strong><br />(-28 for losing)\n|l|\u2606Pelli69\n|player|p1|\n|l|\u2606ky123456\n|player|p2|\n","uploadtime":1769181482,"views":11,"formatid":"gen9vgc2026regi","rating":1260,"private":0,"password":null}