{"id":"gen9vgc2026regi-2589355397","format":"[Gen 9] VGC 2026 Reg I","players":["Shagrathisbeast","Sunny_zong1"],"log":"|j|\u2606Shagrathisbeast\n|j|\u2606Sunny_zong1\n|t:|1776716548\n|gametype|doubles\n|player|p1|Shagrathisbeast|266|1389\n|player|p2|Sunny_zong1|bugsy|1431\n|gen|9\n|tier|[Gen 9] VGC 2026 Reg I\n|rated|\n|rule|Species Clause: Limit one of each Pok\u00e9mon\n|rule|Item Clause: Limit 1 of each item\n|clearpoke\n|poke|p1|Calyrex-Shadow, L50|\n|poke|p1|Clefairy, L50, M|\n|poke|p1|Urshifu-*, L50, M|\n|poke|p1|Tornadus, L50, M|\n|poke|p1|Rayquaza, L50|\n|poke|p1|Smeargle, L50, M|\n|poke|p2|Glimmora, L50, F|\n|poke|p2|Eternatus, L50|\n|poke|p2|Miraidon, L50|\n|poke|p2|Annihilape, L50, F|\n|poke|p2|Wo-Chien, L50|\n|poke|p2|Grimmsnarl, L50, M|\n|teampreview|4\n|inactive|Battle timer is ON: inactive players will automatically lose when time's up. (requested by Sunny_zong1)\n|inactive|Shagrathisbeast has 60 seconds left.\n|\n|t:|1776716593\n|teamsize|p1|4\n|teamsize|p2|4\n|start\n|switch|p1a: Calyrex|Calyrex-Shadow, L50|100/100\n|switch|p1b: Smeargle|Smeargle, L50, M, shiny|100/100\n|switch|p2a: Grimmsnarl|Grimmsnarl, L50, M|100/100\n|switch|p2b: Glimmora|Glimmora, L50, F|100/100\n|-ability|p1a: Calyrex|As One\n|-ability|p1a: Calyrex|Unnerve\n|turn|1\n|\n|t:|1776716614\n|move|p1b: Smeargle|Follow Me|p1b: Smeargle\n|-singleturn|p1b: Smeargle|move: Follow Me\n|move|p2a: Grimmsnarl|Light Screen|p2a: Grimmsnarl\n|-sidestart|p2: Sunny_zong1|move: Light Screen\n|move|p1a: Calyrex|Nasty Plot|p1a: Calyrex\n|-boost|p1a: Calyrex|spa|2\n|move|p2b: Glimmora|Mortal Spin|p1a: Calyrex|[spread] p1a,p1b\n|-resisted|p1a: Calyrex\n|-damage|p1a: Calyrex|98/100\n|-damage|p1b: Smeargle|89/100\n|-status|p1a: Calyrex|psn\n|-status|p1b: Smeargle|psn\n|\n|-damage|p1a: Calyrex|85/100 psn|[from] psn\n|-damage|p1b: Smeargle|77/100 psn|[from] psn\n|-ability|p1b: Smeargle|Moody|boost\n|-boost|p1b: Smeargle|atk|2\n|-unboost|p1b: Smeargle|spe|1\n|upkeep\n|turn|2\n|\n|t:|1776716637\n|move|p2a: Grimmsnarl|Reflect|p2a: Grimmsnarl\n|-sidestart|p2: Sunny_zong1|Reflect\n|move|p1a: Calyrex|Psychic|p2b: Glimmora\n|-supereffective|p2b: Glimmora\n|-enditem|p2b: Glimmora|Focus Sash\n|-damage|p2b: Glimmora|1/100\n|-damage|p1a: Calyrex|76/100 psn|[from] item: Life Orb\n|move|p2b: Glimmora|Toxic Spikes|p1b: Smeargle\n|-sidestart|p1: Shagrathisbeast|move: Toxic Spikes\n|move|p1b: Smeargle|Spore|p2a: Grimmsnarl\n|-status|p2a: Grimmsnarl|slp|[from] move: Spore\n|\n|-damage|p1a: Calyrex|64/100 psn|[from] psn\n|-damage|p1b: Smeargle|65/100 psn|[from] psn\n|-ability|p1b: Smeargle|Moody|boost\n|-boost|p1b: Smeargle|spa|2\n|-unboost|p1b: Smeargle|atk|1\n|upkeep\n|turn|3\n|inactive|Shagrathisbeast has 30 seconds left.\n|\n|t:|1776716671\n|switch|p2b: Wo-Chien|Wo-Chien, L50|100/100\n|-ability|p2b: Wo-Chien|Tablets of Ruin\n|move|p1a: Calyrex|Astral Barrage|p2b: Wo-Chien|[spread] p2a,p2b\n|-resisted|p2a: Grimmsnarl\n|-resisted|p2b: Wo-Chien\n|-damage|p2a: Grimmsnarl|63/100 slp\n|-damage|p2b: Wo-Chien|77/100\n|-damage|p1a: Calyrex|54/100 psn|[from] item: Life Orb\n|move|p1b: Smeargle|Decorate|p1a: Calyrex\n|-boost|p1a: Calyrex|atk|2\n|-boost|p1a: Calyrex|spa|2\n|cant|p2a: Grimmsnarl|slp\n|\n|-damage|p1a: Calyrex|42/100 psn|[from] psn\n|-damage|p1b: Smeargle|52/100 psn|[from] psn\n|-ability|p1b: Smeargle|Moody|boost\n|-boost|p1b: Smeargle|spd|2\n|-unboost|p1b: Smeargle|spa|1\n|upkeep\n|turn|4\n|inactive|Shagrathisbeast has 30 seconds left.\n|\n|t:|1776716698\n|switch|p1b: Rayquaza|Rayquaza, L50, shiny|100/100\n|-ability|p1b: Rayquaza|Air Lock\n|switch|p2a: Glimmora|Glimmora, L50, F|1/100\n|move|p2b: Wo-Chien|Protect|p2b: Wo-Chien\n|-singleturn|p2b: Wo-Chien|Protect\n|move|p1a: Calyrex|Astral Barrage|p2a: Glimmora|[spread] p2a\n|-activate|p2b: Wo-Chien|move: Protect\n|-damage|p2a: Glimmora|0 fnt\n|faint|p2a: Glimmora\n|-ability|p1a: Calyrex|Grim Neigh|boost\n|-boost|p1a: Calyrex|spa|1\n|-damage|p1a: Calyrex|32/100 psn|[from] item: Life Orb\n|\n|-damage|p1a: Calyrex|20/100 psn|[from] psn\n|upkeep\n|\n|t:|1776716704\n|switch|p2a: Eternatus|Eternatus, L50|100/100\n|-ability|p2a: Eternatus|Pressure\n|turn|5\n|\n|t:|1776716722\n|move|p1a: Calyrex|Protect|p1a: Calyrex\n|-singleturn|p1a: Calyrex|Protect\n|move|p2a: Eternatus|Protect|p2a: Eternatus\n|-singleturn|p2a: Eternatus|Protect\n|move|p1b: Rayquaza|Swords Dance|p1b: Rayquaza\n|-boost|p1b: Rayquaza|atk|2\n|move|p2b: Wo-Chien|Leech Seed|p1b: Rayquaza\n|-start|p1b: Rayquaza|move: Leech Seed\n|\n|-damage|p1b: Rayquaza|88/100|[from] Leech Seed|[of] p2b: Wo-Chien\n|-heal|p2b: Wo-Chien|91/100|[silent]\n|-damage|p1a: Calyrex|8/100 psn|[from] psn\n|upkeep\n|turn|6\n|\n|t:|1776716743\n|switch|p2a: Grimmsnarl|Grimmsnarl, L50, M|63/100 slp\n|move|p1a: Calyrex|Astral Barrage|p2a: Grimmsnarl|[spread] p2a,p2b\n|-resisted|p2a: Grimmsnarl\n|-resisted|p2b: Wo-Chien\n|-damage|p2a: Grimmsnarl|3/100 slp\n|-damage|p2b: Wo-Chien|48/100\n|-damage|p1a: Calyrex|0 fnt|[from] item: Life Orb\n|faint|p1a: Calyrex\n|move|p1b: Rayquaza|Dragon Ascent|p2b: Wo-Chien\n|-supereffective|p2b: Wo-Chien\n|-damage|p2b: Wo-Chien|0 fnt\n|-unboost|p1b: Rayquaza|def|1\n|-unboost|p1b: Rayquaza|spd|1\n|-damage|p1b: Rayquaza|72/100|[from] item: Rocky Helmet|[of] p2b: Wo-Chien\n|faint|p2b: Wo-Chien\n|\n|upkeep\n|\n|t:|1776716753\n|switch|p1a: Smeargle|Smeargle, L50, M, shiny|52/100 psn\n|switch|p2b: Eternatus|Eternatus, L50|100/100\n|-ability|p2b: Eternatus|Pressure\n|turn|7\n|\n|t:|1776716775\n|move|p1a: Smeargle|Fake Out|p2b: Eternatus\n|-crit|p2b: Eternatus\n|-damage|p2b: Eternatus|96/100\n|move|p1b: Rayquaza|Extreme Speed|p2a: Grimmsnarl\n|-damage|p2a: Grimmsnarl|0 fnt\n|faint|p2a: Grimmsnarl\n|cant|p2b: Eternatus|flinch\n|\n|-heal|p2b: Eternatus|100/100|[from] item: Leftovers\n|-damage|p1b: Rayquaza|59/100|[from] Leech Seed|[of] p2b: Eternatus\n|-damage|p1a: Smeargle|40/100 psn|[from] psn\n|-ability|p1a: Smeargle|Moody|boost\n|-boost|p1a: Smeargle|atk|2\n|-unboost|p1a: Smeargle|spd|1\n|upkeep\n|turn|8\n|\n|t:|1776716793\n|-terastallize|p2b: Eternatus|Grass\n|move|p1b: Rayquaza|Protect|p1b: Rayquaza\n|-singleturn|p1b: Rayquaza|Protect\n|move|p2b: Eternatus|Sludge Bomb|p1b: Rayquaza\n|-activate|p1b: Rayquaza|move: Protect\n|move|p1a: Smeargle|Spore|p2b: Eternatus\n|-immune|p2b: Eternatus\n|\n|-damage|p1b: Rayquaza|47/100|[from] Leech Seed|[of] p2b: Eternatus\n|-damage|p1a: Smeargle|28/100 psn|[from] psn\n|-sideend|p2: Sunny_zong1|move: Light Screen\n|-ability|p1a: Smeargle|Moody|boost\n|-boost|p1a: Smeargle|spa|2\n|-unboost|p1a: Smeargle|spd|1\n|upkeep\n|turn|9\n|\n|t:|1776716801\n|move|p1a: Smeargle|Follow Me|p1a: Smeargle\n|-singleturn|p1a: Smeargle|move: Follow Me\n|move|p2b: Eternatus|Sludge Bomb|p1a: Smeargle\n|-damage|p1a: Smeargle|0 fnt\n|faint|p1a: Smeargle\n|move|p1b: Rayquaza|Dragon Ascent|p2b: Eternatus\n|-supereffective|p2b: Eternatus\n|-damage|p2b: Eternatus|0 fnt\n|-unboost|p1b: Rayquaza|def|1\n|-unboost|p1b: Rayquaza|spd|1\n|faint|p2b: Eternatus\n|\n|win|Shagrathisbeast\n|raw|Shagrathisbeast's rating: 1389 &rarr; <strong>1411</strong><br />(+22 for winning)\n|raw|Sunny_zong1's rating: 1431 &rarr; <strong>1409</strong><br />(-22 for losing)\n|l|\u2606Sunny_zong1\n|player|p2|\n|l|\u2606Shagrathisbeast\n|player|p1|\n","uploadtime":1776717012,"views":9,"formatid":"gen9vgc2026regi","rating":1409,"private":0,"password":null}