{"id":"gen9vgc2026regi-2551456195","format":"[Gen 9] VGC 2026 Reg I","players":["yaasuto","I\u2764\ufe0f\u5a1c\u7984forever"],"log":"|j|\u2606yaasuto\n|j|\u2606I\u2764\ufe0f\u5a1c\u7984forever\n|t:|1772604599\n|gametype|doubles\n|player|p1|yaasuto|hilbert|1426\n|player|p2|I\u2764\ufe0f\u5a1c\u7984forever|youngcouple-gen4dp|1378\n|gen|9\n|tier|[Gen 9] VGC 2026 Reg I\n|rated|\n|rule|Species Clause: Limit one of each Pok\u00e9mon\n|rule|Item Clause: Limit 1 of each item\n|clearpoke\n|poke|p1|Zacian-*, L50|\n|poke|p1|Zamazenta-*, L50|\n|poke|p1|Chien-Pao, L50|\n|poke|p1|Rillaboom, L50, F|\n|poke|p1|Raging Bolt, L50|\n|poke|p1|Tornadus, L50, M|\n|poke|p2|Groudon, L50|\n|poke|p2|Kyurem-White, L50|\n|poke|p2|Heatran, L50, F|\n|poke|p2|Whimsicott, L50, F|\n|poke|p2|Roaring Moon, L50|\n|poke|p2|Ditto, L50|\n|teampreview|4\n|inactive|Battle timer is ON: inactive players will automatically lose when time's up. (requested by yaasuto)\n|\n|t:|1772604628\n|teamsize|p1|4\n|teamsize|p2|4\n|start\n|switch|p1a: Zamazenta|Zamazenta-Crowned, L50|100/100\n|switch|p1b: Tornadus|Tornadus, L50, M|100/100\n|switch|p2a: Kyurem|Kyurem-White, L50|100/100\n|switch|p2b: Whimsicott|Whimsicott, L50, F|100/100\n|-ability|p1a: Zamazenta|Dauntless Shield|boost\n|-boost|p1a: Zamazenta|def|1\n|-ability|p2a: Kyurem|Turboblaze\n|turn|1\n|\n|t:|1772604642\n|move|p1b: Tornadus|Tailwind|p1b: Tornadus\n|-sidestart|p1: yaasuto|move: Tailwind\n|move|p1a: Zamazenta|Body Press|p2a: Kyurem\n|-supereffective|p2a: Kyurem\n|-crit|p2a: Kyurem\n|-damage|p2a: Kyurem|0 fnt\n|faint|p2a: Kyurem\n|move|p2b: Whimsicott|Trick Room|p2b: Whimsicott\n|-fieldstart|move: Trick Room|[of] p2b: Whimsicott\n|\n|upkeep\n|inactive|I\u2764\ufe0f\u5a1c\u7984forever has 30 seconds left.\n|inactive|I\u2764\ufe0f\u5a1c\u7984forever has 20 seconds left.\n|inactive|I\u2764\ufe0f\u5a1c\u7984forever has 15 seconds left.\n|inactive|I\u2764\ufe0f\u5a1c\u7984forever has 10 seconds left.\n|inactive|I\u2764\ufe0f\u5a1c\u7984forever has 5 seconds left.\n|\n|t:|1772604697\n|switch|p2a: Groudon|Groudon, L50|100/100\n|-weather|SunnyDay|[from] ability: Drought|[of] p2a: Groudon\n|turn|2\n|inactive|I\u2764\ufe0f\u5a1c\u7984forever has 30 seconds left.\n|inactive|I\u2764\ufe0f\u5a1c\u7984forever has 20 seconds left.\n|inactive|I\u2764\ufe0f\u5a1c\u7984forever has 15 seconds left.\n|inactive|I\u2764\ufe0f\u5a1c\u7984forever has 10 seconds left.\n|inactive|I\u2764\ufe0f\u5a1c\u7984forever has 5 seconds left.\n|\n|t:|1772604752\n|-terastallize|p1a: Zamazenta|Grass\n|move|p2b: Whimsicott|Tailwind|p2b: Whimsicott\n|-sidestart|p2: I\u2764\ufe0f\u5a1c\u7984forever|move: Tailwind\n|move|p1b: Tornadus|Rain Dance|p1b: Tornadus\n|-weather|RainDance\n|move|p2a: Groudon|Precipice Blades|p1b: Tornadus|[spread] \n|-immune|p1b: Tornadus\n|-miss|p2a: Groudon|p1a: Zamazenta\n|move|p1a: Zamazenta|Body Press|p2a: Groudon\n|-damage|p2a: Groudon|57/100\n|\n|-weather|RainDance|[upkeep]\n|upkeep\n|turn|3\n|inactive|I\u2764\ufe0f\u5a1c\u7984forever has 30 seconds left.\n|\n|t:|1772604783\n|switch|p2b: Ditto|Ditto, L50|100/100\n|-transform|p2b: Ditto|p1a: Zamazenta|[from] ability: Imposter\n|-ability|p2b: Ditto|Dauntless Shield|boost\n|-boost|p2b: Ditto|def|1\n|move|p2a: Groudon|Iron Head|p1a: Zamazenta\n|-crit|p1a: Zamazenta\n|-damage|p1a: Zamazenta|73/100\n|move|p1b: Tornadus|Bleakwind Storm|p2b: Ditto|[spread] p2a,p2b\n|-damage|p2a: Groudon|32/100\n|-damage|p2b: Ditto|64/100\n|move|p1a: Zamazenta|Body Press|p2a: Groudon\n|-damage|p2a: Groudon|0 fnt\n|faint|p2a: Groudon\n|\n|-weather|RainDance|[upkeep]\n|upkeep\n|j| ConnerTEP\n|l| ConnerTEP\n|\n|t:|1772604797\n|switch|p2a: Whimsicott|Whimsicott, L50, F|100/100\n|-start|p2b: Ditto|typechange|Fighting/Steel|[silent]\n|turn|4\n|\n|t:|1772604807\n|move|p1a: Zamazenta|Protect|p1a: Zamazenta\n|-singleturn|p1a: Zamazenta|Protect\n|move|p1b: Tornadus|Bleakwind Storm|p2b: Ditto|[spread] p2a,p2b\n|-supereffective|p2a: Whimsicott\n|-enditem|p2a: Whimsicott|Focus Sash\n|-damage|p2a: Whimsicott|1/100\n|-damage|p2b: Ditto|27/100\n|move|p2b: Ditto|Behemoth Bash|p1b: Tornadus\n|-damage|p1b: Tornadus|42/100\n|move|p2a: Whimsicott|Endeavor|p1b: Tornadus\n|-damage|p1b: Tornadus|1/100\n|\n|-weather|RainDance|[upkeep]\n|-sideend|p1: yaasuto|move: Tailwind\n|upkeep\n|turn|5\n|\n|t:|1772604823\n|move|p1b: Tornadus|Bleakwind Storm|p2a: Whimsicott|[spread] p2a,p2b\n|-supereffective|p2a: Whimsicott\n|-damage|p2a: Whimsicott|0 fnt\n|-damage|p2b: Ditto|0 fnt\n|faint|p2a: Whimsicott\n|faint|p2b: Ditto\n|\n|win|yaasuto\n|raw|yaasuto's rating: 1426 &rarr; <strong>1443</strong><br />(+17 for winning)\n|raw|I\u2764\ufe0f\u5a1c\u7984forever's rating: 1378 &rarr; <strong>1361</strong><br />(-17 for losing)\n|l|\u2606I\u2764\ufe0f\u5a1c\u7984forever\n|player|p2|\n|l|\u2606yaasuto\n|player|p1|\n","uploadtime":1772605019,"views":17,"formatid":"gen9vgc2026regi","rating":1361,"private":0,"password":null}