{"id":"gen9vgc2026regi-2562481999","format":"[Gen 9] VGC 2026 Reg I","players":["tommytinkle","randomcatFFR"],"log":"|j|\u2606tommytinkle\n|j|\u2606randomcatFFR\n|t:|1773922583\n|gametype|doubles\n|player|p1|tommytinkle|266|1428\n|player|p2|randomcatFFR|bugcatcher-gen4dp|1412\n|gen|9\n|tier|[Gen 9] VGC 2026 Reg I\n|rated|\n|rule|Species Clause: Limit one of each Pok\u00e9mon\n|rule|Item Clause: Limit 1 of each item\n|clearpoke\n|poke|p1|Chien-Pao, L50|\n|poke|p1|Zacian-*, L50|\n|poke|p1|Urshifu-*, L50, M|\n|poke|p1|Lugia, L50|\n|poke|p1|Raichu, L50, M|\n|poke|p1|Dragonite, L50, M|\n|poke|p2|Miraidon, L50|\n|poke|p2|Incineroar, L50, M|\n|poke|p2|Whimsicott, L50, M|\n|poke|p2|Urshifu-*, L50, M|\n|poke|p2|Lunala, L50|\n|poke|p2|Ursaluna, L50, M|\n|teampreview|4\n|inactive|Battle timer is ON: inactive players will automatically lose when time's up. (requested by tommytinkle)\n|\n|t:|1773922607\n|teamsize|p1|4\n|teamsize|p2|4\n|start\n|switch|p1a: Urshifu|Urshifu-Rapid-Strike, L50, M|100/100\n|switch|p1b: Lugia|Lugia, L50|100/100\n|switch|p2a: Incineroar|Incineroar, L50, M|100/100\n|switch|p2b: Lunala|Lunala, L50|100/100\n|-ability|p2a: Incineroar|Intimidate|boost\n|-unboost|p1a: Urshifu|atk|1\n|-unboost|p1b: Lugia|atk|1\n|turn|1\n|\n|t:|1773922631\n|-terastallize|p1b: Lugia|Water\n|move|p1a: Urshifu|Surging Strikes|p2a: Incineroar\n|-supereffective|p2a: Incineroar\n|-crit|p2a: Incineroar\n|-damage|p2a: Incineroar|62/100\n|-supereffective|p2a: Incineroar\n|-crit|p2a: Incineroar\n|-damage|p2a: Incineroar|24/100\n|-supereffective|p2a: Incineroar\n|-crit|p2a: Incineroar\n|-damage|p2a: Incineroar|0 fnt\n|faint|p2a: Incineroar\n|-hitcount|p2: Incineroar|3\n|move|p1b: Lugia|Calm Mind|p1b: Lugia\n|-boost|p1b: Lugia|spa|1\n|-boost|p1b: Lugia|spd|1\n|move|p2b: Lunala|Trick Room|p2b: Lunala\n|-fieldstart|move: Trick Room|[of] p2b: Lunala\n|\n|upkeep\n|\n|t:|1773922637\n|switch|p2a: Ursaluna|Ursaluna, L50, M|100/100\n|turn|2\n|inactive|tommytinkle has 30 seconds left.\n|\n|t:|1773922666\n|move|p2a: Ursaluna|Facade|p1a: Urshifu\n|-damage|p1a: Urshifu|59/100\n|move|p2b: Lunala|Moonblast|p1a: Urshifu\n|-supereffective|p1a: Urshifu\n|-damage|p1a: Urshifu|0 fnt\n|faint|p1a: Urshifu\n|move|p1b: Lugia|Aeroblast|p2b: Lunala\n|-damage|p2b: Lunala|84/100\n|\n|-status|p2a: Ursaluna|brn|[from] item: Flame Orb\n|upkeep\n|\n|t:|1773922674\n|switch|p1a: Raichu|Raichu, L50, M|100/100\n|turn|3\n|\n|t:|1773922684\n|-terastallize|p2a: Ursaluna|Ghost\n|move|p1a: Raichu|Fake Out|p2a: Ursaluna\n|-immune|p2a: Ursaluna\n|move|p2a: Ursaluna|Facade|p1b: Lugia\n|-damage|p1b: Lugia|67/100\n|move|p2b: Lunala|Moongeist Beam|p1b: Lugia\n|-damage|p1b: Lugia|46/100\n|move|p1b: Lugia|Aeroblast|p2b: Lunala\n|-damage|p2b: Lunala|51/100\n|\n|-heal|p1b: Lugia|52/100|[from] item: Leftovers\n|-damage|p2a: Ursaluna|95/100 brn|[from] brn\n|upkeep\n|turn|4\n|inactive|randomcatFFR has 30 seconds left.\n|inactive|randomcatFFR has 20 seconds left.\n|\n|t:|1773922721\n|move|p2a: Ursaluna|Facade|p1b: Lugia\n|-damage|p1b: Lugia|0 fnt\n|faint|p1b: Lugia\n|move|p2b: Lunala|Moongeist Beam|p1a: Raichu\n|-crit|p1a: Raichu\n|-damage|p1a: Raichu|35/100\n|move|p1a: Raichu|Nuzzle|p2b: Lunala\n|-damage|p2b: Lunala|47/100\n|-status|p2b: Lunala|par\n|\n|-damage|p2a: Ursaluna|89/100 brn|[from] brn\n|upkeep\n|\n|t:|1773922725\n|switch|p1b: Zacian|Zacian-Crowned, L50|100/100\n|-ability|p1b: Zacian|Intrepid Sword|boost\n|-boost|p1b: Zacian|atk|1\n|turn|5\n|\n|t:|1773922745\n|move|p1b: Zacian|Protect|p1b: Zacian\n|-singleturn|p1b: Zacian|Protect\n|move|p2b: Lunala|Moongeist Beam|p1b: Zacian\n|-activate|p1b: Zacian|move: Protect\n|move|p2a: Ursaluna|Facade|p1a: Raichu\n|-damage|p1a: Raichu|0 fnt\n|faint|p1a: Raichu\n|\n|-damage|p2a: Ursaluna|83/100 brn|[from] brn\n|-fieldend|move: Trick Room\n|upkeep\n|turn|6\n|\n|t:|1773922759\n|move|p2a: Ursaluna|Protect|p2a: Ursaluna\n|-singleturn|p2a: Ursaluna|Protect\n|move|p1b: Zacian|Play Rough|p2b: Lunala\n|-damage|p2b: Lunala|0 fnt\n|faint|p2b: Lunala\n|\n|-damage|p2a: Ursaluna|77/100 brn|[from] brn\n|upkeep\n|\n|t:|1773922764\n|switch|p2b: Miraidon|Miraidon, L50|100/100\n|-fieldstart|move: Electric Terrain|[from] ability: Hadron Engine|[of] p2b: Miraidon\n|turn|7\n|\n|t:|1773922771\n|move|p1b: Zacian|Behemoth Blade|p2a: Ursaluna\n|-damage|p2a: Ursaluna|11/100 brn\n|move|p2b: Miraidon|Electro Drift|p1b: Zacian\n|-damage|p1b: Zacian|0 fnt\n|faint|p1b: Zacian\n|-damage|p2b: Miraidon|91/100|[from] item: Life Orb\n|\n|win|randomcatFFR\n|raw|tommytinkle's rating: 1428 &rarr; <strong>1407</strong><br />(-21 for losing)\n|raw|randomcatFFR's rating: 1412 &rarr; <strong>1433</strong><br />(+21 for winning)\n|l|\u2606tommytinkle\n|player|p1|\n|c|\u2606randomcatFFR|gg\n|l|\u2606randomcatFFR\n|player|p2|\n","uploadtime":1773922978,"views":12,"formatid":"gen9vgc2026regi","rating":1407,"private":0,"password":null}