{"id":"gen9vgc2026regi-2526405613","format":"[Gen 9] VGC 2026 Reg I","players":["IceColdZekrom","lalo's pollos"],"log":"|j|\u2606IceColdZekrom\n|j|\u2606lalo's pollos\n|t:|1769408807\n|gametype|doubles\n|player|p1|IceColdZekrom|eusine|1291\n|player|p2|lalo's pollos|266|1369\n|gen|9\n|tier|[Gen 9] VGC 2026 Reg I\n|rated|\n|rule|Species Clause: Limit one of each Pok\u00e9mon\n|rule|Item Clause: Limit 1 of each item\n|clearpoke\n|poke|p1|Miraidon, L50|\n|poke|p1|Landorus, L50, M|\n|poke|p1|Iron Valiant, L50|\n|poke|p1|Ogerpon-Wellspring, L50, F|\n|poke|p1|Incineroar, L50, F|\n|poke|p1|Zamazenta-*, L50|\n|poke|p2|Miraidon, L50|\n|poke|p2|Landorus, L50, M|\n|poke|p2|Incineroar, L50, F|\n|poke|p2|Iron Bundle, L50|\n|poke|p2|Farigiraf, L50, M|\n|poke|p2|Calyrex-Ice, L50|\n|teampreview|4\n|\n|t:|1769408878\n|teamsize|p1|4\n|teamsize|p2|4\n|start\n|switch|p1a: Zamazenta|Zamazenta-Crowned, L50|100/100\n|switch|p1b: Ogerpon|Ogerpon-Wellspring, L50, F|100/100\n|switch|p2a: Co-Star|Miraidon, L50|100/100\n|switch|p2b: the Star|Iron Bundle, L50|100/100\n|-fieldstart|move: Electric Terrain|[from] ability: Hadron Engine|[of] p2a: Co-Star\n|-activate|p2b: the Star|ability: Quark Drive\n|-start|p2b: the Star|quarkdrivespe\n|-ability|p1a: Zamazenta|Dauntless Shield|boost\n|-boost|p1a: Zamazenta|def|1\n|turn|1\n|inactive|Battle timer is ON: inactive players will automatically lose when time's up. (requested by lalo's pollos)\n|inactive|lalo's pollos has 60 seconds left.\n|\n|t:|1769408909\n|move|p1b: Ogerpon|Spiky Shield|p1b: Ogerpon\n|-singleturn|p1b: Ogerpon|move: Protect\n|move|p2b: the Star|Freeze-Dry|p1b: Ogerpon\n|-activate|p1b: Ogerpon|move: Protect\n|move|p2a: Co-Star|Electro Drift|p1a: Zamazenta\n|-damage|p1a: Zamazenta|16/100\n|move|p1a: Zamazenta|Body Press|p2a: Co-Star\n|-damage|p2a: Co-Star|33/100\n|\n|upkeep\n|turn|2\n|inactive|IceColdZekrom has 30 seconds left.\n|inactive|IceColdZekrom has 20 seconds left.\n|inactive|IceColdZekrom has 15 seconds left.\n|\n|t:|1769408954\n|switch|p1a: Miraidon|Miraidon, L50|100/100\n|-activate|p1a: Miraidon|ability: Hadron Engine\n|-enditem|p1a: Miraidon|Electric Seed\n|-boost|p1a: Miraidon|def|1|[from] item: Electric Seed\n|switch|p1b: Incineroar|Incineroar, L50, F|100/100\n|-ability|p1b: Incineroar|Intimidate|boost\n|-unboost|p2a: Co-Star|atk|1\n|-unboost|p2b: the Star|atk|1\n|move|p2b: the Star|Freeze-Dry|p1b: Incineroar\n|-resisted|p1b: Incineroar\n|-damage|p1b: Incineroar|88/100\n|move|p2a: Co-Star|Electro Drift|p1a: Miraidon\n|-resisted|p1a: Miraidon\n|-damage|p1a: Miraidon|78/100\n|\n|upkeep\n|turn|3\n|\n|t:|1769408979\n|-end|p2b: the Star|Quark Drive|[silent]\n|switch|p2b: the Manager|Farigiraf, L50, M|100/100\n|-terastallize|p1a: Miraidon|Fairy\n|move|p1b: Incineroar|Fake Out||[still]\n|cant|p2b: the Manager|ability: Armor Tail|Fake Out|[of] p1b: Incineroar\n|move|p2a: Co-Star|Electro Drift|p1b: Incineroar\n|-damage|p1b: Incineroar|0 fnt\n|-damage|p2a: Co-Star|17/100|[from] item: Rocky Helmet|[of] p1b: Incineroar\n|faint|p1b: Incineroar\n|move|p1a: Miraidon|Parabolic Charge|p2b: the Manager|[spread] p2a,p2b\n|-resisted|p2a: Co-Star\n|-damage|p2a: Co-Star|7/100\n|-heal|p1a: Miraidon|83/100|[from] drain|[of] p2a: Co-Star\n|-damage|p2b: the Manager|73/100\n|-heal|p1a: Miraidon|99/100|[from] drain|[of] p2b: the Manager\n|\n|upkeep\n|\n|t:|1769408995\n|switch|p1b: Ogerpon|Ogerpon-Wellspring, L50, F|100/100\n|turn|4\n|\n|t:|1769409003\n|move|p2b: the Manager|Helping Hand|p2a: Co-Star\n|-singleturn|p2a: Co-Star|Helping Hand|[of] p2b: the Manager\n|move|p1b: Ogerpon|Spiky Shield|p1b: Ogerpon\n|-singleturn|p1b: Ogerpon|move: Protect\n|move|p2a: Co-Star|Electro Drift|p1a: Miraidon\n|-crit|p1a: Miraidon\n|-damage|p1a: Miraidon|0 fnt\n|faint|p1a: Miraidon\n|\n|upkeep\n|inactive|IceColdZekrom has 30 seconds left.\n|inactive|IceColdZekrom has 20 seconds left.\n|inactive|IceColdZekrom has 15 seconds left.\n|inactive|IceColdZekrom has 10 seconds left.\n|inactive|IceColdZekrom has 5 seconds left.\n|\n|t:|1769409058\n|switch|p1a: Zamazenta|Zamazenta-Crowned, L50|16/100\n|turn|5\n|inactive|IceColdZekrom has 30 seconds left.\n|inactive|IceColdZekrom has 20 seconds left.\n|inactive|IceColdZekrom has 15 seconds left.\n|inactive|IceColdZekrom has 10 seconds left.\n|inactive|IceColdZekrom has 5 seconds left.\n|j| riyuezi\n|\n|t:|1769409113\n|move|p2b: the Manager|Helping Hand|p2a: Co-Star\n|-singleturn|p2a: Co-Star|Helping Hand|[of] p2b: the Manager\n|move|p2a: Co-Star|Electro Drift|p1b: Ogerpon\n|-damage|p1b: Ogerpon|0 fnt\n|faint|p1b: Ogerpon\n|move|p1a: Zamazenta|Body Press|p2b: the Manager\n|-damage|p2b: the Manager|21/100\n|\n|-fieldend|move: Electric Terrain\n|upkeep\n|turn|6\n|-message|IceColdZekrom forfeited.\n|\n|win|lalo's pollos\n|raw|IceColdZekrom's rating: 1291 &rarr; <strong>1272</strong><br />(-19 for losing)\n|raw|lalo&apos;s pollos's rating: 1369 &rarr; <strong>1385</strong><br />(+16 for winning)\n|l|\u2606IceColdZekrom\n|player|p1|\n|l|\u2606lalo's pollos\n|player|p2|\n|l| riyuezi\n","uploadtime":1769409337,"views":11,"formatid":"gen9vgc2026regi","rating":1272,"private":0,"password":null}