{"id":"gen9vgc2026regi-2562584649","format":"[Gen 9] VGC 2026 Reg I","players":["Mirthinion","trchlt1"],"log":"|j|\u2606Mirthinion\n|j|\u2606trchlt1\n|t:|1773932432\n|gametype|doubles\n|player|p1|Mirthinion|janitor|1397\n|player|p2|trchlt1|101|1512\n|gen|9\n|tier|[Gen 9] VGC 2026 Reg I\n|rated|\n|rule|Species Clause: Limit one of each Pok\u00e9mon\n|rule|Item Clause: Limit 1 of each item\n|clearpoke\n|poke|p1|Calyrex-Shadow, L50|\n|poke|p1|Zamazenta-*, L50|\n|poke|p1|Urshifu-*, L50, M|\n|poke|p1|Incineroar, L50, M|\n|poke|p1|Rillaboom, L50, M|\n|poke|p1|Tornadus, L50, M|\n|poke|p2|Calyrex-Shadow, L50|\n|poke|p2|Dragonite, L50, M|\n|poke|p2|Chien-Pao, L50|\n|poke|p2|Raging Bolt, L50|\n|poke|p2|Amoonguss, L50, F|\n|poke|p2|Zamazenta-*, L50|\n|teampreview|4\n|inactive|Battle timer is ON: inactive players will automatically lose when time's up. (requested by Mirthinion)\nMirthinion rejected open team sheets.\n|inactive|Mirthinion has 60 seconds left.\n|\n|t:|1773932465\n|teamsize|p1|4\n|teamsize|p2|4\n|start\n|switch|p1a: Vangwe|Tornadus, L50, M|100/100\n|switch|p1b: Beowulf|Urshifu-Rapid-Strike, L50, M|100/100\n|switch|p2a: Amoonguss|Amoonguss, L50, F|100/100\n|switch|p2b: Raging Bolt|Raging Bolt, L50|100/100\n|-enditem|p2b: Raging Bolt|Booster Energy\n|-activate|p2b: Raging Bolt|ability: Protosynthesis|[fromitem]\n|-start|p2b: Raging Bolt|protosynthesisspa\n|turn|1\n|\n|t:|1773932481\n|switch|p1b: Drambor|Zamazenta-Crowned, L50|100/100\n|-ability|p1b: Drambor|Dauntless Shield|boost\n|-boost|p1b: Drambor|def|1\n|-terastallize|p1a: Vangwe|Steel\n|move|p1a: Vangwe|Taunt|p2a: Amoonguss\n|-start|p2a: Amoonguss|move: Taunt\n|move|p2b: Raging Bolt|Thunderbolt|p1b: Drambor\n|-damage|p1b: Drambor|50/100\n|cant|p2a: Amoonguss|move: Taunt|Spore\n|\n|upkeep\n|turn|2\n|\n|t:|1773932496\n|switch|p2a: Zamazenta|Zamazenta-Crowned, L50|100/100\n|-ability|p2a: Zamazenta|Dauntless Shield|boost\n|-boost|p2a: Zamazenta|def|1\n|move|p1b: Drambor|Body Press|p2b: Raging Bolt\n|-damage|p2b: Raging Bolt|42/100\n|move|p1a: Vangwe|Bleakwind Storm|p2b: Raging Bolt|[spread] p2b\n|-miss|p1a: Vangwe|p2a: Zamazenta\n|-resisted|p2b: Raging Bolt\n|-damage|p2b: Raging Bolt|28/100\n|move|p2b: Raging Bolt|Thunderbolt|p1b: Drambor\n|-damage|p1b: Drambor|3/100\n|-status|p1b: Drambor|par\n|\n|upkeep\n|turn|3\n|j| KittyPON2\n|\n|t:|1773932514\n|move|p1a: Vangwe|Taunt|p2a: Zamazenta\n|-start|p2a: Zamazenta|move: Taunt\n|move|p2b: Raging Bolt|Thunderclap|p1b: Drambor\n|-damage|p1b: Drambor|0 fnt\n|faint|p1b: Drambor\n|move|p2a: Zamazenta|Body Press|p1a: Vangwe\n|-supereffective|p1a: Vangwe\n|-damage|p1a: Vangwe|0 fnt\n|faint|p1a: Vangwe\n|\n|upkeep\n|\n|t:|1773932524\n|switch|p1b: Mithrandir|Calyrex-Shadow, L50|100/100\n|switch|p1a: Beowulf|Urshifu-Rapid-Strike, L50, M|100/100\n|-ability|p1b: Mithrandir|As One\n|-ability|p1b: Mithrandir|Unnerve\n|turn|4\n|\n|t:|1773932535\n|move|p1a: Beowulf|Aqua Jet|p2b: Raging Bolt\n|-resisted|p2b: Raging Bolt\n|-damage|p2b: Raging Bolt|15/100\n|move|p2b: Raging Bolt|Thunderclap|p1b: Mithrandir\n|-damage|p1b: Mithrandir|56/100\n|move|p1b: Mithrandir|Astral Barrage|p2b: Raging Bolt|[spread] p2a,p2b\n|-crit|p2b: Raging Bolt\n|-damage|p2a: Zamazenta|61/100\n|-damage|p2b: Raging Bolt|0 fnt\n|faint|p2b: Raging Bolt\n|-end|p2b: Raging Bolt|Protosynthesis|[silent]\n|-ability|p1b: Mithrandir|Grim Neigh|boost\n|-boost|p1b: Mithrandir|spa|1\n|move|p2a: Zamazenta|Behemoth Bash|p1b: Mithrandir\n|-damage|p1b: Mithrandir|17/100\n|\n|upkeep\n|\n|t:|1773932551\n|switch|p2b: Calyrex|Calyrex-Shadow, L50|100/100\n|-ability|p2b: Calyrex|As One\n|-ability|p2b: Calyrex|Unnerve\n|turn|5\n|\n|t:|1773932558\n|move|p1a: Beowulf|Aqua Jet|p2b: Calyrex\n|-damage|p2b: Calyrex|60/100\n|move|p2b: Calyrex|Astral Barrage|p1b: Mithrandir|[spread] p1a,p1b\n|-supereffective|p1b: Mithrandir\n|-damage|p1a: Beowulf|18/100\n|-damage|p1b: Mithrandir|0 fnt\n|faint|p1b: Mithrandir\n|-ability|p2b: Calyrex|Grim Neigh|boost\n|-boost|p2b: Calyrex|spa|1\n|move|p2a: Zamazenta|Body Press|p1a: Beowulf\n|-damage|p1a: Beowulf|0 fnt\n|faint|p1a: Beowulf\n|\n|win|trchlt1\n|raw|Mirthinion's rating: 1397 &rarr; <strong>1383</strong><br />(-14 for losing)\n|raw|trchlt1's rating: 1512 &rarr; <strong>1526</strong><br />(+14 for winning)\n|l|\u2606trchlt1\n|player|p2|\n","uploadtime":1773932572,"views":80,"formatid":"gen9vgc2026regi","rating":1383,"private":0,"password":null}