{"id":"gen9vgc2026regi-2579942632","format":"[Gen 9] VGC 2026 Reg I","players":["Sheevp","2LOOKKKAP"],"log":"|j|\u2606Sheevp\n|j|\u26062LOOKKKAP\n|t:|1775840701\n|gametype|doubles\n|player|p1|Sheevp|101|1427\n|player|p2|2LOOKKKAP|2|1457\n|gen|9\n|tier|[Gen 9] VGC 2026 Reg I\n|rated|\n|rule|Species Clause: Limit one of each Pok\u00e9mon\n|rule|Item Clause: Limit 1 of each item\n|clearpoke\n|poke|p1|Calyrex-Ice, L50|\n|poke|p1|Kyogre, L50|\n|poke|p1|Smeargle, L50, M|\n|poke|p1|Roaring Moon, L50|\n|poke|p1|Landorus, L50, M|\n|poke|p1|Ogerpon-Cornerstone, L50, F|\n|poke|p2|Dondozo, L50, F|\n|poke|p2|Tatsugiri, L50, F|\n|poke|p2|Calyrex-Shadow, L50|\n|poke|p2|Kyogre, L50|\n|poke|p2|Rillaboom, L50, F|\n|poke|p2|Raichu, L50, M|\n|teampreview|4\n|inactive|Battle timer is ON: inactive players will automatically lose when time's up. (requested by 2LOOKKKAP)\n|\n|t:|1775840721\n|teamsize|p1|4\n|teamsize|p2|4\n|start\n|switch|p1a: Roaring Moon|Roaring Moon, L50|100/100\n|switch|p1b: Kyogre|Kyogre, L50|100/100\n|switch|p2a: Calyrex|Calyrex-Shadow, L50|100/100\n|switch|p2b: Kyogre|Kyogre, L50|100/100\n|-ability|p2a: Calyrex|As One\n|-ability|p2a: Calyrex|Unnerve\n|-weather|RainDance|[from] ability: Drizzle|[of] p2b: Kyogre\n|-enditem|p1a: Roaring Moon|Booster Energy\n|-activate|p1a: Roaring Moon|ability: Protosynthesis|[fromitem]\n|-start|p1a: Roaring Moon|protosynthesisspe\n|turn|1\n|\n|t:|1775840736\n|switch|p2a: Dondozo|Dondozo, L50, F|100/100\n|move|p1b: Kyogre|Protect|p1b: Kyogre\n|-singleturn|p1b: Kyogre|Protect\n|move|p1a: Roaring Moon|Knock Off|p2a: Dondozo\n|-damage|p2a: Dondozo|70/100\n|-enditem|p2a: Dondozo|Leftovers|[from] move: Knock Off|[of] p1a: Roaring Moon\n|move|p2b: Kyogre|Ice Beam|p1a: Roaring Moon\n|-supereffective|p1a: Roaring Moon\n|-crit|p1a: Roaring Moon\n|-damage|p1a: Roaring Moon|4/100\n|-status|p1a: Roaring Moon|frz\n|\n|-weather|RainDance|[upkeep]\n|upkeep\n|turn|2\n|\n|t:|1775840755\n|switch|p2b: Tatsugiri|Tatsugiri, L50, F|100/100\n|-activate|p2b: Tatsugiri|ability: Commander|[of] p2a: Dondozo\n|-boost|p2a: Dondozo|atk|2\n|-boost|p2a: Dondozo|spa|2\n|-boost|p2a: Dondozo|spe|2\n|-boost|p2a: Dondozo|def|2\n|-boost|p2a: Dondozo|spd|2\n|cant|p1a: Roaring Moon|frz\n|move|p1b: Kyogre|Water Spout|p2b: Tatsugiri|[spread] p2a\n|-miss|p1b: Kyogre|p2b: Tatsugiri\n|-resisted|p2a: Dondozo\n|-damage|p2a: Dondozo|42/100\n|move|p2a: Dondozo|Surf|p1b: Kyogre|[spread] p1a,p1b\n|-miss|p2a: Dondozo|p2b: Tatsugiri\n|-resisted|p1a: Roaring Moon\n|-resisted|p1b: Kyogre\n|-damage|p1a: Roaring Moon|0 fnt\n|-damage|p1b: Kyogre|75/100\n|faint|p1a: Roaring Moon\n|-end|p1a: Roaring Moon|Protosynthesis|[silent]\n|\n|-weather|RainDance|[upkeep]\n|upkeep\n|\n|t:|1775840773\n|switch|p1a: Calyrex|Calyrex-Ice, L50|100/100\n|-ability|p1a: Calyrex|As One\n|-ability|p1a: Calyrex|Unnerve\n|turn|3\n|\n|t:|1775840783\n|-terastallize|p2a: Dondozo|Water\n|move|p1b: Kyogre|Origin Pulse|p2a: Dondozo|[spread] p2a\n|-miss|p1b: Kyogre|p2b: Tatsugiri\n|-resisted|p2a: Dondozo\n|-damage|p2a: Dondozo|18/100\n|move|p2a: Dondozo|Surf|p1a: Calyrex|[spread] p1a,p1b\n|-miss|p2a: Dondozo|p2b: Tatsugiri\n|-resisted|p1b: Kyogre\n|-damage|p1a: Calyrex|43/100\n|-damage|p1b: Kyogre|41/100\n|move|p1a: Calyrex|Trick Room|p1a: Calyrex\n|-fieldstart|move: Trick Room|[of] p1a: Calyrex\n|\n|-weather|RainDance|[upkeep]\n|-heal|p1a: Calyrex|48/100|[from] item: Leftovers\n|upkeep\n|turn|4\n|j| fallacy277\n|\n|t:|1775840806\n|move|p2a: Dondozo|Protect|p2a: Dondozo\n|-singleturn|p2a: Dondozo|Protect\n|move|p1a: Calyrex|Glacial Lance|p2b: Tatsugiri|[spread] \n|-miss|p1a: Calyrex|p2b: Tatsugiri\n|-activate|p2a: Dondozo|move: Protect\n|move|p1b: Kyogre|Origin Pulse|p2a: Dondozo|[spread] \n|-miss|p1b: Kyogre|p2b: Tatsugiri\n|-activate|p2a: Dondozo|move: Protect\n|\n|-weather|RainDance|[upkeep]\n|-heal|p1a: Calyrex|54/100|[from] item: Leftovers\n|upkeep\n|turn|5\n|\n|t:|1775840817\n|move|p1a: Calyrex|Glacial Lance|p2a: Dondozo|[spread] p2a\n|-miss|p1a: Calyrex|p2b: Tatsugiri\n|-resisted|p2a: Dondozo\n|-damage|p2a: Dondozo|9/100\n|move|p2a: Dondozo|Surf|p1b: Kyogre|[spread] p1a,p1b\n|-miss|p2a: Dondozo|p2b: Tatsugiri\n|-resisted|p1b: Kyogre\n|-damage|p1a: Calyrex|0 fnt\n|-damage|p1b: Kyogre|9/100\n|faint|p1a: Calyrex\n|move|p1b: Kyogre|Water Spout|p2a: Dondozo|[spread] p2a\n|-miss|p1b: Kyogre|p2b: Tatsugiri\n|-resisted|p2a: Dondozo\n|-damage|p2a: Dondozo|6/100\n|\n|-weather|none\n|upkeep\n|\n|t:|1775840831\n|switch|p1a: Ogerpon|Ogerpon-Cornerstone, L50, F|100/100\n|turn|6\n|\n|t:|1775840835\n|move|p1b: Kyogre|Protect|p1b: Kyogre\n|-singleturn|p1b: Kyogre|Protect\n|move|p2a: Dondozo|Surf|p1a: Ogerpon|[spread] p1a\n|-miss|p2a: Dondozo|p2b: Tatsugiri\n|-activate|p1b: Kyogre|move: Protect\n|-damage|p1a: Ogerpon|29/100\n|move|p1a: Ogerpon|Horn Leech|p2a: Dondozo\n|-supereffective|p2a: Dondozo\n|-damage|p2a: Dondozo|0 fnt\n|-heal|p1a: Ogerpon|34/100|[from] drain|[of] p2a: Dondozo\n|faint|p2a: Dondozo\n|\n|upkeep\n|l|\u2606Sheevp\n|inactive|Sheevp disconnected and has a minute to reconnect!\n|player|p1|\n|inactive|2LOOKKKAP has 30 seconds left.\n|j|\u2606Sheevp\n|inactive|Sheevp reconnected.\n|player|p1|Sheevp|101|\n|\n|t:|1775840865\n|switch|p2a: Calyrex|Calyrex-Shadow, L50|100/100\n|-ability|p2a: Calyrex|As One\n|-ability|p2a: Calyrex|Unnerve\n|turn|7\n|\n|t:|1775840875\n|move|p1b: Kyogre|Origin Pulse|p2a: Calyrex|[spread] p2a\n|-miss|p1b: Kyogre|p2b: Tatsugiri\n|-damage|p2a: Calyrex|42/100\n|move|p2b: Tatsugiri|Dragon Pulse|p1a: Ogerpon\n|-damage|p1a: Ogerpon|0 fnt\n|faint|p1a: Ogerpon\n|move|p2a: Calyrex|Astral Barrage|p1b: Kyogre\n|-damage|p1b: Kyogre|0 fnt\n|faint|p1b: Kyogre\n|\n|win|2LOOKKKAP\n|raw|Sheevp's rating: 1427 &rarr; <strong>1409</strong><br />(-18 for losing)\n|raw|2LOOKKKAP's rating: 1457 &rarr; <strong>1475</strong><br />(+18 for winning)\n|l|\u2606Sheevp\n|player|p1|\n|l|\u26062LOOKKKAP\n|player|p2|\n","uploadtime":1775841105,"views":10,"formatid":"gen9vgc2026regi","rating":1409,"private":0,"password":null}