{"id":"gen9vgc2026regi-2561813979","format":"[Gen 9] VGC 2026 Reg I","players":["TerraDelta","Jonen"],"log":"|j|\u2606TerraDelta\n|j|\u2606Jonen\n|t:|1773845941\n|gametype|doubles\n|player|p1|TerraDelta|clair|1222\n|player|p2|Jonen|hiker-gen4|1301\n|gen|9\n|tier|[Gen 9] VGC 2026 Reg I\n|rated|\n|rule|Species Clause: Limit one of each Pok\u00e9mon\n|rule|Item Clause: Limit 1 of each item\n|clearpoke\n|poke|p1|Terapagos, L50, M|\n|poke|p1|Lunala, L50|\n|poke|p1|Incineroar, L50, F|\n|poke|p1|Urshifu-*, L50, M|\n|poke|p1|Ogerpon-Cornerstone, L50, F|\n|poke|p1|Indeedee-F, L50, F|\n|poke|p2|Groudon, L50|\n|poke|p2|Lunala, L50|\n|poke|p2|Sableye, L50, M|\n|poke|p2|Chi-Yu, L50|\n|poke|p2|Rillaboom, L50, M|\n|poke|p2|Jumpluff, L50, F|\n|teampreview|4\n|\n|t:|1773845997\n|teamsize|p1|4\n|teamsize|p2|4\n|start\n|switch|p1a: Incineroar|Incineroar, L50, F|100/100\n|switch|p1b: Ogerpon|Ogerpon-Cornerstone, L50, F|100/100\n|switch|p2a: Lunala|Lunala, L50|100/100\n|switch|p2b: Sableye|Sableye, L50, M|100/100\n|-ability|p1a: Incineroar|Intimidate|boost\n|-unboost|p2a: Lunala|atk|1\n|-unboost|p2b: Sableye|atk|1\n|turn|1\n|\n|t:|1773846048\n|move|p2a: Lunala|Protect|p2a: Lunala\n|-singleturn|p2a: Lunala|Protect\n|move|p2b: Sableye|Gravity|p2b: Sableye\n|-fieldstart|move: Gravity\n|move|p1b: Ogerpon|Ivy Cudgel|p2b: Sableye|[anim] Ivy Cudgel Rock\n|-damage|p2b: Sableye|43/100\n|move|p1a: Incineroar|Knock Off|p2a: Lunala\n|-activate|p2a: Lunala|move: Protect\n|\n|upkeep\n|turn|2\n|\n|t:|1773846058\n|move|p2b: Sableye|Disable|p1b: Ogerpon\n|-start|p1b: Ogerpon|Disable|Ivy Cudgel\n|cant|p1b: Ogerpon|Disable|Ivy Cudgel\n|move|p2a: Lunala|Meteor Beam||[still]\n|-prepare|p2a: Lunala|Meteor Beam\n|-boost|p2a: Lunala|spa|1\n|-enditem|p2a: Lunala|Power Herb\n|-anim|p2a: Lunala|Meteor Beam|p1a: Incineroar\n|-supereffective|p1a: Incineroar\n|-damage|p1a: Incineroar|29/100\n|move|p1a: Incineroar|Knock Off|p2a: Lunala\n|-supereffective|p2a: Lunala\n|-damage|p2a: Lunala|49/100\n|\n|upkeep\n|turn|3\n|\n|t:|1773846086\n|move|p1b: Ogerpon|Follow Me|p1b: Ogerpon\n|-singleturn|p1b: Ogerpon|move: Follow Me\n|move|p2a: Lunala|Moongeist Beam|p1b: Ogerpon\n|-damage|p1b: Ogerpon|0 fnt\n|faint|p1b: Ogerpon\n|move|p1a: Incineroar|Knock Off|p2a: Lunala\n|-supereffective|p2a: Lunala\n|-crit|p2a: Lunala\n|-damage|p2a: Lunala|0 fnt\n|faint|p2a: Lunala\n|move|p2b: Sableye|Foul Play|p1a: Incineroar\n|-resisted|p1a: Incineroar\n|-crit|p1a: Incineroar\n|-damage|p1a: Incineroar|8/100\n|\n|upkeep\n|\n|t:|1773846103\n|switch|p1b: Lunala|Lunala, L50, shiny|100/100\n|switch|p2a: Groudon|Groudon, L50|100/100\n|-weather|SunnyDay|[from] ability: Drought|[of] p2a: Groudon\n|turn|4\n|\n|t:|1773846113\n|move|p1b: Lunala|Wide Guard|p1b: Lunala\n|-singleturn|p1b: Lunala|Wide Guard\n|move|p2a: Groudon|High Horsepower|p1a: Incineroar\n|-supereffective|p1a: Incineroar\n|-damage|p1a: Incineroar|0 fnt\n|faint|p1a: Incineroar\n|-damage|p2a: Groudon|91/100|[from] item: Life Orb\n|move|p2b: Sableye|Foul Play|p1b: Lunala\n|-supereffective|p1b: Lunala\n|-damage|p1b: Lunala|51/100\n|\n|-weather|SunnyDay|[upkeep]\n|upkeep\n|\n|t:|1773846117\n|switch|p1a: Terapagos|Terapagos, L50, M|100/100\n|-activate|p1a: Terapagos|ability: Tera Shift\n|detailschange|p1a: Terapagos|Terapagos-Terastal, L50, M\n|-heal|p1a: Terapagos|100/100|[silent]\n|turn|5\n|\n|t:|1773846149\n|-terastallize|p1a: Terapagos|Stellar\n|detailschange|p1a: Terapagos|Terapagos-Stellar, L50, M, tera:Stellar\n|-heal|p1a: Terapagos|100/100|[silent]\n|-ability|p1a: Terapagos|Teraform Zero\n|-weather|none\n|move|p2b: Sableye|Quash|p1a: Terapagos\n|-activate|p1a: Terapagos|move: Quash\n|move|p2a: Groudon|Precipice Blades|p1b: Lunala|[spread] p1a,p1b\n|-damage|p1a: Terapagos|45/100\n|-damage|p1b: Lunala|0 fnt\n|faint|p1b: Lunala\n|-damage|p2a: Groudon|81/100|[from] item: Life Orb\n|move|p1a: Terapagos|Tera Starstorm|p2a: Groudon|[spread] p2a,p2b\n|-damage|p2a: Groudon|12/100\n|-damage|p2b: Sableye|0 fnt\n|faint|p2b: Sableye\n|\n|-fieldend|move: Gravity\n|upkeep\n|\n|t:|1773846159\n|switch|p2b: Chi-Yu|Chi-Yu, L50|100/100\n|-ability|p2b: Chi-Yu|Beads of Ruin\n|turn|6\n|\n|t:|1773846165\n|-terastallize|p2a: Groudon|Fire\n|move|p2b: Chi-Yu|Dark Pulse|p1a: Terapagos\n|-damage|p1a: Terapagos|4/100\n|move|p2a: Groudon|Heat Crash|p1a: Terapagos\n|-damage|p1a: Terapagos|0 fnt\n|faint|p1a: Terapagos\n|detailschange|p1: Terapagos|Terapagos, L50, M|[silent]\n|-damage|p2a: Groudon|3/100|[from] item: Life Orb\n|\n|win|Jonen\n|raw|TerraDelta's rating: 1222 &rarr; <strong>1203</strong><br />(-19 for losing)\n|raw|Jonen's rating: 1301 &rarr; <strong>1317</strong><br />(+16 for winning)\n","uploadtime":1773846166,"views":10,"formatid":"gen9vgc2026regi","rating":1203,"private":0,"password":null}