{"id":"gen9vgc2026regi-2550723629","format":"[Gen 9] VGC 2026 Reg I","players":["Maruch","granite blast"],"log":"|j|\u2606Maruch\n|j|\u2606granite blast\n|t:|1772523205\n|gametype|doubles\n|player|p1|Maruch|170|1340\n|player|p2|granite blast|101|1324\n|gen|9\n|tier|[Gen 9] VGC 2026 Reg I\n|rated|\n|rule|Species Clause: Limit one of each Pok\u00e9mon\n|rule|Item Clause: Limit 1 of each item\n|clearpoke\n|poke|p1|Calyrex-Shadow, L50|\n|poke|p1|Zamazenta-*, L50|\n|poke|p1|Raging Bolt, L50|\n|poke|p1|Urshifu-*, L50, F|\n|poke|p1|Dragonite, L50, F|\n|poke|p1|Weezing-Galar, L50, M|\n|poke|p2|Calyrex-Ice, L50|\n|poke|p2|Koraidon, L50|\n|poke|p2|Incineroar, L50, F|\n|poke|p2|Ogerpon-Cornerstone, L50, F|\n|poke|p2|Flutter Mane, L50|\n|poke|p2|Ting-Lu, L50|\n|teampreview|4\n|inactive|Battle timer is ON: inactive players will automatically lose when time's up. (requested by granite blast)\n|inactive|Maruch has 60 seconds left.\n|inactive|granite blast has 60 seconds left.\n|\n|t:|1772523243\n|teamsize|p1|4\n|teamsize|p2|4\n|start\n|switch|p1a: Weezing|Weezing-Galar, L50, M|100/100\n|switch|p1b: Calyrex|Calyrex-Shadow, L50|100/100\n|switch|p2a: Flutter Mane|Flutter Mane, L50|100/100\n|switch|p2b: Koraidon|Koraidon, L50|100/100\n|-ability|p1a: Weezing|Neutralizing Gas\n|-ability|p1b: Calyrex|As One\n|-ability|p1b: Calyrex|Unnerve\n|turn|1\n|\n|t:|1772523263\n|switch|p2b: Ting-Lu|Ting-Lu, L50|100/100\n|move|p2a: Flutter Mane|Protect|p2a: Flutter Mane\n|-singleturn|p2a: Flutter Mane|Protect\n|move|p1b: Calyrex|Astral Barrage|p2b: Ting-Lu|[spread] p2b\n|-activate|p2a: Flutter Mane|move: Protect\n|-resisted|p2b: Ting-Lu\n|-damage|p2b: Ting-Lu|81/100\n|move|p1a: Weezing|Toxic Spikes|p2a: Flutter Mane\n|-sidestart|p2: granite blast|move: Toxic Spikes\n|\n|upkeep\n|turn|2\n|\n|t:|1772523281\n|-terastallize|p1b: Calyrex|Normal\n|move|p1b: Calyrex|Astral Barrage|p2a: Flutter Mane|[spread] p2a,p2b\n|-supereffective|p2a: Flutter Mane\n|-resisted|p2b: Ting-Lu\n|-enditem|p2a: Flutter Mane|Focus Sash\n|-damage|p2a: Flutter Mane|1/100\n|-damage|p2b: Ting-Lu|61/100\n|move|p2a: Flutter Mane|Moonblast|p1b: Calyrex\n|-damage|p1b: Calyrex|46/100\n|-unboost|p1b: Calyrex|spa|1\n|move|p1a: Weezing|Poison Gas|p2b: Ting-Lu|[spread] p2a,p2b\n|-status|p2a: Flutter Mane|psn\n|-status|p2b: Ting-Lu|psn\n|move|p2b: Ting-Lu|Sand Tomb|p1b: Calyrex\n|-damage|p1b: Calyrex|28/100\n|-activate|p1b: Calyrex|move: Sand Tomb|[of] p2b: Ting-Lu\n|\n|-damage|p2a: Flutter Mane|0 fnt|[from] psn\n|faint|p2a: Flutter Mane\n|-end|p2a: Flutter Mane|Protosynthesis|[silent]\n|-damage|p2b: Ting-Lu|49/100 psn|[from] psn\n|-damage|p1b: Calyrex|16/100|[from] move: Sand Tomb|[partiallytrapped]\n|upkeep\n|inactive|granite blast has 30 seconds left.\n|\n|t:|1772523307\n|switch|p2a: Calyrex|Calyrex-Ice, L50|100/100\n|-ability|p2a: Calyrex|As One\n|-ability|p2a: Calyrex|Unnerve\n|-status|p2a: Calyrex|psn\n|turn|3\n|\n|t:|1772523328\n|-terastallize|p2a: Calyrex|Water\n|move|p1b: Calyrex|Astral Barrage|p2a: Calyrex|[spread] p2a,p2b\n|-resisted|p2b: Ting-Lu\n|-damage|p2a: Calyrex|74/100 psn\n|-damage|p2b: Ting-Lu|37/100 psn\n|move|p1a: Weezing|Sludge Bomb|p2a: Calyrex\n|-damage|p2a: Calyrex|57/100 psn\n|move|p2b: Ting-Lu|Stomping Tantrum|p1a: Weezing\n|-supereffective|p1a: Weezing\n|-damage|p1a: Weezing|55/100\n|-damage|p2b: Ting-Lu|20/100 psn|[from] item: Rocky Helmet|[of] p1a: Weezing\n|move|p2a: Calyrex|Trick Room|p2a: Calyrex\n|-fieldstart|move: Trick Room|[of] p2a: Calyrex\n|\n|-heal|p2a: Calyrex|63/100 psn|[from] item: Leftovers\n|-damage|p2b: Ting-Lu|8/100 psn|[from] psn\n|-damage|p2a: Calyrex|51/100 psn|[from] psn\n|-damage|p1b: Calyrex|3/100|[from] move: Sand Tomb|[partiallytrapped]\n|upkeep\n|turn|4\n|inactive|Maruch has 30 seconds left.\n|\n|t:|1772523361\n|move|p1b: Calyrex|Protect|p1b: Calyrex\n|-singleturn|p1b: Calyrex|Protect\n|move|p2b: Ting-Lu|Stomping Tantrum|p1a: Weezing\n|-supereffective|p1a: Weezing\n|-crit|p1a: Weezing\n|-damage|p1a: Weezing|0 fnt\n|-damage|p2b: Ting-Lu|0 fnt|[from] item: Rocky Helmet|[of] p1a: Weezing\n|faint|p1a: Weezing\n|-end|p1a: Weezing|ability: Neutralizing Gas\n|-ability|p2b: Ting-Lu|Vessel of Ruin\n|faint|p2b: Ting-Lu\n|move|p2a: Calyrex|Glacial Lance|p1b: Calyrex\n|-activate|p1b: Calyrex|move: Protect\n|\n|-heal|p2a: Calyrex|57/100 psn|[from] item: Leftovers\n|-damage|p2a: Calyrex|44/100 psn|[from] psn\n|-end|p1b: Calyrex|Sand Tomb|[partiallytrapped]|[silent]\n|upkeep\n|inactive|Maruch has 30 seconds left.\n|\n|t:|1772523386\n|switch|p2b: Koraidon|Koraidon, L50|100/100\n|switch|p1a: Zamazenta|Zamazenta-Crowned, L50|100/100\n|-ability|p1a: Zamazenta|Dauntless Shield|boost\n|-boost|p1a: Zamazenta|def|1\n|-status|p2b: Koraidon|psn\n|-weather|SunnyDay|[from] ability: Orichalcum Pulse|[of] p2b: Koraidon\n|-activate|p2b: Koraidon|Orichalcum Pulse|[source]\n|turn|5\n|inactive|Maruch has 30 seconds left.\n|\n|t:|1772523416\n|move|p1a: Zamazenta|Wide Guard|p1a: Zamazenta\n|-singleturn|p1a: Zamazenta|Wide Guard\n|move|p2a: Calyrex|Leech Seed|p1a: Zamazenta\n|-start|p1a: Zamazenta|move: Leech Seed\n|move|p2b: Koraidon|Flame Charge|p1b: Calyrex\n|-damage|p1b: Calyrex|0 fnt\n|-boost|p2b: Koraidon|spe|1\n|faint|p1b: Calyrex\n|-damage|p2b: Koraidon|91/100 psn|[from] item: Life Orb\n|\n|-weather|SunnyDay|[upkeep]\n|-heal|p2a: Calyrex|50/100 psn|[from] item: Leftovers\n|-damage|p1a: Zamazenta|88/100|[from] Leech Seed|[of] p2a: Calyrex\n|-heal|p2a: Calyrex|60/100 psn|[silent]\n|-damage|p2a: Calyrex|48/100 psn|[from] psn\n|-damage|p2b: Koraidon|78/100 psn|[from] psn\n|upkeep\n|\n|t:|1772523423\n|switch|p1b: Dragonite|Dragonite, L50, F|100/100\n|turn|6\n|\n|t:|1772523441\n|move|p2a: Calyrex|Leech Seed|p1b: Dragonite\n|-start|p1b: Dragonite|move: Leech Seed\n|move|p1b: Dragonite|Outrage|p2a: Calyrex\n|-damage|p2a: Calyrex|0 fnt\n|faint|p2a: Calyrex\n|move|p1a: Zamazenta|Body Press|p2b: Koraidon\n|-damage|p2b: Koraidon|20/100 psn\n|move|p2b: Koraidon|Close Combat|p1a: Zamazenta\n|-supereffective|p1a: Zamazenta\n|-damage|p1a: Zamazenta|0 fnt\n|-unboost|p2b: Koraidon|def|1\n|-unboost|p2b: Koraidon|spd|1\n|faint|p1a: Zamazenta\n|-damage|p2b: Koraidon|11/100 psn|[from] item: Life Orb\n|\n|-weather|SunnyDay|[upkeep]\n|-damage|p2b: Koraidon|0 fnt|[from] psn\n|faint|p2b: Koraidon\n|\n|win|Maruch\n|raw|Maruch's rating: 1340 &rarr; <strong>1359</strong><br />(+19 for winning)\n|raw|granite blast's rating: 1324 &rarr; <strong>1305</strong><br />(-19 for losing)\n|l|\u2606granite blast\n|player|p2|\n|l|\u2606Maruch\n|player|p1|\n","uploadtime":1772523585,"views":12,"formatid":"gen9vgc2026regi","rating":1305,"private":0,"password":null}