{"id":"gen9vgc2026regi-2567109750","format":"[Gen 9] VGC 2026 Reg I","players":["Gigasman","ArisHazard"],"log":"|j|\u2606Gigasman\n|j|\u2606ArisHazard\n|t:|1774449832\n|gametype|doubles\n|player|p1|Gigasman|pokemonbreeder|1324\n|player|p2|ArisHazard|169|1371\n|gen|9\n|tier|[Gen 9] VGC 2026 Reg I\n|rated|\n|rule|Species Clause: Limit one of each Pok\u00e9mon\n|rule|Item Clause: Limit 1 of each item\n|clearpoke\n|poke|p1|Regigigas, L50|\n|poke|p1|Weezing-Galar, L50, M|\n|poke|p1|Ho-Oh, L50|\n|poke|p1|Miraidon, L50|\n|poke|p1|Amoonguss, L50, M|\n|poke|p1|Incineroar, L50, M|\n|poke|p2|Calyrex-Ice, L50|\n|poke|p2|Hitmontop, L50, M|\n|poke|p2|Miraidon, L50|\n|poke|p2|Sableye, L50, M|\n|poke|p2|Ting-Lu, L50|\n|poke|p2|Volcarona, L50, M|\n|teampreview|4\n|inactive|Battle timer is ON: inactive players will automatically lose when time's up. (requested by Gigasman)\n|inactive|Gigasman has 60 seconds left.\n|inactive|ArisHazard has 60 seconds left.\n|\n|t:|1774449874\n|teamsize|p1|4\n|teamsize|p2|4\n|start\n|switch|p1a: Regigagigas|Regigigas, L50|100/100\n|switch|p1b: Weezing|Weezing-Galar, L50, M|100/100\n|switch|p2a: Calyrex|Calyrex-Ice, L50|100/100\n|switch|p2b: Volcarona|Volcarona, L50, M|100/100\n|-ability|p1b: Weezing|Neutralizing Gas\n|-ability|p2a: Calyrex|As One\n|-ability|p2a: Calyrex|Unnerve\n|turn|1\n|inactive|Gigasman has 30 seconds left.\n|inactive|Gigasman has 20 seconds left.\n|inactive|Gigasman has 15 seconds left.\n|inactive|Gigasman has 10 seconds left.\n|\n|t:|1774449920\n|move|p2a: Calyrex|Protect|p2a: Calyrex\n|-singleturn|p2a: Calyrex|Protect\n|move|p1a: Regigagigas|Knock Off|p2a: Calyrex\n|-activate|p2a: Calyrex|move: Protect\n|move|p2b: Volcarona|Will-O-Wisp|p1a: Regigagigas\n|-status|p1a: Regigagigas|brn\n|move|p1b: Weezing|Poison Gas|p2a: Calyrex|[spread] p2b\n|-activate|p2a: Calyrex|move: Protect\n|-status|p2b: Volcarona|psn\n|\n|-damage|p2b: Volcarona|88/100 psn|[from] psn\n|-damage|p1a: Regigagigas|95/100 brn|[from] brn\n|upkeep\n|turn|2\n|inactive|ArisHazard has 30 seconds left.\n|\n|t:|1774449945\n|-terastallize|p2a: Calyrex|Fire\n|move|p1a: Regigagigas|Knock Off|p2a: Calyrex\n|-damage|p2a: Calyrex|85/100\n|-enditem|p2a: Calyrex|Clear Amulet|[from] move: Knock Off|[of] p1a: Regigagigas\n|-damage|p1a: Regigagigas|85/100 brn|[from] item: Life Orb\n|move|p2b: Volcarona|Struggle Bug|p1b: Weezing|[spread] p1a,p1b\n|-resisted|p1b: Weezing\n|-damage|p1a: Regigagigas|71/100 brn\n|-damage|p1b: Weezing|96/100\n|-unboost|p1a: Regigagigas|spa|1\n|-unboost|p1b: Weezing|spa|1\n|move|p1b: Weezing|Poison Gas|p2b: Volcarona|[spread] p2a\n|-miss|p1b: Weezing|p2b: Volcarona\n|-status|p2a: Calyrex|psn\n|move|p2a: Calyrex|Glacial Lance|p1a: Regigagigas|[spread] p1a,p1b\n|-damage|p1a: Regigagigas|16/100 brn\n|-damage|p1b: Weezing|52/100\n|\n|-heal|p1b: Weezing|58/100|[from] item: Leftovers\n|-damage|p2b: Volcarona|75/100 psn|[from] psn\n|-damage|p2a: Calyrex|73/100 psn|[from] psn\n|-damage|p1a: Regigagigas|10/100 brn|[from] brn\n|upkeep\n|turn|3\n|inactive|Gigasman has 30 seconds left.\n|inactive|ArisHazard has 30 seconds left.\n|\n|t:|1774449971\n|-end|p1b: Weezing|ability: Neutralizing Gas\n|-start|p1a: Regigagigas|ability: Slow Start\n|switch|p1b: Incineroar|Incineroar, L50, M|100/100\n|-ability|p1b: Incineroar|Intimidate|boost\n|-unboost|p2a: Calyrex|atk|1\n|-unboost|p2b: Volcarona|atk|1\n|move|p1a: Regigagigas|Wide Guard|p1a: Regigagigas\n|-singleturn|p1a: Regigagigas|Wide Guard\n|move|p2b: Volcarona|Struggle Bug|p1b: Incineroar|[spread] \n|-activate|p1a: Regigagigas|move: Wide Guard\n|-activate|p1b: Incineroar|move: Wide Guard\n|move|p2a: Calyrex|Stomping Tantrum|p1a: Regigagigas\n|-damage|p1a: Regigagigas|0 fnt\n|faint|p1a: Regigagigas\n|-end|p1a: Regigagigas|Slow Start|[silent]\n|-ability|p2a: Calyrex|Chilling Neigh|boost\n|-boost|p2a: Calyrex|atk|1\n|\n|-damage|p2b: Volcarona|63/100 psn|[from] psn\n|-damage|p2a: Calyrex|60/100 psn|[from] psn\n|upkeep\n|\n|t:|1774449992\n|switch|p1a: Ho-Oh|Ho-Oh, L50|100/100\n|turn|4\n|\n|t:|1774450003\n|switch|p2b: Ting-Lu|Ting-Lu, L50|100/100\n|-ability|p2b: Ting-Lu|Vessel of Ruin\n|move|p1b: Incineroar|Fake Out|p2a: Calyrex\n|-crit|p2a: Calyrex\n|-damage|p2a: Calyrex|50/100 psn\n|move|p1a: Ho-Oh|Sacred Fire|p2b: Ting-Lu|[miss]\n|-miss|p1a: Ho-Oh|p2b: Ting-Lu\n|cant|p2a: Calyrex|flinch\n|\n|-damage|p2a: Calyrex|37/100 psn|[from] psn\n|upkeep\n|turn|5\n|\n|t:|1774450021\n|move|p1a: Ho-Oh|Sacred Fire|p2b: Ting-Lu|[miss]\n|-miss|p1a: Ho-Oh|p2b: Ting-Lu\n|move|p1b: Incineroar|U-turn|p2b: Ting-Lu\n|-supereffective|p2b: Ting-Lu\n|-damage|p2b: Ting-Lu|81/100\n|-damage|p1b: Incineroar|84/100|[from] item: Rocky Helmet|[of] p2b: Ting-Lu\n|\n|t:|1774450027\n|switch|p1b: Weezing|Weezing-Galar, L50, M|58/100|[from] U-turn\n|-ability|p1b: Weezing|Neutralizing Gas\n|move|p2b: Ting-Lu|Ruination|p1a: Ho-Oh\n|-damage|p1a: Ho-Oh|51/100\n|move|p2a: Calyrex|Glacial Lance|p1b: Weezing|[spread] p1a,p1b\n|-damage|p1a: Ho-Oh|4/100\n|-damage|p1b: Weezing|10/100\n|\n|-heal|p1b: Weezing|16/100|[from] item: Leftovers\n|-damage|p2a: Calyrex|25/100 psn|[from] psn\n|upkeep\n|turn|6\n|\n|t:|1774450052\n|switch|p1a: Incineroar|Incineroar, L50, M|84/100\n|move|p1b: Weezing|Protect|p1b: Weezing\n|-singleturn|p1b: Weezing|Protect\n|move|p2b: Ting-Lu|Sand Tomb|p1b: Weezing\n|-activate|p1b: Weezing|move: Protect\n|move|p2a: Calyrex|Glacial Lance|p1a: Incineroar|[spread] p1a\n|-activate|p1b: Weezing|move: Protect\n|-resisted|p1a: Incineroar\n|-damage|p1a: Incineroar|64/100\n|\n|-heal|p1b: Weezing|22/100|[from] item: Leftovers\n|-damage|p2a: Calyrex|12/100 psn|[from] psn\n|upkeep\n|turn|7\n|\n|t:|1774450075\n|-end|p1b: Weezing|ability: Neutralizing Gas\n|-ability|p1a: Incineroar|Intimidate|boost\n|-unboost|p2a: Calyrex|atk|1\n|-unboost|p2b: Ting-Lu|atk|1\n|-ability|p2b: Ting-Lu|Vessel of Ruin\n|switch|p1b: Ho-Oh|Ho-Oh, L50|4/100\n|move|p1a: Incineroar|Fake Out|p2a: Calyrex\n|-damage|p2a: Calyrex|5/100 psn\n|move|p2b: Ting-Lu|Stomping Tantrum|p1b: Ho-Oh\n|-immune|p1b: Ho-Oh\n|cant|p2a: Calyrex|flinch\n|\n|-damage|p2a: Calyrex|0 fnt|[from] psn\n|faint|p2a: Calyrex\n|upkeep\n|\n|t:|1774450093\n|switch|p2a: Sableye|Sableye, L50, M|100/100\n|turn|8\n|\n|t:|1774450108\n|switch|p1b: Weezing|Weezing-Galar, L50, M|22/100\n|-ability|p1b: Weezing|Neutralizing Gas\n|move|p2a: Sableye|Protect|p2a: Sableye\n|-singleturn|p2a: Sableye|Protect\n|move|p1a: Incineroar|U-turn|p2a: Sableye\n|-activate|p2a: Sableye|move: Protect\n|move|p2b: Ting-Lu|Ruination|p1a: Incineroar\n|-damage|p1a: Incineroar|33/100\n|\n|-heal|p1b: Weezing|28/100|[from] item: Leftovers\n|upkeep\n|turn|9\n|\n|t:|1774450129\n|move|p1a: Incineroar|U-turn|p2a: Sableye\n|-damage|p2a: Sableye|78/100\n|\n|t:|1774450132\n|switch|p1a: Ho-Oh|Ho-Oh, L50|38/100|[from] U-turn\n|move|p1b: Weezing|Poison Gas|p2b: Ting-Lu|[spread] p2a,p2b\n|-status|p2a: Sableye|psn\n|-status|p2b: Ting-Lu|psn\n|move|p2a: Sableye|Foul Play|p1a: Ho-Oh\n|-damage|p1a: Ho-Oh|0 fnt\n|faint|p1a: Ho-Oh\n|move|p2b: Ting-Lu|Ruination|p1b: Weezing|[miss]\n|-miss|p2b: Ting-Lu|p1b: Weezing\n|\n|-heal|p1b: Weezing|34/100|[from] item: Leftovers\n|-damage|p2a: Sableye|66/100 psn|[from] psn\n|-damage|p2b: Ting-Lu|69/100 psn|[from] psn\n|upkeep\n|\n|t:|1774450146\n|switch|p1a: Incineroar|Incineroar, L50, M|33/100\n|turn|10\n|\n|t:|1774450168\n|move|p1a: Incineroar|Flare Blitz|p2b: Ting-Lu\n|-damage|p2b: Ting-Lu|46/100 psn\n|-damage|p1a: Incineroar|16/100|[from] item: Rocky Helmet|[of] p2b: Ting-Lu\n|-damage|p1a: Incineroar|7/100|[from] Recoil\n|move|p1b: Weezing|Dazzling Gleam|p2a: Sableye|[spread] p2a,p2b\n|-supereffective|p2a: Sableye\n|-supereffective|p2b: Ting-Lu\n|-damage|p2a: Sableye|23/100 psn\n|-damage|p2b: Ting-Lu|26/100 psn\n|-enditem|p2a: Sableye|Sitrus Berry|[eat]\n|-heal|p2a: Sableye|48/100 psn|[from] item: Sitrus Berry\n|move|p2a: Sableye|Foul Play|p1a: Incineroar\n|-resisted|p1a: Incineroar\n|-damage|p1a: Incineroar|0 fnt\n|faint|p1a: Incineroar\n|move|p2b: Ting-Lu|Sand Tomb|p1b: Weezing\n|-supereffective|p1b: Weezing\n|-damage|p1b: Weezing|20/100\n|-activate|p1b: Weezing|move: Sand Tomb|[of] p2b: Ting-Lu\n|\n|-heal|p1b: Weezing|25/100|[from] item: Leftovers\n|-damage|p2a: Sableye|36/100 psn|[from] psn\n|-damage|p2b: Ting-Lu|13/100 psn|[from] psn\n|-damage|p1b: Weezing|13/100|[from] move: Sand Tomb|[partiallytrapped]\n|upkeep\n|turn|11\n|-message|Gigasman forfeited.\n|\n|win|ArisHazard\n|raw|Gigasman's rating: 1324 &rarr; <strong>1307</strong><br />(-17 for losing)\n|raw|ArisHazard's rating: 1371 &rarr; <strong>1388</strong><br />(+17 for winning)\n|l|\u2606Gigasman\n|player|p1|\n|l|\u2606ArisHazard\n|player|p2|\n","uploadtime":1774450386,"views":9,"formatid":"gen9vgc2026regi","rating":1307,"private":0,"password":null}