{"id":"gen9vgc2026regi-2551401652","format":"[Gen 9] VGC 2026 Reg I","players":["kinderlew","it'sjustken vgc"],"log":"|j|\u2606kinderlew\n|j|\u2606it'sjustken vgc\n|t:|1772596445\n|gametype|doubles\n|player|p1|kinderlew|169|1328\n|player|p2|it'sjustken vgc|1|1436\n|gen|9\n|tier|[Gen 9] VGC 2026 Reg I\n|rated|\n|rule|Species Clause: Limit one of each Pok\u00e9mon\n|rule|Item Clause: Limit 1 of each item\n|clearpoke\n|poke|p1|Calyrex-Shadow, L50|\n|poke|p1|Smeargle, L50, F|\n|poke|p1|Koraidon, L50|\n|poke|p1|Tornadus, L50, M|\n|poke|p1|Volcarona, L50, M|\n|poke|p1|Iron Hands, L50|\n|poke|p2|Urshifu-*, L50, M|\n|poke|p2|Incineroar, L50, F|\n|poke|p2|Calyrex-Shadow, L50|\n|poke|p2|Amoonguss, L50, M|\n|poke|p2|Tornadus, L50, M|\n|poke|p2|Chien-Pao, L50|\n|teampreview|4\n|inactive|Battle timer is ON: inactive players will automatically lose when time's up. (requested by it'sjustken vgc)\n|\n|t:|1772596471\n|teamsize|p1|4\n|teamsize|p2|4\n|start\n|switch|p1a: Tornadus|Tornadus, L50, M|100/100\n|switch|p1b: Iron Hands|Iron Hands, L50|100/100\n|switch|p2a: Tornadus|Tornadus, L50, M|100/100\n|switch|p2b: Urshifu|Urshifu-Rapid-Strike, L50, M|100/100\n|turn|1\n|\n|t:|1772596492\n|-terastallize|p2b: Urshifu|Water\n|move|p2a: Tornadus|Tailwind|p2a: Tornadus\n|-sidestart|p2: it'sjustken vgc|move: Tailwind\n|move|p1a: Tornadus|Taunt|p2a: Tornadus\n|-start|p2a: Tornadus|move: Taunt\n|move|p2b: Urshifu|Surging Strikes|p1a: Tornadus\n|-crit|p1a: Tornadus\n|-damage|p1a: Tornadus|62/100\n|-crit|p1a: Tornadus\n|-damage|p1a: Tornadus|26/100\n|-crit|p1a: Tornadus\n|-damage|p1a: Tornadus|0 fnt\n|faint|p1a: Tornadus\n|-hitcount|p1: Tornadus|3\n|move|p1b: Iron Hands|Wild Charge|p2b: Urshifu\n|-supereffective|p2b: Urshifu\n|-damage|p2b: Urshifu|0 fnt\n|faint|p2b: Urshifu\n|-damage|p1b: Iron Hands|83/100|[from] Recoil\n|\n|upkeep\n|\n|t:|1772596510\n|switch|p1a: Smeargle|Smeargle, L50, F|100/100\n|switch|p2b: Calyrex|Calyrex-Shadow, L50|100/100\n|-ability|p2b: Calyrex|As One\n|-ability|p2b: Calyrex|Unnerve\n|turn|2\n|\n|t:|1772596527\n|-terastallize|p1b: Iron Hands|Dark\n|move|p2b: Calyrex|Psychic|p1a: Smeargle\n|-enditem|p1a: Smeargle|Focus Sash\n|-damage|p1a: Smeargle|1/100\n|-unboost|p1a: Smeargle|spd|1\n|-damage|p2b: Calyrex|91/100|[from] item: Life Orb\n|move|p2a: Tornadus|Bleakwind Storm|p1b: Iron Hands|[spread] p1a,p1b\n|-damage|p1a: Smeargle|0 fnt\n|-damage|p1b: Iron Hands|62/100\n|faint|p1a: Smeargle\n|move|p1b: Iron Hands|Tera Blast|p2b: Calyrex|[anim] Tera Blast Dark\n|-supereffective|p2b: Calyrex\n|-damage|p2b: Calyrex|0 fnt\n|faint|p2b: Calyrex\n|\n|upkeep\n|\n|t:|1772596539\n|switch|p2b: Incineroar|Incineroar, L50, F|100/100\n|switch|p1a: Calyrex|Calyrex-Shadow, L50|100/100\n|-ability|p1a: Calyrex|As One\n|-ability|p1a: Calyrex|Unnerve\n|-ability|p2b: Incineroar|Intimidate|boost\n|-unboost|p1a: Calyrex|atk|1\n|-unboost|p1b: Iron Hands|atk|1\n|turn|3\n|\n|t:|1772596552\n|move|p2b: Incineroar|Fake Out|p1b: Iron Hands\n|-damage|p1b: Iron Hands|54/100\n|move|p2a: Tornadus|Bleakwind Storm|p1a: Calyrex|[spread] p1a,p1b\n|-damage|p1a: Calyrex|66/100\n|-damage|p1b: Iron Hands|30/100\n|-unboost|p1a: Calyrex|spe|1\n|move|p1a: Calyrex|Astral Barrage|p2a: Tornadus|[spread] p2a,p2b\n|-resisted|p2b: Incineroar\n|-damage|p2a: Tornadus|0 fnt\n|-damage|p2b: Incineroar|67/100\n|faint|p2a: Tornadus\n|-ability|p1a: Calyrex|Grim Neigh|boost\n|-boost|p1a: Calyrex|spa|1\n|cant|p1b: Iron Hands|flinch\n|\n|upkeep\n|turn|4\n|\n|t:|1772596567\n|move|p2b: Incineroar|Knock Off|p1a: Calyrex\n|-supereffective|p1a: Calyrex\n|-damage|p1a: Calyrex|0 fnt\n|-enditem|p1a: Calyrex|Choice Specs|[from] move: Knock Off|[of] p2b: Incineroar\n|faint|p1a: Calyrex\n|move|p1b: Iron Hands|Drain Punch|p2b: Incineroar\n|-supereffective|p2b: Incineroar\n|-damage|p2b: Incineroar|8/100\n|-heal|p1b: Iron Hands|52/100|[from] drain|[of] p2b: Incineroar\n|\n|-sideend|p2: it'sjustken vgc|move: Tailwind\n|upkeep\n|turn|5\n|\n|t:|1772596576\n|move|p2b: Incineroar|Flare Blitz|p1b: Iron Hands\n|-damage|p1b: Iron Hands|17/100\n|-status|p1b: Iron Hands|brn\n|-damage|p2b: Incineroar|0 fnt|[from] Recoil\n|faint|p2b: Incineroar\n|\n|win|kinderlew\n|raw|kinderlew's rating: 1328 &rarr; <strong>1354</strong><br />(+26 for winning)\n|raw|it&apos;sjustken vgc's rating: 1436 &rarr; <strong>1410</strong><br />(-26 for losing)\n|l|\u2606kinderlew\n|player|p1|\n","uploadtime":1772596730,"views":17,"formatid":"gen9vgc2026regi","rating":1354,"private":0,"password":null}