{"id":"gen9vgc2026regi-2544727364","format":"[Gen 9] VGC 2026 Reg I","players":["EllenJoe2026","wemora"],"log":"|j|\u2606EllenJoe2026\n|j|\u2606wemora\n|t:|1771747247\n|gametype|doubles\n|player|p1|EllenJoe2026|iono|1364\n|player|p2|wemora|266|1265\n|gen|9\n|tier|[Gen 9] VGC 2026 Reg I\n|rated|\n|rule|Species Clause: Limit one of each Pok\u00e9mon\n|rule|Item Clause: Limit 1 of each item\n|clearpoke\n|poke|p1|Calyrex-Shadow, L50|\n|poke|p1|Zamazenta-*, L50|\n|poke|p1|Chien-Pao, L50|\n|poke|p1|Dragonite, L50, M|\n|poke|p1|Amoonguss, L50, M|\n|poke|p1|Ogerpon-Cornerstone, L50, F|\n|poke|p2|Calyrex-Shadow, L50|\n|poke|p2|Koraidon, L50|\n|poke|p2|Raging Bolt, L50|\n|poke|p2|Kingambit, L50, M|\n|poke|p2|Maushold, L50|\n|poke|p2|Weezing-Galar, L50, F|\n|teampreview|4\n|inactive|Battle timer is ON: inactive players will automatically lose when time's up. (requested by wemora)\n|inactive|EllenJoe2026 also wants the timer to be on.\n|inactive|EllenJoe2026 has 60 seconds left.\n|inactive|wemora has 60 seconds left.\n|\n|t:|1771747283\n|teamsize|p1|4\n|teamsize|p2|4\n|start\n|switch|p1a: Calyrex|Calyrex-Shadow, L50|100/100\n|switch|p1b: Zamazenta|Zamazenta-Crowned, L50|100/100\n|switch|p2a: Raging Bolt|Raging Bolt, L50|100/100\n|switch|p2b: Koraidon|Koraidon, L50|100/100\n|-ability|p1a: Calyrex|As One\n|-ability|p1a: Calyrex|Unnerve\n|-weather|SunnyDay|[from] ability: Orichalcum Pulse|[of] p2b: Koraidon\n|-activate|p2a: Raging Bolt|ability: Protosynthesis\n|-start|p2a: Raging Bolt|protosynthesisspa\n|-activate|p2b: Koraidon|Orichalcum Pulse|[source]\n|-ability|p1b: Zamazenta|Dauntless Shield|boost\n|-boost|p1b: Zamazenta|def|1\n|turn|1\n|inactive|wemora has 30 seconds left.\n|j| Taiwannephrodoctor\n|\n|t:|1771747317\n|move|p1a: Calyrex|Protect|p1a: Calyrex\n|-singleturn|p1a: Calyrex|Protect\n|move|p1b: Zamazenta|Protect|p1b: Zamazenta\n|-singleturn|p1b: Zamazenta|Protect\n|move|p2a: Raging Bolt|Thunderclap||[still]\n|-fail|p2a: Raging Bolt\n|move|p2b: Koraidon|Snarl|p1b: Zamazenta|[spread] \n|-activate|p1a: Calyrex|move: Protect\n|-activate|p1b: Zamazenta|move: Protect\n|\n|-weather|SunnyDay|[upkeep]\n|upkeep\n|turn|2\n|c| Taiwannephrodoctor|wtf KORAIDON SNARL\n|\n|t:|1771747340\n|-terastallize|p1a: Calyrex|Ghost\n|move|p1b: Zamazenta|Wide Guard|p1b: Zamazenta\n|-singleturn|p1b: Zamazenta|Wide Guard\n|move|p2b: Koraidon|Snarl|p1a: Calyrex|[spread] \n|-activate|p1a: Calyrex|move: Wide Guard\n|-activate|p1b: Zamazenta|move: Wide Guard\n|move|p1a: Calyrex|Astral Barrage|p2b: Koraidon|[spread] p2a,p2b\n|-damage|p2a: Raging Bolt|61/100\n|-damage|p2b: Koraidon|24/100\n|move|p2a: Raging Bolt|Thunderbolt|p1b: Zamazenta\n|-damage|p1b: Zamazenta|52/100\n|\n|-weather|SunnyDay|[upkeep]\n|upkeep\n|turn|3\n|j| globalfish39\n|inactive|EllenJoe2026 has 30 seconds left.\n|\n|t:|1771747375\n|switch|p2b: Maushold|Maushold, L50|100/100\n|move|p1a: Calyrex|Astral Barrage|p2b: Maushold|[spread] p2a\n|-immune|p2b: Maushold\n|-damage|p2a: Raging Bolt|32/100\n|move|p1b: Zamazenta|Body Press|p2a: Raging Bolt\n|-damage|p2a: Raging Bolt|0 fnt\n|faint|p2a: Raging Bolt\n|-end|p2a: Raging Bolt|Protosynthesis|[silent]\n|\n|-weather|SunnyDay|[upkeep]\n|upkeep\n|\n|t:|1771747392\n|switch|p2a: Koraidon|Koraidon, L50|24/100\n|-activate|p2a: Koraidon|ability: Orichalcum Pulse\n|turn|4\n|inactive|wemora has 30 seconds left.\n|\n|t:|1771747425\n|move|p1b: Zamazenta|Wide Guard|p1b: Zamazenta\n|-singleturn|p1b: Zamazenta|Wide Guard\n|move|p2b: Maushold|Feint|p1b: Zamazenta\n|-activate|p1b: Zamazenta|move: Feint\n|-resisted|p1b: Zamazenta\n|-damage|p1b: Zamazenta|51/100\n|move|p2a: Koraidon|Snarl|p1a: Calyrex|[spread] p1a,p1b\n|-supereffective|p1a: Calyrex\n|-resisted|p1b: Zamazenta\n|-damage|p1a: Calyrex|86/100\n|-damage|p1b: Zamazenta|48/100\n|-unboost|p1a: Calyrex|spa|1\n|-unboost|p1b: Zamazenta|spa|1\n|move|p1a: Calyrex|Astral Barrage|p2b: Maushold|[spread] p2a\n|-immune|p2b: Maushold\n|-damage|p2a: Koraidon|0 fnt\n|faint|p2a: Koraidon\n|-ability|p1a: Calyrex|Grim Neigh|boost\n|-boost|p1a: Calyrex|spa|1\n|\n|-weather|SunnyDay|[upkeep]\n|upkeep\n|\n|t:|1771747434\n|switch|p2a: Calyrex|Calyrex-Shadow, L50|100/100\n|-ability|p2a: Calyrex|As One\n|-ability|p2a: Calyrex|Unnerve\n|turn|5\n|inactive|EllenJoe2026 has 30 seconds left.\n|\n|t:|1771747463\n|-terastallize|p2a: Calyrex|Ghost\n|move|p2b: Maushold|Feint|p1b: Zamazenta\n|-resisted|p1b: Zamazenta\n|-damage|p1b: Zamazenta|47/100\n|move|p1a: Calyrex|Psychic|p2b: Maushold\n|-damage|p2b: Maushold|37/100\n|move|p2a: Calyrex|Astral Barrage|p1b: Zamazenta|[spread] p1a,p1b\n|-supereffective|p1a: Calyrex\n|-damage|p1a: Calyrex|0 fnt\n|-damage|p1b: Zamazenta|0 fnt\n|faint|p1a: Calyrex\n|faint|p1b: Zamazenta\n|-ability|p2a: Calyrex|Grim Neigh|boost\n|-boost|p2a: Calyrex|spa|2\n|\n|-weather|none\n|upkeep\n|l| Taiwannephrodoctor\n|\n|t:|1771747477\n|switch|p1a: Ogerpon|Ogerpon-Cornerstone, L50, F|100/100\n|switch|p1b: Chien-Pao|Chien-Pao, L50|100/100\n|-ability|p1b: Chien-Pao|Sword of Ruin\n|turn|6\n|\n|t:|1771747491\n|move|p2b: Maushold|Follow Me|p2b: Maushold\n|-singleturn|p2b: Maushold|move: Follow Me\n|move|p1b: Chien-Pao|Crunch|p2b: Maushold\n|-damage|p2b: Maushold|0 fnt\n|faint|p2b: Maushold\n|-damage|p1b: Chien-Pao|91/100|[from] item: Life Orb\n|move|p2a: Calyrex|Astral Barrage|p1b: Chien-Pao|[spread] p1a,p1b\n|-resisted|p1b: Chien-Pao\n|-ability|p1a: Ogerpon|Sturdy\n|-damage|p1a: Ogerpon|1/100\n|-damage|p1b: Chien-Pao|0 fnt\n|faint|p1b: Chien-Pao\n|-ability|p2a: Calyrex|Grim Neigh|boost\n|-boost|p2a: Calyrex|spa|1\n|move|p1a: Ogerpon|Ivy Cudgel|p2a: Calyrex|[anim] Ivy Cudgel Rock\n|-damage|p2a: Calyrex|24/100\n|\n|upkeep\n|turn|7\n|-message|EllenJoe2026 forfeited.\n|\n|win|wemora\n|raw|EllenJoe2026's rating: 1364 &rarr; <strong>1338</strong><br />(-26 for losing)\n|raw|wemora's rating: 1265 &rarr; <strong>1297</strong><br />(+32 for winning)\n|l|\u2606EllenJoe2026\n|player|p1|\n|l|\u2606wemora\n|player|p2|\n","uploadtime":1771747667,"views":11,"formatid":"gen9vgc2026regi","rating":1297,"private":0,"password":null}