{"id":"gen9vgc2026regi-2539740491","format":"[Gen 9] VGC 2026 Reg I","players":["SEITA","Hugo22222"],"log":"|j|\u2606SEITA\n|j|\u2606Hugo22222\n|t:|1771103058\n|gametype|doubles\n|player|p1|SEITA|lucas-gen4pt|1355\n|player|p2|Hugo22222|101|1329\n|gen|9\n|tier|[Gen 9] VGC 2026 Reg I\n|rated|\n|rule|Species Clause: Limit one of each Pok\u00e9mon\n|rule|Item Clause: Limit 1 of each item\n|clearpoke\n|poke|p1|Zamazenta-*, L50|\n|poke|p1|Kyogre, L50|\n|poke|p1|Wo-Chien, L50|\n|poke|p1|Grimmsnarl, L50, M|\n|poke|p1|Landorus, L50, M|\n|poke|p1|Ditto, L50|\n|poke|p2|Calyrex-Ice, L50|\n|poke|p2|Miraidon, L50|\n|poke|p2|Farigiraf, L50, F|\n|poke|p2|Iron Treads, L50|\n|poke|p2|Iron Hands, L50|\n|poke|p2|Ninetales-Alola, L50, M|\n|teampreview|4\n|\n|t:|1771103089\n|teamsize|p1|4\n|teamsize|p2|4\n|start\n|switch|p1a: Grimmsnarl|Grimmsnarl, L50, M|100/100\n|switch|p1b: Zamazenta|Zamazenta-Crowned, L50|100/100\n|switch|p2a: Ninetales|Ninetales-Alola, L50, M, shiny|100/100\n|switch|p2b: Calyrex|Calyrex-Ice, L50|100/100\n|-ability|p2b: Calyrex|As One\n|-ability|p2b: Calyrex|Unnerve\n|-weather|Snowscape|[from] ability: Snow Warning|[of] p2a: Ninetales\n|-ability|p1b: Zamazenta|Dauntless Shield|boost\n|-boost|p1b: Zamazenta|def|1\n|turn|1\n|\n|t:|1771103111\n|move|p1a: Grimmsnarl|Reflect|p1a: Grimmsnarl\n|-sidestart|p1: SEITA|Reflect\n|move|p2a: Ninetales|Aurora Veil|p2a: Ninetales\n|-sidestart|p2: Hugo22222|move: Aurora Veil\n|move|p1b: Zamazenta|Iron Defense|p1b: Zamazenta\n|-boost|p1b: Zamazenta|def|2\n|move|p2b: Calyrex|Leech Seed|p1b: Zamazenta\n|-start|p1b: Zamazenta|move: Leech Seed\n|\n|-weather|Snowscape|[upkeep]\n|-damage|p1b: Zamazenta|88/100|[from] Leech Seed|[of] p2b: Calyrex\n|upkeep\n|turn|2\n|\n|t:|1771103147\n|move|p2b: Calyrex|Protect|p2b: Calyrex\n|-singleturn|p2b: Calyrex|Protect\n|move|p1a: Grimmsnarl|Light Screen|p1a: Grimmsnarl\n|-sidestart|p1: SEITA|move: Light Screen\n|move|p2a: Ninetales|Moonblast|p1a: Grimmsnarl\n|-supereffective|p1a: Grimmsnarl\n|-damage|p1a: Grimmsnarl|50/100\n|-unboost|p1a: Grimmsnarl|spa|1\n|move|p1b: Zamazenta|Iron Defense|p1b: Zamazenta\n|-boost|p1b: Zamazenta|def|2\n|\n|-weather|Snowscape|[upkeep]\n|-damage|p1b: Zamazenta|76/100|[from] Leech Seed|[of] p2b: Calyrex\n|upkeep\n|turn|3\n|\n|t:|1771103174\n|move|p1a: Grimmsnarl|Parting Shot|p2a: Ninetales\n|-unboost|p2a: Ninetales|atk|1\n|-unboost|p2a: Ninetales|spa|1\n|\n|t:|1771103178\n|switch|p1a: Ditto|Ditto, L50|100/100|[from] Parting Shot\n|-transform|p1a: Ditto|p2b: Calyrex|[from] ability: Imposter\n|-ability|p1a: Ditto|As One\n|-ability|p1a: Ditto|Unnerve\n|move|p2a: Ninetales|Moonblast|p1a: Ditto\n|-damage|p1a: Ditto|88/100\n|-unboost|p1a: Ditto|spa|1\n|move|p1b: Zamazenta|Iron Defense|p1b: Zamazenta\n|-boost|p1b: Zamazenta|def|1\n|move|p2b: Calyrex|Glacial Lance|p1b: Zamazenta|[spread] p1a,p1b\n|-resisted|p1a: Ditto\n|-resisted|p1b: Zamazenta\n|-damage|p1a: Ditto|78/100\n|-damage|p1b: Zamazenta|74/100\n|\n|-weather|Snowscape|[upkeep]\n|-damage|p1b: Zamazenta|62/100|[from] Leech Seed|[of] p2b: Calyrex\n|upkeep\n|turn|4\n|\n|t:|1771103205\n|move|p2a: Ninetales|Protect|p2a: Ninetales\n|-singleturn|p2a: Ninetales|Protect\n|move|p2b: Calyrex|Protect|p2b: Calyrex\n|-singleturn|p2b: Calyrex|Protect\n|move|p1b: Zamazenta|Body Press|p2b: Calyrex\n|-activate|p2b: Calyrex|move: Protect\n|move|p1a: Ditto|Glacial Lance|p2a: Ninetales|[spread] \n|-activate|p2a: Ninetales|move: Protect\n|-activate|p2b: Calyrex|move: Protect\n|\n|-weather|Snowscape|[upkeep]\n|-damage|p1b: Zamazenta|50/100|[from] Leech Seed|[of] p2b: Calyrex\n|upkeep\n|turn|5\n|\n|t:|1771103245\n|move|p2a: Ninetales|Moonblast|p1a: Ditto\n|-damage|p1a: Ditto|64/100\n|-unboost|p1a: Ditto|spa|1\n|move|p1b: Zamazenta|Body Press|p2b: Calyrex\n|-damage|p2b: Calyrex|56/100\n|move|p2b: Calyrex|Leech Seed|p1a: Ditto\n|-start|p1a: Ditto|move: Leech Seed\n|move|p1a: Ditto|Glacial Lance|p2a: Ninetales|[spread] p2a,p2b\n|-resisted|p2a: Ninetales\n|-resisted|p2b: Calyrex\n|-damage|p2a: Ninetales|82/100\n|-damage|p2b: Calyrex|49/100\n|\n|-weather|none\n|-heal|p2b: Calyrex|55/100|[from] item: Leftovers\n|-damage|p1b: Zamazenta|38/100|[from] Leech Seed|[of] p2b: Calyrex\n|-heal|p2b: Calyrex|67/100|[silent]\n|-damage|p1a: Ditto|52/100|[from] Leech Seed|[of] p2b: Calyrex\n|-heal|p2b: Calyrex|76/100|[silent]\n|-sideend|p2: Hugo22222|move: Aurora Veil\n|upkeep\n|turn|6\n|\n|t:|1771103278\n|switch|p1a: Wo-Chien|Wo-Chien, L50|100/100\n|-ability|p1a: Wo-Chien|Tablets of Ruin\n|move|p2a: Ninetales|Protect|p2a: Ninetales\n|-singleturn|p2a: Ninetales|Protect\n|move|p2b: Calyrex|Protect|p2b: Calyrex\n|-singleturn|p2b: Calyrex|Protect\n|move|p1b: Zamazenta|Iron Defense|p1b: Zamazenta\n|-boost|p1b: Zamazenta|def|0\n|\n|-heal|p2b: Calyrex|82/100|[from] item: Leftovers\n|-damage|p1b: Zamazenta|26/100|[from] Leech Seed|[of] p2b: Calyrex\n|-heal|p2b: Calyrex|93/100|[silent]\n|upkeep\n|turn|7\n|\n|t:|1771103304\n|move|p2a: Ninetales|Moonblast|p1a: Wo-Chien\n|-supereffective|p1a: Wo-Chien\n|-damage|p1a: Wo-Chien|78/100\n|move|p1b: Zamazenta|Body Press|p2b: Calyrex\n|-damage|p2b: Calyrex|15/100\n|move|p1a: Wo-Chien|Pollen Puff|p1b: Zamazenta\n|-heal|p1b: Zamazenta|75/100\n|move|p2b: Calyrex|Glacial Lance|p1b: Zamazenta|[spread] p1a,p1b\n|-supereffective|p1a: Wo-Chien\n|-resisted|p1b: Zamazenta\n|-damage|p1a: Wo-Chien|32/100\n|-damage|p1b: Zamazenta|73/100\n|\n|-heal|p2b: Calyrex|20/100|[from] item: Leftovers\n|-damage|p1b: Zamazenta|61/100|[from] Leech Seed|[of] p2b: Calyrex\n|-heal|p2b: Calyrex|32/100|[silent]\n|upkeep\n|turn|8\n|\n|t:|1771103336\n|move|p2b: Calyrex|Protect|p2b: Calyrex\n|-singleturn|p2b: Calyrex|Protect\n|move|p2a: Ninetales|Moonblast|p1a: Wo-Chien\n|-supereffective|p1a: Wo-Chien\n|-damage|p1a: Wo-Chien|7/100\n|-unboost|p1a: Wo-Chien|spa|1\n|move|p1b: Zamazenta|Body Press|p2a: Ninetales\n|-damage|p2a: Ninetales|0 fnt\n|faint|p2a: Ninetales\n|move|p1a: Wo-Chien|Pollen Puff|p1b: Zamazenta\n|-heal|p1b: Zamazenta|100/100\n|\n|-heal|p2b: Calyrex|38/100|[from] item: Leftovers\n|-damage|p1b: Zamazenta|88/100|[from] Leech Seed|[of] p2b: Calyrex\n|-heal|p2b: Calyrex|49/100|[silent]\n|-sideend|p1: SEITA|Reflect\n|upkeep\n|\n|t:|1771103356\n|switch|p2a: Miraidon|Miraidon, L50|100/100\n|-fieldstart|move: Electric Terrain|[from] ability: Hadron Engine|[of] p2a: Miraidon\n|turn|9\n|\n|t:|1771103374\n|-terastallize|p1b: Zamazenta|Grass\n|move|p1a: Wo-Chien|Protect|p1a: Wo-Chien\n|-singleturn|p1a: Wo-Chien|Protect\n|move|p1b: Zamazenta|Body Press|p2b: Calyrex\n|-damage|p2b: Calyrex|0 fnt\n|faint|p2b: Calyrex\n|move|p2a: Miraidon|Electro Drift|p1b: Zamazenta\n|-resisted|p1b: Zamazenta\n|-crit|p1b: Zamazenta\n|-damage|p1b: Zamazenta|24/100\n|\n|-sideend|p1: SEITA|move: Light Screen\n|upkeep\n|\n|t:|1771103388\n|switch|p2b: Iron Hands|Iron Hands, L50, shiny|100/100\n|-activate|p2b: Iron Hands|ability: Quark Drive\n|-start|p2b: Iron Hands|quarkdriveatk\n|turn|10\n|\n|t:|1771103417\n|move|p1b: Zamazenta|Protect|p1b: Zamazenta\n|-singleturn|p1b: Zamazenta|Protect\n|move|p2b: Iron Hands|Fake Out|p1a: Wo-Chien\n|-damage|p1a: Wo-Chien|0 fnt\n|faint|p1a: Wo-Chien\n|move|p2a: Miraidon|Electro Drift|p1b: Zamazenta\n|-activate|p1b: Zamazenta|move: Protect\n|\n|-damage|p1b: Zamazenta|12/100|[from] Leech Seed|[of] p2b: Iron Hands\n|upkeep\n|\n|t:|1771103431\n|switch|p1a: Grimmsnarl|Grimmsnarl, L50, M|50/100\n|turn|11\n|\n|t:|1771103463\n|move|p1a: Grimmsnarl|Reflect|p1a: Grimmsnarl\n|-sidestart|p1: SEITA|Reflect\n|move|p1b: Zamazenta|Body Press|p2a: Miraidon\n|-damage|p2a: Miraidon|0 fnt\n|faint|p2a: Miraidon\n|move|p2b: Iron Hands|Wild Charge|p1b: Zamazenta\n|-resisted|p1b: Zamazenta\n|-damage|p1b: Zamazenta|8/100\n|-damage|p2b: Iron Hands|99/100|[from] Recoil\n|\n|-damage|p1b: Zamazenta|0 fnt|[from] Leech Seed|[of] p2b: Iron Hands\n|-heal|p2b: Iron Hands|100/100|[silent]\n|faint|p1b: Zamazenta\n|upkeep\n|\n|t:|1771103476\n|switch|p1b: Ditto|Ditto, L50|52/100\n|turn|12\n|\n|t:|1771103494\n|-terastallize|p2b: Iron Hands|Water\n|move|p1a: Grimmsnarl|Parting Shot|p2b: Iron Hands\n|-unboost|p2b: Iron Hands|atk|1\n|-unboost|p2b: Iron Hands|spa|1\n|move|p2b: Iron Hands|Drain Punch|p1b: Ditto\n|-supereffective|p1b: Ditto\n|-damage|p1b: Ditto|0 fnt\n|faint|p1b: Ditto\n|\n|upkeep\n|turn|13\n|\n|t:|1771103508\n|move|p1a: Grimmsnarl|Parting Shot|p2b: Iron Hands\n|-unboost|p2b: Iron Hands|atk|1\n|-unboost|p2b: Iron Hands|spa|1\n|move|p2b: Iron Hands|Wild Charge|p1a: Grimmsnarl\n|-damage|p1a: Grimmsnarl|28/100\n|-damage|p2b: Iron Hands|96/100|[from] Recoil\n|\n|-fieldend|move: Electric Terrain\n|-end|p2b: Iron Hands|Quark Drive\n|upkeep\n|turn|14\n|\n|t:|1771103520\n|move|p1a: Grimmsnarl|Spirit Break|p2b: Iron Hands\n|-damage|p2b: Iron Hands|72/100\n|-unboost|p2b: Iron Hands|spa|1\n|move|p2b: Iron Hands|Wild Charge|p1a: Grimmsnarl\n|-damage|p1a: Grimmsnarl|13/100\n|-damage|p2b: Iron Hands|69/100|[from] Recoil\n|\n|upkeep\n|turn|15\n|\n|t:|1771103529\n|move|p1a: Grimmsnarl|Spirit Break|p2b: Iron Hands\n|-damage|p2b: Iron Hands|49/100\n|-unboost|p2b: Iron Hands|spa|1\n|move|p2b: Iron Hands|Wild Charge|p1a: Grimmsnarl\n|-damage|p1a: Grimmsnarl|0 fnt\n|faint|p1a: Grimmsnarl\n|-damage|p2b: Iron Hands|46/100|[from] Recoil\n|\n|win|Hugo22222\n|raw|SEITA's rating: 1355 &rarr; <strong>1334</strong><br />(-21 for losing)\n|raw|Hugo22222's rating: 1329 &rarr; <strong>1350</strong><br />(+21 for winning)\n|l|\u2606SEITA\n|player|p1|\n|l|\u2606Hugo22222\n|player|p2|\n","uploadtime":1771103789,"views":24,"formatid":"gen9vgc2026regi","rating":1334,"private":0,"password":null}