{"id":"gen9vgc2026regi-2563854282","format":"[Gen 9] VGC 2026 Reg I","players":["realcomrade379","FightOrGardeflight"],"log":"|j|\u2606realcomrade379\n|j|\u2606FightOrGardeflight\n|html|<table width=\"100%\"><tr><td align=\"left\">realcomrade379</td><td align=\"right\">FightOrGardeflight</tr><tr><td align=\"left\"><i class=\"fa fa-circle-o\"></i> <i class=\"fa fa-circle-o\"></i> </td><td align=\"right\"><i class=\"fa fa-circle-o\"></i> <i class=\"fa fa-circle-o\"></i> </tr></table>\n|uhtml|bestof|<h2><strong>Game 1</strong> of <a href=\"/game-bestof3-gen9vgc2026regi-2563854281\">a best-of-3</a></h2>\n|t:|1774071988\n|gametype|doubles\n|player|p1|realcomrade379|shadowtriad|\n|player|p2|FightOrGardeflight|miku-ghost|\n|gen|9\n|tier|[Gen 9] VGC 2026 Reg I\n|rated|Tournament battle\n|rule|Species Clause: Limit one of each Pok\u00e9mon\n|rule|Item Clause: Limit 1 of each item\n|raw|<div class=\"infobox\"><details class=\"readmore\" open><summary><strong>4 custom rules:</strong></summary> Open Team Sheets, Force Open Team Sheets, !Open Team Sheets, Best of = 3</details></div>\n|clearpoke\n|poke|p1|Miraidon, L50|\n|poke|p1|Calyrex-Ice, L50|\n|poke|p1|Urshifu-*, L50, F|\n|poke|p1|Incineroar, L50, F|\n|poke|p1|Landorus, L50, M|\n|poke|p1|Grimmsnarl, L50, M|\n|poke|p2|Weezing-Galar, L50, M|\n|poke|p2|Koraidon, L50|\n|poke|p2|Calyrex-Ice, L50|\n|poke|p2|Brute Bonnet, L50|\n|poke|p2|Chi-Yu, L50|\n|poke|p2|Raging Bolt, L50|\n|teampreview|4\n|showteam|p1|Miraidon||ChoiceSpecs|HadronEngine|ElectroDrift,VoltSwitch,DracoMeteor,DazzlingGleam||||||50|,,,,,Fairy]Calyrex-Ice||Leftovers|AsOneGlastrier|Protect,TrickRoom,LeechSeed,GlacialLance||||||50|,,,,,Water]Urshifu-Rapid-Strike||ChoiceBand|UnseenFist|SurgingStrikes,CloseCombat,Uturn,AquaJet|||F|||50|,,,,,Ghost]Incineroar||AssaultVest|Intimidate|FlareBlitz,KnockOff,Uturn,FakeOut|||F|||50|,,,,,Grass]Landorus||LifeOrb|SheerForce|Protect,Taunt,SludgeBomb,EarthPower|||M|||50|,,,,,Water]Grimmsnarl||LightClay|Prankster|SpiritBreak,LightScreen,Reflect,ThunderWave|||M|||50|,,,,,Ghost\n|showteam|p2|Weezing-Galar||CovertCloak|NeutralizingGas|StrangeSteam,Taunt,Protect,WillOWisp|||M|||50|,,,,,Grass]Koraidon||AbilityShield|OrichalcumPulse|CollisionCourse,FlareBlitz,FlameCharge,Protect||||||50|,,,,,Fire]Calyrex-Ice||ClearAmulet|AsOneGlastrier|GlacialLance,CloseCombat,TrickRoom,Protect||||||50|,,,,,Fairy]Brute Bonnet||RoomService|Protosynthesis|Spore,RagePowder,SuckerPunch,SeedBomb||||||50|,,,,,Fire]Chi-Yu||ChoiceScarf|BeadsofRuin|HeatWave,DarkPulse,Flamethrower,Overheat||||||50|,,,,,Grass]Raging Bolt||AssaultVest|Protosynthesis|Thunderbolt,DragonPulse,Thunderclap,DracoMeteor||||||50|,,,,,Water\n|inactive|Battle timer is ON: inactive players will automatically lose when time's up. (requested by FightOrGardeflight)\n|inactive|realcomrade379 has 60 seconds left.\n|\n|t:|1774072043\n|teamsize|p1|4\n|teamsize|p2|4\n|start\n|switch|p1a: Calyrex|Calyrex-Ice, L50|100/100\n|switch|p1b: Incineroar|Incineroar, L50, F|100/100\n|switch|p2a: Weezing|Weezing-Galar, L50, M|100/100\n|switch|p2b: Koraidon|Koraidon, L50|100/100\n|-ability|p2a: Weezing|Neutralizing Gas\n|-block|p2b: Koraidon|item: Ability Shield\n|-ability|p1a: Calyrex|As One\n|-ability|p1a: Calyrex|Unnerve\n|-weather|SunnyDay|[from] ability: Orichalcum Pulse|[of] p2b: Koraidon\n|-activate|p2b: Koraidon|Orichalcum Pulse|[source]\n|turn|1\n|\n|t:|1774072065\n|-terastallize|p2b: Koraidon|Fire\n|move|p1b: Incineroar|Fake Out|p2b: Koraidon\n|-damage|p2b: Koraidon|91/100\n|cant|p2b: Koraidon|flinch\n|move|p2a: Weezing|Taunt|p1a: Calyrex\n|-start|p1a: Calyrex|move: Taunt\n|move|p1a: Calyrex|Glacial Lance|p2a: Weezing|[spread] p2a,p2b\n|-resisted|p2b: Koraidon\n|-damage|p2a: Weezing|53/100\n|-damage|p2b: Koraidon|68/100\n|\n|-weather|SunnyDay|[upkeep]\n|upkeep\n|turn|2\n|\n|t:|1774072087\n|switch|p1b: Landorus|Landorus, L50, M|100/100\n|move|p2b: Koraidon|Collision Course|p1b: Landorus\n|-resisted|p1b: Landorus\n|-damage|p1b: Landorus|65/100\n|move|p2a: Weezing|Will-O-Wisp|p1a: Calyrex\n|-status|p1a: Calyrex|brn\n|move|p1a: Calyrex|Glacial Lance|p2b: Koraidon|[spread] p2a,p2b\n|-resisted|p2b: Koraidon\n|-damage|p2a: Weezing|32/100\n|-damage|p2b: Koraidon|56/100\n|\n|-weather|SunnyDay|[upkeep]\n|-damage|p1a: Calyrex|95/100 brn|[from] brn\n|upkeep\n|turn|3\n|inactive|FightOrGardeflight has 30 seconds left.\n|\n|t:|1774072117\n|move|p2b: Koraidon|Protect|p2b: Koraidon\n|-singleturn|p2b: Koraidon|Protect\n|move|p1b: Landorus|Protect|p1b: Landorus\n|-singleturn|p1b: Landorus|Protect\n|move|p2a: Weezing|Protect|p2a: Weezing\n|-singleturn|p2a: Weezing|Protect\n|move|p1a: Calyrex|Glacial Lance|p2b: Koraidon|[spread] \n|-activate|p2a: Weezing|move: Protect\n|-activate|p2b: Koraidon|move: Protect\n|\n|-weather|SunnyDay|[upkeep]\n|-heal|p1a: Calyrex|100/100 brn|[from] item: Leftovers\n|-damage|p1a: Calyrex|95/100 brn|[from] brn\n|-end|p1a: Calyrex|move: Taunt\n|upkeep\n|turn|4\n|inactive|realcomrade379 has 30 seconds left.\n|inactive|realcomrade379 has 20 seconds left.\n|\n|t:|1774072156\n|switch|p1b: Incineroar|Incineroar, L50, F|100/100\n|move|p2b: Koraidon|Flame Charge|p1b: Incineroar\n|-resisted|p1b: Incineroar\n|-damage|p1b: Incineroar|68/100\n|-boost|p2b: Koraidon|spe|1\n|move|p2a: Weezing|Taunt|p1a: Calyrex\n|-start|p1a: Calyrex|move: Taunt\n|move|p1a: Calyrex|Glacial Lance|p2a: Weezing|[spread] p2a,p2b\n|-resisted|p2b: Koraidon\n|-damage|p2a: Weezing|11/100\n|-damage|p2b: Koraidon|45/100\n|\n|-weather|SunnyDay|[upkeep]\n|-heal|p1a: Calyrex|100/100 brn|[from] item: Leftovers\n|-damage|p1a: Calyrex|95/100 brn|[from] brn\n|upkeep\n|turn|5\n|\n|t:|1774072177\n|-end|p2a: Weezing|ability: Neutralizing Gas\n|-ability|p1b: Incineroar|Intimidate|boost\n|-unboost|p2a: Weezing|atk|1\n|-unboost|p2b: Koraidon|atk|1\n|switch|p2a: Chi-Yu|Chi-Yu, L50|100/100\n|-ability|p2a: Chi-Yu|Beads of Ruin\n|switch|p1a: Miraidon|Miraidon, L50|100/100\n|-fieldstart|move: Electric Terrain|[from] ability: Hadron Engine|[of] p1a: Miraidon\n|move|p2b: Koraidon|Protect|p2b: Koraidon\n|-singleturn|p2b: Koraidon|Protect\n|move|p1b: Incineroar|Fake Out|p2b: Koraidon\n|-activate|p2b: Koraidon|move: Protect\n|\n|-weather|none\n|upkeep\n|turn|6\n|inactive|realcomrade379 has 30 seconds left.\n|\n|t:|1774072210\n|move|p2b: Koraidon|Collision Course|p1b: Incineroar\n|-supereffective|p1b: Incineroar\n|-crit|p1b: Incineroar\n|-damage|p1b: Incineroar|0 fnt\n|faint|p1b: Incineroar\n|move|p2a: Chi-Yu|Heat Wave|p1a: Miraidon\n|-resisted|p1a: Miraidon\n|-crit|p1a: Miraidon\n|-damage|p1a: Miraidon|64/100\n|move|p1a: Miraidon|Electro Drift|p2a: Chi-Yu\n|-damage|p2a: Chi-Yu|0 fnt\n|faint|p2a: Chi-Yu\n|\n|upkeep\n|\n|t:|1774072222\n|switch|p2a: Calyrex|Calyrex-Ice, L50|100/100\n|switch|p1b: Calyrex|Calyrex-Ice, L50|95/100 brn\n|-ability|p2a: Calyrex|As One\n|-ability|p2a: Calyrex|Unnerve\n|-ability|p1b: Calyrex|As One\n|-ability|p1b: Calyrex|Unnerve\n|turn|7\n|\n|t:|1774072238\n|move|p2b: Koraidon|Protect|p2b: Koraidon\n|-singleturn|p2b: Koraidon|Protect\n|move|p1a: Miraidon|Electro Drift|p2a: Calyrex\n|-damage|p2a: Calyrex|15/100\n|move|p2a: Calyrex|Glacial Lance|p1a: Miraidon|[spread] p1a,p1b\n|-supereffective|p1a: Miraidon\n|-resisted|p1b: Calyrex\n|-damage|p1a: Miraidon|0 fnt\n|-damage|p1b: Calyrex|77/100 brn\n|faint|p1a: Miraidon\n|-ability|p2a: Calyrex|Chilling Neigh|boost\n|-boost|p2a: Calyrex|atk|1\n|move|p1b: Calyrex|Glacial Lance|p2a: Calyrex|[spread] p2a\n|-activate|p2b: Koraidon|move: Protect\n|-resisted|p2a: Calyrex\n|-damage|p2a: Calyrex|7/100\n|\n|-heal|p1b: Calyrex|83/100 brn|[from] item: Leftovers\n|-damage|p1b: Calyrex|77/100 brn|[from] brn\n|upkeep\n|\n|t:|1774072246\n|switch|p1a: Landorus|Landorus, L50, M|65/100\n|turn|8\n|inactive|realcomrade379 has 30 seconds left.\n|\n|t:|1774072271\n|-terastallize|p1a: Landorus|Water\n|move|p2b: Koraidon|Flare Blitz|p1b: Calyrex\n|-supereffective|p1b: Calyrex\n|-damage|p1b: Calyrex|27/100 brn\n|-damage|p2b: Koraidon|26/100|[from] Recoil\n|move|p1a: Landorus|Earth Power|p2b: Koraidon\n|-supereffective|p2b: Koraidon\n|-damage|p2b: Koraidon|0 fnt\n|faint|p2b: Koraidon\n|move|p2a: Calyrex|Glacial Lance|p1b: Calyrex|[spread] p1a,p1b\n|-resisted|p1a: Landorus\n|-resisted|p1b: Calyrex\n|-damage|p1a: Landorus|25/100\n|-damage|p1b: Calyrex|0 fnt\n|faint|p1b: Calyrex\n|-ability|p2a: Calyrex|Chilling Neigh|boost\n|-boost|p2a: Calyrex|atk|1\n|\n|upkeep\n|\n|t:|1774072275\n|switch|p2b: Weezing|Weezing-Galar, L50, M|11/100\n|-ability|p2b: Weezing|Neutralizing Gas\n|turn|9\n|\n|t:|1774072286\n|move|p1a: Landorus|Earth Power|p2a: Calyrex\n|-damage|p2a: Calyrex|0 fnt\n|faint|p2a: Calyrex\n|-damage|p1a: Landorus|15/100|[from] item: Life Orb\n|move|p2b: Weezing|Strange Steam|p1a: Landorus\n|-damage|p1a: Landorus|0 fnt\n|faint|p1a: Landorus\n|\n|win|FightOrGardeflight\n","uploadtime":1774072288,"views":204,"formatid":"gen9vgc2026regi","rating":null,"private":0,"password":null}