{"id":"gen9vgc2026regi-2575679870","format":"[Gen 9] VGC 2026 Reg I","players":["corndog7","jj11j1"],"log":"|j|\u2606corndog7\n|j|\u2606jj11j1\n|t:|1775386885\n|gametype|doubles\n|player|p1|corndog7|102|1209\n|player|p2|jj11j1|169|1259\n|gen|9\n|tier|[Gen 9] VGC 2026 Reg I\n|rated|\n|rule|Species Clause: Limit one of each Pok\u00e9mon\n|rule|Item Clause: Limit 1 of each item\n|clearpoke\n|poke|p1|Kyogre, L50|\n|poke|p1|Tornadus, L50, M|\n|poke|p1|Rillaboom, L50, M|\n|poke|p1|Flutter Mane, L50|\n|poke|p1|Zamazenta-*, L50|\n|poke|p1|Urshifu-*, L50, M|\n|poke|p2|Ho-Oh, L50|\n|poke|p2|Calyrex-Ice, L50|\n|poke|p2|Overqwil, L50, F|\n|poke|p2|Ting-Lu, L50|\n|poke|p2|Rillaboom, L50, M|\n|poke|p2|Ogerpon-Wellspring, L50, F|\n|teampreview|4\n|inactive|Battle timer is ON: inactive players will automatically lose when time's up. (requested by corndog7)\n|inactive|corndog7 has 60 seconds left.\n|inactive|jj11j1 has 60 seconds left.\n|\n|t:|1775386920\n|teamsize|p1|4\n|teamsize|p2|4\n|start\n|switch|p1a: Kyogre|Kyogre, L50|100/100\n|switch|p1b: Flutter Mane|Flutter Mane, L50|100/100\n|switch|p2a: Calyrex|Calyrex-Ice, L50|100/100\n|switch|p2b: Rillaboom|Rillaboom, L50, M|100/100\n|-ability|p2a: Calyrex|As One\n|-ability|p2a: Calyrex|Unnerve\n|-weather|RainDance|[from] ability: Drizzle|[of] p1a: Kyogre\n|-fieldstart|move: Grassy Terrain|[from] ability: Grassy Surge|[of] p2b: Rillaboom\n|turn|1\n|inactive|jj11j1 has 30 seconds left.\n|inactive|jj11j1 has 20 seconds left.\n|\n|t:|1775386955\n|-terastallize|p2a: Calyrex|Water\n|move|p1a: Kyogre|Protect|p1a: Kyogre\n|-singleturn|p1a: Kyogre|Protect\n|move|p1b: Flutter Mane|Taunt|p2a: Calyrex\n|-start|p2a: Calyrex|move: Taunt\n|move|p2b: Rillaboom|U-turn|p1b: Flutter Mane\n|-resisted|p1b: Flutter Mane\n|-damage|p1b: Flutter Mane|89/100\n|\n|t:|1775386966\n|switch|p2b: Ting-Lu|Ting-Lu, L50|100/100|[from] U-turn\n|-ability|p2b: Ting-Lu|Vessel of Ruin\n|cant|p2a: Calyrex|move: Taunt|Trick Room\n|\n|-weather|RainDance|[upkeep]\n|-heal|p1b: Flutter Mane|95/100|[from] Grassy Terrain\n|upkeep\n|turn|2\n|\n|t:|1775386985\n|switch|p2b: Rillaboom|Rillaboom, L50, M|100/100\n|move|p1b: Flutter Mane|Moonblast|p2a: Calyrex\n|-damage|p2a: Calyrex|69/100\n|-unboost|p2a: Calyrex|spa|1\n|move|p1a: Kyogre|Water Spout|p2b: Rillaboom|[spread] p2a,p2b\n|-resisted|p2a: Calyrex\n|-resisted|p2b: Rillaboom\n|-damage|p2a: Calyrex|32/100\n|-damage|p2b: Rillaboom|54/100\n|move|p2a: Calyrex|Glacial Lance|p1b: Flutter Mane|[spread] p1a,p1b\n|-resisted|p1a: Kyogre\n|-damage|p1a: Kyogre|75/100\n|-damage|p1b: Flutter Mane|0 fnt\n|faint|p1b: Flutter Mane\n|-end|p1b: Flutter Mane|Protosynthesis|[silent]\n|-ability|p2a: Calyrex|Chilling Neigh|boost\n|-boost|p2a: Calyrex|atk|1\n|\n|-weather|RainDance|[upkeep]\n|-heal|p1a: Kyogre|81/100|[from] Grassy Terrain\n|-heal|p2b: Rillaboom|59/100|[from] Grassy Terrain\n|-heal|p2a: Calyrex|38/100|[from] Grassy Terrain\n|-heal|p2a: Calyrex|44/100|[from] item: Leftovers\n|upkeep\n|\n|t:|1775386999\n|switch|p1b: Rillaboom|Rillaboom, L50, M|100/100\n|turn|3\n|\n|t:|1775387016\n|move|p2b: Rillaboom|Fake Out|p1b: Rillaboom\n|-damage|p1b: Rillaboom|86/100\n|cant|p1b: Rillaboom|flinch\n|move|p1a: Kyogre|Water Spout|p2a: Calyrex|[spread] p2a,p2b\n|-resisted|p2a: Calyrex\n|-resisted|p2b: Rillaboom\n|-damage|p2a: Calyrex|14/100\n|-damage|p2b: Rillaboom|25/100\n|move|p2a: Calyrex|Glacial Lance|p1b: Rillaboom|[spread] p1a,p1b\n|-resisted|p1a: Kyogre\n|-supereffective|p1b: Rillaboom\n|-damage|p1a: Kyogre|47/100\n|-damage|p1b: Rillaboom|0 fnt\n|faint|p1b: Rillaboom\n|-ability|p2a: Calyrex|Chilling Neigh|boost\n|-boost|p2a: Calyrex|atk|1\n|\n|-weather|RainDance|[upkeep]\n|-heal|p1a: Kyogre|53/100|[from] Grassy Terrain\n|-heal|p2b: Rillaboom|30/100|[from] Grassy Terrain\n|-heal|p2a: Calyrex|19/100|[from] Grassy Terrain\n|-heal|p2a: Calyrex|25/100|[from] item: Leftovers\n|-end|p2a: Calyrex|move: Taunt\n|upkeep\n|\n|t:|1775387019\n|switch|p1b: Tornadus|Tornadus, L50, M|100/100\n|turn|4\n|inactive|jj11j1 has 30 seconds left.\n|inactive|jj11j1 has 20 seconds left.\n|\n|t:|1775387059\n|switch|p2b: Ting-Lu|Ting-Lu, L50|100/100\n|-ability|p2b: Ting-Lu|Vessel of Ruin\n|-terastallize|p1a: Kyogre|Grass\n|move|p2a: Calyrex|Protect|p2a: Calyrex\n|-singleturn|p2a: Calyrex|Protect\n|move|p1b: Tornadus|Bleakwind Storm|p2a: Calyrex|[spread] p2b\n|-activate|p2a: Calyrex|move: Protect\n|-damage|p2b: Ting-Lu|78/100\n|move|p1a: Kyogre|Origin Pulse|p2b: Ting-Lu|[spread] p2b\n|-activate|p2a: Calyrex|move: Protect\n|-supereffective|p2b: Ting-Lu\n|-damage|p2b: Ting-Lu|0 fnt\n|faint|p2b: Ting-Lu\n|\n|-weather|RainDance|[upkeep]\n|-heal|p1a: Kyogre|59/100|[from] Grassy Terrain\n|-heal|p2a: Calyrex|31/100|[from] Grassy Terrain\n|-heal|p2a: Calyrex|37/100|[from] item: Leftovers\n|upkeep\n|\n|t:|1775387081\n|switch|p2b: Rillaboom|Rillaboom, L50, M|30/100\n|turn|5\n|\n|t:|1775387104\n|move|p2b: Rillaboom|Fake Out|p1b: Tornadus\n|-damage|p1b: Tornadus|81/100\n|move|p1b: Tornadus|Bleakwind Storm|p2a: Calyrex|[spread] p2a,p2b\n|-supereffective|p2b: Rillaboom\n|-damage|p2a: Calyrex|15/100\n|-damage|p2b: Rillaboom|0 fnt\n|faint|p2b: Rillaboom\n|move|p1a: Kyogre|Origin Pulse|p2a: Calyrex\n|-resisted|p2a: Calyrex\n|-damage|p2a: Calyrex|0 fnt\n|faint|p2a: Calyrex\n|\n|-weather|none\n|-heal|p1a: Kyogre|66/100|[from] Grassy Terrain\n|-fieldend|move: Grassy Terrain\n|upkeep\n|\n|t:|1775387118\n|switch|p2b: Ho-Oh|Ho-Oh, L50|100/100\n|turn|6\n|\n|t:|1775387124\n|move|p1a: Kyogre|Protect|p1a: Kyogre\n|-singleturn|p1a: Kyogre|Protect\n|move|p1b: Tornadus|Rain Dance|p1b: Tornadus\n|-weather|RainDance\n|move|p2b: Ho-Oh|Sacred Fire|p1a: Kyogre\n|-activate|p1a: Kyogre|move: Protect\n|\n|-weather|RainDance|[upkeep]\n|upkeep\n|turn|7\n|\n|t:|1775387133\n|move|p1b: Tornadus|Tailwind|p1b: Tornadus\n|-sidestart|p1: corndog7|move: Tailwind\n|move|p1a: Kyogre|Water Spout|p2b: Ho-Oh\n|-supereffective|p2b: Ho-Oh\n|-damage|p2b: Ho-Oh|0 fnt\n|faint|p2b: Ho-Oh\n|\n|win|corndog7\n|raw|corndog7's rating: 1209 &rarr; <strong>1238</strong><br />(+29 for winning)\n|raw|jj11j1's rating: 1259 &rarr; <strong>1230</strong><br />(-29 for losing)\n","uploadtime":1775387134,"views":7,"formatid":"gen9vgc2026regi","rating":1230,"private":0,"password":null}