{"id":"gen9vgc2026regi-2524632877","format":"[Gen 9] VGC 2026 Reg I","players":["suc vat vk","1zha"],"log":"|j|\u2606suc vat vk\n|j|\u26061zha\n|t:|1769178273\n|gametype|doubles\n|player|p1|suc vat vk|kimonogirl|1225\n|player|p2|1zha|1|1274\n|gen|9\n|tier|[Gen 9] VGC 2026 Reg I\n|rated|\n|rule|Species Clause: Limit one of each Pok\u00e9mon\n|rule|Item Clause: Limit 1 of each item\n|clearpoke\n|poke|p1|Giratina-Origin, L50|\n|poke|p1|Incineroar, L50, M|\n|poke|p1|Urshifu-*, L50, F|\n|poke|p1|Pelipper, L50, M|\n|poke|p1|Zacian-*, L50|\n|poke|p1|Amoonguss, L50, M|\n|poke|p2|Calyrex-Shadow, L50|\n|poke|p2|Zamazenta-*, L50|\n|poke|p2|Whimsicott, L50, M|\n|poke|p2|Maushold-Four, L50|\n|poke|p2|Chi-Yu, L50|\n|poke|p2|Amoonguss, L50, F|\n|teampreview|4\n|inactive|Battle timer is ON: inactive players will automatically lose when time's up. (requested by 1zha)\n|\n|t:|1769178310\n|teamsize|p1|4\n|teamsize|p2|4\n|start\n|switch|p1a: Pelipper|Pelipper, L50, M, shiny|100/100\n|switch|p1b: Urshifu|Urshifu-Rapid-Strike, L50, F|100/100\n|switch|p2a: Whimsicott|Whimsicott, L50, M, shiny|100/100\n|switch|p2b: Chi-Yu|Chi-Yu, L50, shiny|100/100\n|-ability|p2b: Chi-Yu|Beads of Ruin\n|-weather|RainDance|[from] ability: Drizzle|[of] p1a: Pelipper\n|turn|1\n|\n|t:|1769178321\n|-terastallize|p2b: Chi-Yu|Ground\n|move|p2a: Whimsicott|Tailwind|p2a: Whimsicott\n|-sidestart|p2: 1zha|move: Tailwind\n|move|p2b: Chi-Yu|Tera Blast|p1b: Urshifu|[anim] Tera Blast Ground\n|-damage|p1b: Urshifu|0 fnt\n|faint|p1b: Urshifu\n|move|p1a: Pelipper|Tailwind|p1a: Pelipper\n|-sidestart|p1: suc vat vk|move: Tailwind\n|\n|-weather|RainDance|[upkeep]\n|upkeep\n|\n|t:|1769178333\n|switch|p1b: Giratina|Giratina-Origin, L50, shiny|100/100\n|turn|2\n|\n|t:|1769178346\n|switch|p2b: Zamazenta|Zamazenta-Crowned, L50|100/100\n|-ability|p2b: Zamazenta|Dauntless Shield|boost\n|-boost|p2b: Zamazenta|def|1\n|-terastallize|p1b: Giratina|Fairy\n|move|p2a: Whimsicott|Encore|p1a: Pelipper\n|-start|p1a: Pelipper|Encore\n|move|p1a: Pelipper|Tailwind||[still]\n|-fail|p1a: Pelipper\n|move|p1b: Giratina|Shadow Force||[still]\n|-prepare|p1b: Giratina|Shadow Force\n|\n|-weather|RainDance|[upkeep]\n|upkeep\n|turn|3\n|\n|t:|1769178363\n|switch|p1a: Zacian|Zacian-Crowned, L50, shiny|100/100\n|-ability|p1a: Zacian|Intrepid Sword|boost\n|-boost|p1a: Zacian|atk|1\n|move|p2a: Whimsicott|Endeavor|p1a: Zacian\n|-damage|p1a: Zacian|76/100\n|move|p2b: Zamazenta|Body Press|p1a: Zacian\n|-damage|p1a: Zacian|16/100\n|move|p1b: Giratina|Shadow Force|p2b: Zamazenta|[from] lockedmove\n|-crit|p2b: Zamazenta\n|-damage|p2b: Zamazenta|42/100\n|\n|-weather|RainDance|[upkeep]\n|upkeep\n|turn|4\n|\n|t:|1769178387\n|move|p2a: Whimsicott|Encore|p1b: Giratina\n|-start|p1b: Giratina|Encore\n|move|p1a: Zacian|Behemoth Blade|p2a: Whimsicott\n|-supereffective|p2a: Whimsicott\n|-enditem|p2a: Whimsicott|Focus Sash\n|-damage|p2a: Whimsicott|1/100\n|move|p2b: Zamazenta|Body Press|p1a: Zacian\n|-damage|p1a: Zacian|0 fnt\n|faint|p1a: Zacian\n|move|p1b: Giratina|Shadow Force||[still]\n|-prepare|p1b: Giratina|Shadow Force\n|\n|-weather|RainDance|[upkeep]\n|-sideend|p2: 1zha|move: Tailwind\n|-sideend|p1: suc vat vk|move: Tailwind\n|upkeep\n|\n|t:|1769178393\n|switch|p1a: Pelipper|Pelipper, L50, M, shiny|100/100\n|turn|5\n|\n|t:|1769178405\n|move|p2a: Whimsicott|Taunt|p1a: Pelipper\n|-start|p1a: Pelipper|move: Taunt\n|move|p2b: Zamazenta|Body Press|p1a: Pelipper\n|-resisted|p1a: Pelipper\n|-damage|p1a: Pelipper|49/100\n|move|p1a: Pelipper|Weather Ball|p2b: Zamazenta\n|-damage|p2b: Zamazenta|1/100\n|move|p1b: Giratina|Shadow Force|p2a: Whimsicott|[from] lockedmove\n|-damage|p2a: Whimsicott|0 fnt\n|faint|p2a: Whimsicott\n|\n|-weather|none\n|upkeep\n|\n|t:|1769178416\n|switch|p2a: Calyrex|Calyrex-Shadow, L50|100/100\n|-ability|p2a: Calyrex|As One\n|-ability|p2a: Calyrex|Unnerve\n|turn|6\n|\n|t:|1769178440\n|move|p2a: Calyrex|Astral Barrage|p1a: Pelipper|[spread] p1a,p1b\n|-damage|p1a: Pelipper|0 fnt\n|-damage|p1b: Giratina|52/100\n|faint|p1a: Pelipper\n|-ability|p2a: Calyrex|Grim Neigh|boost\n|-boost|p2a: Calyrex|spa|1\n|-damage|p2a: Calyrex|91/100|[from] item: Life Orb\n|move|p2b: Zamazenta|Body Press|p1b: Giratina\n|-resisted|p1b: Giratina\n|-damage|p1b: Giratina|28/100\n|move|p1b: Giratina|Shadow Force||[still]\n|-prepare|p1b: Giratina|Shadow Force\n|\n|-end|p1b: Giratina|Encore\n|upkeep\n|turn|7\n|\n|t:|1769178455\n|switch|p2a: Chi-Yu|Chi-Yu, L50, shiny, tera:Ground|100/100\n|-ability|p2a: Chi-Yu|Beads of Ruin\n|move|p2b: Zamazenta|Heavy Slam|p1b: Giratina|[miss]\n|-miss|p2b: Zamazenta|p1b: Giratina\n|move|p1b: Giratina|Shadow Force|p2a: Chi-Yu|[from] lockedmove\n|-damage|p2a: Chi-Yu|0 fnt\n|faint|p2a: Chi-Yu\n|\n|upkeep\n|\n|t:|1769178464\n|switch|p2a: Calyrex|Calyrex-Shadow, L50|91/100\n|-ability|p2a: Calyrex|As One\n|-ability|p2a: Calyrex|Unnerve\n|turn|8\n|\n|t:|1769178481\n|move|p1b: Giratina|Protect|p1b: Giratina\n|-singleturn|p1b: Giratina|Protect\n|move|p2a: Calyrex|Astral Barrage|p1b: Giratina\n|-activate|p1b: Giratina|move: Protect\n|move|p2b: Zamazenta|Body Press|p1b: Giratina\n|-activate|p1b: Giratina|move: Protect\n|\n|upkeep\n|turn|9\n|\n|t:|1769178487\n|move|p1b: Giratina|Shadow Sneak|p2a: Calyrex\n|-supereffective|p2a: Calyrex\n|-damage|p2a: Calyrex|0 fnt\n|faint|p2a: Calyrex\n|move|p2b: Zamazenta|Body Press|p1b: Giratina\n|-resisted|p1b: Giratina\n|-damage|p1b: Giratina|1/100\n|\n|upkeep\n|turn|10\n|-message|1zha forfeited.\n|\n|win|suc vat vk\n|raw|suc vat vk's rating: 1225 &rarr; <strong>1254</strong><br />(+29 for winning)\n|raw|1zha's rating: 1274 &rarr; <strong>1245</strong><br />(-29 for losing)\n|l|\u26061zha\n|player|p2|\n|l|\u2606suc vat vk\n|player|p1|\n","uploadtime":1769178634,"views":12,"formatid":"gen9vgc2026regi","rating":1245,"private":0,"password":null}