{"id":"gen9vgc2026regi-2573326123","format":"[Gen 9] VGC 2026 Reg I","players":["Bicentenario","Papamaiku"],"log":"|j|\u2606Bicentenario\n|j|\u2606Papamaiku\n|t:|1775122418\n|gametype|doubles\n|player|p1|Bicentenario|170|1344\n|player|p2|Papamaiku|ethan|1276\n|gen|9\n|tier|[Gen 9] VGC 2026 Reg I\n|rated|\n|rule|Species Clause: Limit one of each Pok\u00e9mon\n|rule|Item Clause: Limit 1 of each item\n|clearpoke\n|poke|p1|Calyrex-Ice, L50|\n|poke|p1|Indeedee-F, L50, F|\n|poke|p1|Urshifu-*, L50, M|\n|poke|p1|Lunala, L50|\n|poke|p1|Torkoal, L50, M|\n|poke|p1|Smeargle, L50, M|\n|poke|p2|Calyrex-Ice, L50|\n|poke|p2|Miraidon, L50|\n|poke|p2|Ursaluna-Bloodmoon, L50, M|\n|poke|p2|Farigiraf, L50, F|\n|poke|p2|Incineroar, L50, M|\n|poke|p2|Iron Hands, L50|\n|teampreview|4\n|\n|t:|1775122450\n|teamsize|p1|4\n|teamsize|p2|4\n|start\n|switch|p1a: Indeedee|Indeedee-F, L50, F|100/100\n|switch|p1b: Urshifu|Urshifu, L50, M|100/100\n|switch|p2a: Tony the Tiger|Incineroar, L50, M, shiny|100/100\n|switch|p2b: Long Way|Farigiraf, L50, F, shiny|100/100\n|-fieldstart|move: Psychic Terrain|[from] ability: Psychic Surge|[of] p1a: Indeedee\n|-ability|p2a: Tony the Tiger|Intimidate|boost\n|-unboost|p1a: Indeedee|atk|1\n|-unboost|p1b: Urshifu|atk|1\n|turn|1\n|inactive|Battle timer is ON: inactive players will automatically lose when time's up. (requested by Bicentenario)\n|inactive|Papamaiku has 60 seconds left.\n|\n|t:|1775122507\n|-terastallize|p1b: Urshifu|Stellar\n|move|p2a: Tony the Tiger|Knock Off|p1a: Indeedee\n|-supereffective|p1a: Indeedee\n|-damage|p1a: Indeedee|29/100\n|-damage|p2a: Tony the Tiger|84/100|[from] item: Rocky Helmet|[of] p1a: Indeedee\n|-enditem|p1a: Indeedee|Rocky Helmet|[from] move: Knock Off|[of] p2a: Tony the Tiger\n|move|p1b: Urshifu|Wicked Blow|p2b: Long Way\n|-supereffective|p2b: Long Way\n|-crit|p2b: Long Way\n|-damage|p2b: Long Way|0 fnt\n|faint|p2b: Long Way\n|move|p1a: Indeedee|Trick Room|p1a: Indeedee\n|-fieldstart|move: Trick Room|[of] p1a: Indeedee\n|\n|upkeep\n|\n|t:|1775122519\n|switch|p2b: Horse|Calyrex-Ice, L50|100/100\n|-ability|p2b: Horse|As One\n|-ability|p2b: Horse|Unnerve\n|turn|2\n|\n|t:|1775122540\n|move|p1a: Indeedee|Follow Me|p1a: Indeedee\n|-singleturn|p1a: Indeedee|move: Follow Me\n|move|p1b: Urshifu|Close Combat|p2a: Tony the Tiger\n|-supereffective|p2a: Tony the Tiger\n|-damage|p2a: Tony the Tiger|0 fnt\n|-unboost|p1b: Urshifu|def|1\n|-unboost|p1b: Urshifu|spd|1\n|faint|p2a: Tony the Tiger\n|move|p2b: Horse|Glacial Lance|p1a: Indeedee|[spread] p1a,p1b\n|-damage|p1a: Indeedee|0 fnt\n|-damage|p1b: Urshifu|19/100\n|faint|p1a: Indeedee\n|-ability|p2b: Horse|Chilling Neigh|boost\n|-boost|p2b: Horse|atk|1\n|\n|upkeep\n|\n|t:|1775122555\n|switch|p2a: Winnie|Ursaluna-Bloodmoon, L50, M|100/100\n|switch|p1a: Calyrex|Calyrex-Ice, L50|100/100\n|-ability|p1a: Calyrex|As One\n|-ability|p1a: Calyrex|Unnerve\n|turn|3\n|\n|t:|1775122572\n|-terastallize|p2a: Winnie|Normal\n|move|p1b: Urshifu|Wicked Blow|p2b: Horse\n|-supereffective|p2b: Horse\n|-crit|p2b: Horse\n|-damage|p2b: Horse|18/100\n|move|p2b: Horse|Glacial Lance|p1a: Calyrex|[spread] p1a,p1b\n|-resisted|p1a: Calyrex\n|-damage|p1a: Calyrex|72/100\n|-damage|p1b: Urshifu|0 fnt\n|faint|p1b: Urshifu\n|-ability|p2b: Horse|Chilling Neigh|boost\n|-boost|p2b: Horse|atk|1\n|move|p1a: Calyrex|Glacial Lance|p2a: Winnie|[spread] p2a,p2b\n|-crit|p2a: Winnie\n|-resisted|p2b: Horse\n|-damage|p2a: Winnie|43/100\n|-damage|p2b: Horse|1/100\n|move|p2a: Winnie|Hyper Voice|p1a: Calyrex\n|-damage|p1a: Calyrex|9/100\n|\n|upkeep\n|\n|t:|1775122581\n|switch|p1b: Lunala|Lunala, L50|100/100\n|turn|4\n|c|\u2606Papamaiku|how is urshifu moving first in trick room?\n|inactive|Papamaiku has 30 seconds left.\n|\n|t:|1775122607\n|move|p1b: Lunala|Wide Guard|p1b: Lunala\n|-singleturn|p1b: Lunala|Wide Guard\n|move|p2b: Horse|High Horsepower|p1b: Lunala|[miss]\n|-miss|p2b: Horse|p1b: Lunala\n|move|p1a: Calyrex|Glacial Lance|p2a: Winnie|[spread] p2a,p2b\n|-resisted|p2b: Horse\n|-damage|p2a: Winnie|3/100\n|-damage|p2b: Horse|0 fnt\n|faint|p2b: Horse\n|-ability|p1a: Calyrex|Chilling Neigh|boost\n|-boost|p1a: Calyrex|atk|1\n|move|p2a: Winnie|Blood Moon|p1b: Lunala\n|-damage|p1b: Lunala|57/100\n|\n|-heal|p1b: Lunala|64/100|[from] item: Leftovers\n|upkeep\n|turn|5\n|c|\u2606Bicentenario|Iron ball min speed\n|c|\u2606Papamaiku|oh sweet\n|\n|t:|1775122626\n|move|p1a: Calyrex|Glacial Lance|p2a: Winnie\n|-damage|p2a: Winnie|0 fnt\n|faint|p2a: Winnie\n|\n|win|Bicentenario\n|raw|Bicentenario's rating: 1344 &rarr; <strong>1360</strong><br />(+16 for winning)\n|raw|Papamaiku's rating: 1276 &rarr; <strong>1256</strong><br />(-20 for losing)\n|l|\u2606Papamaiku\n|player|p2|\n|c|\u2606Bicentenario|Gg wp\n|l|\u2606Bicentenario\n|player|p1|\n","uploadtime":1775122789,"views":10,"formatid":"gen9vgc2026regi","rating":1256,"private":0,"password":null}