{"id":"gen9vgc2026regi-2573269766","format":"[Gen 9] VGC 2026 Reg I","players":["Schwann_Song","sunny_zong3"],"log":"|j|\u2606Schwann_Song\n|j|\u2606sunny_zong3\n|t:|1775112619\n|gametype|doubles\n|player|p1|Schwann_Song|170|1220\n|player|p2|sunny_zong3|102|1245\n|gen|9\n|tier|[Gen 9] VGC 2026 Reg I\n|rated|\n|rule|Species Clause: Limit one of each Pok\u00e9mon\n|rule|Item Clause: Limit 1 of each item\n|clearpoke\n|poke|p1|Ho-Oh, L50|\n|poke|p1|Reshiram, L50|\n|poke|p1|Salazzle, L50, F|\n|poke|p1|Heatran, L50, F|\n|poke|p1|Torkoal, L50, M|\n|poke|p1|Blaziken, L50, F|\n|poke|p2|Typhlosion-Hisui, L50, M|\n|poke|p2|Miraidon, L50|\n|poke|p2|Calyrex-Shadow, L50|\n|poke|p2|Maushold-Four, L50|\n|poke|p2|Annihilape, L50, F|\n|poke|p2|Murkrow, L50, F|\n|teampreview|4\n|inactive|Battle timer is ON: inactive players will automatically lose when time's up. (requested by sunny_zong3)\n|inactive|Schwann_Song has 60 seconds left.\n|inactive|sunny_zong3 has 60 seconds left.\n|\n|t:|1775112670\n|teamsize|p1|4\n|teamsize|p2|4\n|start\n|switch|p1a: Salazzle|Salazzle, L50, F|100/100\n|switch|p1b: Blaziken|Blaziken, L50, F|100/100\n|switch|p2a: Murkrow|Murkrow, L50, F|100/100\n|switch|p2b: Typhlosion|Typhlosion-Hisui, L50, M|100/100\n|turn|1\n|inactive|Schwann_Song has 30 seconds left.\n|inactive|Schwann_Song has 20 seconds left.\n|inactive|Schwann_Song has 15 seconds left.\n|\n|t:|1775112711\n|-terastallize|p1b: Blaziken|Dark\n|move|p1a: Salazzle|Fake Out|p2a: Murkrow\n|-damage|p2a: Murkrow|84/100\n|move|p2a: Murkrow|Tailwind|p2a: Murkrow\n|-sidestart|p2: sunny_zong3|move: Tailwind\n|move|p2b: Typhlosion|Eruption|p1b: Blaziken|[spread] p1a,p1b\n|-resisted|p1a: Salazzle\n|-damage|p1a: Salazzle|46/100\n|-damage|p1b: Blaziken|23/100\n|move|p1b: Blaziken|Knock Off|p2b: Typhlosion\n|-supereffective|p2b: Typhlosion\n|-enditem|p2b: Typhlosion|Focus Sash\n|-damage|p2b: Typhlosion|1/100\n|\n|-ability|p1b: Blaziken|Speed Boost|boost\n|-boost|p1b: Blaziken|spe|1\n|upkeep\n|turn|2\n|inactive|sunny_zong3 has 30 seconds left.\n|\n|t:|1775112740\n|move|p1b: Blaziken|Protect|p1b: Blaziken\n|-singleturn|p1b: Blaziken|Protect\n|move|p2b: Typhlosion|Curse|p1b: Blaziken\n|-start|p1b: Blaziken|Curse|[of] p2b: Typhlosion\n|-damage|p2b: Typhlosion|0 fnt\n|faint|p2b: Typhlosion\n|move|p2a: Murkrow|Brave Bird|p1a: Salazzle\n|-damage|p1a: Salazzle|0 fnt\n|faint|p1a: Salazzle\n|-damage|p2a: Murkrow|68/100|[from] Recoil\n|\n|-damage|p1b: Blaziken|0 fnt|[from] Curse\n|faint|p1b: Blaziken\n|upkeep\n|\n|t:|1775112755\n|switch|p1a: Ho-Oh|Ho-Oh, L50|100/100\n|switch|p2b: Miraidon|Miraidon, L50|100/100\n|switch|p1b: Heatran|Heatran, L50, F|100/100\n|-fieldstart|move: Electric Terrain|[from] ability: Hadron Engine|[of] p2b: Miraidon\n|turn|3\n|\n|t:|1775112768\n|move|p1a: Ho-Oh|Protect|p1a: Ho-Oh\n|-singleturn|p1a: Ho-Oh|Protect\n|move|p2a: Murkrow|Taunt|p1a: Ho-Oh\n|-activate|p1a: Ho-Oh|move: Protect\n|move|p2b: Miraidon|Electro Drift|p1b: Heatran\n|-damage|p1b: Heatran|30/100\n|-damage|p2b: Miraidon|91/100|[from] item: Life Orb\n|move|p1b: Heatran|Earth Power|p2b: Miraidon\n|-supereffective|p2b: Miraidon\n|-damage|p2b: Miraidon|26/100\n|\n|upkeep\n|turn|4\n|\n|t:|1775112793\n|move|p2a: Murkrow|Feather Dance|p1a: Ho-Oh\n|-unboost|p1a: Ho-Oh|atk|2\n|move|p2b: Miraidon|Electro Drift|p1a: Ho-Oh\n|-supereffective|p1a: Ho-Oh\n|-damage|p1a: Ho-Oh|0 fnt\n|faint|p1a: Ho-Oh\n|-damage|p2b: Miraidon|16/100|[from] item: Life Orb\n|move|p1b: Heatran|Earth Power|p2b: Miraidon\n|-supereffective|p2b: Miraidon\n|-damage|p2b: Miraidon|0 fnt\n|faint|p2b: Miraidon\n|\n|-sideend|p2: sunny_zong3|move: Tailwind\n|upkeep\n|\n|t:|1775112796\n|switch|p2b: Calyrex|Calyrex-Shadow, L50|100/100\n|-ability|p2b: Calyrex|As One\n|-ability|p2b: Calyrex|Unnerve\n|turn|5\n|\n|t:|1775112816\n|move|p2b: Calyrex|Astral Barrage|p1b: Heatran\n|-damage|p1b: Heatran|0 fnt\n|faint|p1b: Heatran\n|\n|win|sunny_zong3\n|raw|Schwann_Song's rating: 1220 &rarr; <strong>1197</strong><br />(-23 for losing)\n|raw|sunny_zong3's rating: 1245 &rarr; <strong>1268</strong><br />(+23 for winning)\n|l|\u2606Schwann_Song\n|player|p1|\n|l|\u2606sunny_zong3\n|player|p2|\n","uploadtime":1775113054,"views":14,"formatid":"gen9vgc2026regi","rating":1197,"private":0,"password":null}