{"id":"gen9vgc2026regi-2553626008","format":"[Gen 9] VGC 2026 Reg I","players":["blackred123","metricboy"],"log":"|j|\u2606blackred123\n|j|\u2606metricboy\n|t:|1772852678\n|gametype|doubles\n|player|p1|blackred123|iono-masters|1473\n|player|p2|metricboy|102|1379\n|gen|9\n|tier|[Gen 9] VGC 2026 Reg I\n|rated|\n|rule|Species Clause: Limit one of each Pok\u00e9mon\n|rule|Item Clause: Limit 1 of each item\n|clearpoke\n|poke|p1|Kyogre, L50|\n|poke|p1|Zamazenta-*, L50|\n|poke|p1|Chien-Pao, L50|\n|poke|p1|Amoonguss, L50, M|\n|poke|p1|Dragonite, L50, M|\n|poke|p1|Rillaboom, L50, M|\n|poke|p2|Koraidon, L50|\n|poke|p2|Miraidon, L50|\n|poke|p2|Whimsicott, L50, M|\n|poke|p2|Raging Bolt, L50|\n|poke|p2|Urshifu-*, L50, F|\n|poke|p2|Iron Moth, L50|\n|teampreview|4\n|inactive|Battle timer is ON: inactive players will automatically lose when time's up. (requested by blackred123)\n|\n|t:|1772852696\n|teamsize|p1|4\n|teamsize|p2|4\n|start\n|switch|p1a: Zamazenta|Zamazenta-Crowned, L50|100/100\n|switch|p1b: Chien-Pao|Chien-Pao, L50|100/100\n|switch|p2a: Miraidon|Miraidon, L50|100/100\n|switch|p2b: Whimsicott|Whimsicott, L50, M|100/100\n|-ability|p1b: Chien-Pao|Sword of Ruin\n|-fieldstart|move: Electric Terrain|[from] ability: Hadron Engine|[of] p2a: Miraidon\n|-ability|p1a: Zamazenta|Dauntless Shield|boost\n|-boost|p1a: Zamazenta|def|1\n|turn|1\n|\n|t:|1772852709\n|move|p1b: Chien-Pao|Ice Spinner|p2a: Miraidon\n|-supereffective|p2a: Miraidon\n|-damage|p2a: Miraidon|0 fnt\n|-fieldend|move: Electric Terrain\n|faint|p2a: Miraidon\n|move|p2b: Whimsicott|Moonblast|p1b: Chien-Pao\n|-supereffective|p1b: Chien-Pao\n|-enditem|p1b: Chien-Pao|Focus Sash\n|-damage|p1b: Chien-Pao|1/100\n|move|p1a: Zamazenta|Heavy Slam|p2b: Whimsicott\n|-supereffective|p2b: Whimsicott\n|-enditem|p2b: Whimsicott|Focus Sash\n|-damage|p2b: Whimsicott|1/100\n|\n|upkeep\n|\n|t:|1772852720\n|switch|p2a: Koraidon|Koraidon, L50|100/100\n|-weather|SunnyDay|[from] ability: Orichalcum Pulse|[of] p2a: Koraidon\n|-activate|p2a: Koraidon|Orichalcum Pulse|[source]\n|turn|2\n|\n|t:|1772852736\n|switch|p1b: Kyogre|Kyogre, L50|100/100\n|-weather|RainDance|[from] ability: Drizzle|[of] p1b: Kyogre\n|move|p2a: Koraidon|Flame Charge|p1b: Kyogre\n|-resisted|p1b: Kyogre\n|-damage|p1b: Kyogre|97/100\n|-boost|p2a: Koraidon|spe|1\n|move|p2b: Whimsicott|Moonblast|p1a: Zamazenta\n|-damage|p1a: Zamazenta|81/100\n|-unboost|p1a: Zamazenta|spa|1\n|move|p1a: Zamazenta|Heavy Slam|p2b: Whimsicott\n|-supereffective|p2b: Whimsicott\n|-damage|p2b: Whimsicott|0 fnt\n|faint|p2b: Whimsicott\n|\n|-weather|RainDance|[upkeep]\n|upkeep\n|\n|t:|1772852739\n|switch|p2b: Iron Moth|Iron Moth, L50|100/100\n|turn|3\n|\n|t:|1772852760\n|-terastallize|p1b: Kyogre|Ghost\n|-terastallize|p2b: Iron Moth|Grass\n|move|p2a: Koraidon|Collision Course|p1a: Zamazenta\n|-supereffective|p1a: Zamazenta\n|-damage|p1a: Zamazenta|28/100\n|move|p1b: Kyogre|Water Spout|p2a: Koraidon|[spread] p2a,p2b\n|-resisted|p2a: Koraidon\n|-resisted|p2b: Iron Moth\n|-damage|p2a: Koraidon|61/100\n|-damage|p2b: Iron Moth|55/100\n|move|p2b: Iron Moth|Energy Ball|p1b: Kyogre\n|-damage|p1b: Kyogre|43/100\n|move|p1a: Zamazenta|Body Press|p2a: Koraidon\n|-damage|p2a: Koraidon|11/100\n|\n|-weather|RainDance|[upkeep]\n|upkeep\n|turn|4\n|\n|t:|1772852776\n|move|p2a: Koraidon|Collision Course|p1a: Zamazenta\n|-supereffective|p1a: Zamazenta\n|-damage|p1a: Zamazenta|0 fnt\n|faint|p1a: Zamazenta\n|move|p1b: Kyogre|Water Spout|p2b: Iron Moth|[spread] p2a,p2b\n|-resisted|p2a: Koraidon\n|-resisted|p2b: Iron Moth\n|-damage|p2a: Koraidon|0 fnt\n|-damage|p2b: Iron Moth|36/100\n|faint|p2a: Koraidon\n|move|p2b: Iron Moth|Energy Ball|p1b: Kyogre\n|-damage|p1b: Kyogre|0 fnt\n|faint|p1b: Kyogre\n|\n|-weather|RainDance|[upkeep]\n|upkeep\n|\n|t:|1772852780\n|switch|p1a: Chien-Pao|Chien-Pao, L50|1/100\n|switch|p1b: Dragonite|Dragonite, L50, M|100/100\n|-ability|p1a: Chien-Pao|Sword of Ruin\n|turn|5\n|\n|t:|1772852784\n|move|p1b: Dragonite|Extreme Speed|p2b: Iron Moth\n|-damage|p2b: Iron Moth|0 fnt\n|faint|p2b: Iron Moth\n|-end|p2b: Iron Moth|Quark Drive|[silent]\n|\n|win|blackred123\n|raw|blackred123's rating: 1473 &rarr; <strong>1488</strong><br />(+15 for winning)\n|raw|metricboy's rating: 1379 &rarr; <strong>1364</strong><br />(-15 for losing)\n|l|\u2606metricboy\n|player|p2|\n","uploadtime":1772852808,"views":14,"formatid":"gen9vgc2026regi","rating":1364,"private":0,"password":null}