{"id":"gen9vgc2026regi-2565581432","format":"[Gen 9] VGC 2026 Reg I","players":["IEFP","kojimuranishi"],"log":"|j|\u2606IEFP\n|j|\u2606kojimuranishi\n|t:|1774286977\n|gametype|doubles\n|player|p1|IEFP|barry|1380\n|player|p2|kojimuranishi|2|1619\n|gen|9\n|tier|[Gen 9] VGC 2026 Reg I\n|rated|\n|rule|Species Clause: Limit one of each Pok\u00e9mon\n|rule|Item Clause: Limit 1 of each item\n|clearpoke\n|poke|p1|Calyrex-Shadow, L50|\n|poke|p1|Zamazenta-*, L50|\n|poke|p1|Chien-Pao, L50|\n|poke|p1|Dragonite, L50, M|\n|poke|p1|Raging Bolt, L50|\n|poke|p1|Amoonguss, L50, M|\n|poke|p2|Whimsicott, L50, F|\n|poke|p2|Calyrex-Ice, L50|\n|poke|p2|Miraidon, L50|\n|poke|p2|Chi-Yu, L50|\n|poke|p2|Landorus, L50, M|\n|poke|p2|Farigiraf, L50, F|\n|teampreview|4\n|inactive|Battle timer is ON: inactive players will automatically lose when time's up. (requested by kojimuranishi)\n|c|\u2606IEFP|dude why is everyone and their mother running the fuckass giraffe\n|inactive|IEFP has 60 seconds left.\n|inactive|IEFP has 30 seconds left.\n|\n|t:|1774287054\n|teamsize|p1|4\n|teamsize|p2|4\n|start\n|switch|p1a: Arlie|Chien-Pao, L50|100/100\n|switch|p1b: protec|Zamazenta-Crowned, L50|100/100\n|switch|p2a: Whimsicott|Whimsicott, L50, F|100/100\n|switch|p2b: Calyrex|Calyrex-Ice, L50|100/100\n|-ability|p2b: Calyrex|As One\n|-ability|p2b: Calyrex|Unnerve\n|-ability|p1a: Arlie|Sword of Ruin\n|-ability|p1b: protec|Dauntless Shield|boost\n|-boost|p1b: protec|def|1\n|turn|1\n|\n|t:|1774287077\n|move|p1a: Arlie|Ruination|p2b: Calyrex\n|-damage|p2b: Calyrex|50/100\n|move|p2a: Whimsicott|Moonblast|p1a: Arlie\n|-supereffective|p1a: Arlie\n|-damage|p1a: Arlie|32/100\n|move|p1b: protec|Body Press|p2b: Calyrex\n|-damage|p2b: Calyrex|0 fnt\n|faint|p2b: Calyrex\n|\n|upkeep\n|\n|t:|1774287088\n|switch|p2b: Chi-Yu|Chi-Yu, L50|100/100\n|-ability|p2b: Chi-Yu|Beads of Ruin\n|turn|2\n|\n|t:|1774287100\n|-terastallize|p1b: protec|Dragon\n|move|p1a: Arlie|Sucker Punch|p2b: Chi-Yu\n|-resisted|p2b: Chi-Yu\n|-damage|p2b: Chi-Yu|68/100\n|move|p2a: Whimsicott|Tailwind|p2a: Whimsicott\n|-sidestart|p2: kojimuranishi|move: Tailwind\n|move|p2b: Chi-Yu|Heat Wave|p1b: protec|[spread] p1b\n|-miss|p2b: Chi-Yu|p1a: Arlie\n|-resisted|p1b: protec\n|-damage|p1b: protec|76/100\n|move|p1b: protec|Body Press|p2b: Chi-Yu\n|-supereffective|p2b: Chi-Yu\n|-damage|p2b: Chi-Yu|0 fnt\n|faint|p2b: Chi-Yu\n|\n|upkeep\n|\n|t:|1774287116\n|switch|p2b: Miraidon|Miraidon, L50|100/100\n|-fieldstart|move: Electric Terrain|[from] ability: Hadron Engine|[of] p2b: Miraidon\n|turn|3\n|inactive|IEFP has 30 seconds left.\n|inactive|IEFP has 20 seconds left.\n|inactive|IEFP has 15 seconds left.\n|\n|t:|1774287158\n|move|p1a: Arlie|Sucker Punch|p2b: Miraidon\n|-damage|p2b: Miraidon|57/100\n|move|p2b: Miraidon|Draco Meteor|p1b: protec\n|-supereffective|p1b: protec\n|-damage|p1b: protec|0 fnt\n|-unboost|p2b: Miraidon|spa|2\n|faint|p1b: protec\n|move|p2a: Whimsicott|Moonblast|p1a: Arlie\n|-supereffective|p1a: Arlie\n|-damage|p1a: Arlie|0 fnt\n|faint|p1a: Arlie\n|\n|upkeep\n|\n|t:|1774287166\n|switch|p1a: PinkPonyClub|Calyrex-Shadow, L50|100/100\n|switch|p1b: Green Goober|Dragonite, L50, M|100/100\n|-ability|p1a: PinkPonyClub|As One\n|-ability|p1a: PinkPonyClub|Unnerve\n|turn|4\n|\n|t:|1774287184\n|move|p1b: Green Goober|Extreme Speed|p2b: Miraidon\n|-damage|p2b: Miraidon|11/100\n|move|p2b: Miraidon|Draco Meteor|p1a: PinkPonyClub\n|-damage|p1a: PinkPonyClub|56/100\n|-unboost|p2b: Miraidon|spa|2\n|move|p2a: Whimsicott|Moonblast|p1a: PinkPonyClub\n|-damage|p1a: PinkPonyClub|18/100\n|move|p1a: PinkPonyClub|Astral Barrage|p2a: Whimsicott|[spread] p2a,p2b\n|-damage|p2a: Whimsicott|12/100\n|-damage|p2b: Miraidon|0 fnt\n|faint|p2b: Miraidon\n|-ability|p1a: PinkPonyClub|Grim Neigh|boost\n|-boost|p1a: PinkPonyClub|spa|1\n|\n|upkeep\n|turn|5\n|\n|t:|1774287204\n|-terastallize|p2a: Whimsicott|Ghost\n|move|p1b: Green Goober|Extreme Speed|p2a: Whimsicott\n|-immune|p2a: Whimsicott\n|move|p2a: Whimsicott|Moonblast|p1a: PinkPonyClub\n|-damage|p1a: PinkPonyClub|0 fnt\n|faint|p1a: PinkPonyClub\n|\n|-sideend|p2: kojimuranishi|move: Tailwind\n|upkeep\n|turn|6\n|c|\u2606IEFP|aint no way\n|-message|IEFP forfeited.\n|\n|win|kojimuranishi\n","uploadtime":1774286992,"views":11,"formatid":"gen9vgc2026regi","rating":null,"private":0,"password":null}