{"id":"gen9vgc2026regi-2549874624","format":"[Gen 9] VGC 2026 Reg I","players":["bola696","lalo's pollos"],"log":"|j|\u2606bola696\n|j|\u2606lalo's pollos\n|t:|1772419505\n|gametype|doubles\n|player|p1|bola696|red|1407\n|player|p2|lalo's pollos|169|1431\n|gen|9\n|tier|[Gen 9] VGC 2026 Reg I\n|rated|\n|rule|Species Clause: Limit one of each Pok\u00e9mon\n|rule|Item Clause: Limit 1 of each item\n|clearpoke\n|poke|p1|Terapagos, L50, M|\n|poke|p1|Incineroar, L50, F|\n|poke|p1|Flutter Mane, L50|\n|poke|p1|Miraidon, L50|\n|poke|p1|Smeargle, L50, M|\n|poke|p1|Urshifu-*, L50, F|\n|poke|p2|Miraidon, L50|\n|poke|p2|Landorus, L50, M|\n|poke|p2|Incineroar, L50, F|\n|poke|p2|Iron Bundle, L50|\n|poke|p2|Farigiraf, L50, M|\n|poke|p2|Calyrex-Ice, L50|\n|teampreview|4\n|inactive|Battle timer is ON: inactive players will automatically lose when time's up. (requested by bola696)\n|\n|t:|1772419517\n|teamsize|p1|4\n|teamsize|p2|4\n|start\n|switch|p1a: Terapagos|Terapagos, L50, M|100/100\n|switch|p1b: Smeargle|Smeargle, L50, M, shiny|100/100\n|switch|p2a: Co-Star|Miraidon, L50|100/100\n|switch|p2b: the Star|Iron Bundle, L50|100/100\n|-activate|p1a: Terapagos|ability: Tera Shift\n|detailschange|p1a: Terapagos|Terapagos-Terastal, L50, M\n|-heal|p1a: Terapagos|100/100|[silent]\n|-fieldstart|move: Electric Terrain|[from] ability: Hadron Engine|[of] p2a: Co-Star\n|-activate|p2b: the Star|ability: Quark Drive\n|-start|p2b: the Star|quarkdrivespe\n|-enditem|p1a: Terapagos|Electric Seed\n|-boost|p1a: Terapagos|def|1|[from] item: Electric Seed\n|turn|1\n|\n|t:|1772419539\n|move|p1b: Smeargle|Fake Out|p2a: Co-Star\n|-damage|p2a: Co-Star|97/100\n|move|p2b: the Star|Icy Wind|p1a: Terapagos|[spread] p1a,p1b\n|-activate|p1a: Terapagos|ability: Tera Shell\n|-resisted|p1a: Terapagos\n|-damage|p1a: Terapagos|91/100\n|-damage|p1b: Smeargle|58/100\n|-unboost|p1a: Terapagos|spe|1\n|-unboost|p1b: Smeargle|spe|1\n|cant|p2a: Co-Star|flinch\n|move|p1a: Terapagos|Calm Mind|p1a: Terapagos\n|-boost|p1a: Terapagos|spa|1\n|-boost|p1a: Terapagos|spd|1\n|\n|-ability|p1b: Smeargle|Moody|boost\n|-boost|p1b: Smeargle|def|2\n|-unboost|p1b: Smeargle|spd|1\n|upkeep\n|turn|2\n|\n|t:|1772419552\n|-terastallize|p1a: Terapagos|Stellar\n|detailschange|p1a: Terapagos|Terapagos-Stellar, L50, M, tera:Stellar\n|-heal|p1a: Terapagos|93/100|[silent]\n|-ability|p1a: Terapagos|Teraform Zero\n|-fieldend|move: Electric Terrain\n|-end|p2b: the Star|Quark Drive\n|move|p1b: Smeargle|Follow Me|p1b: Smeargle\n|-singleturn|p1b: Smeargle|move: Follow Me\n|move|p2b: the Star|Hydro Pump|p1b: Smeargle\n|-damage|p1b: Smeargle|0 fnt\n|faint|p1b: Smeargle\n|move|p2a: Co-Star|Volt Switch|p1a: Terapagos\n|-crit|p1a: Terapagos\n|-damage|p1a: Terapagos|37/100\n|\n|t:|1772419559\n|switch|p2a: the Manager|Farigiraf, L50, M|100/100|[from] Volt Switch\n|move|p1a: Terapagos|Tera Starstorm|p2b: the Star|[spread] p2a,p2b\n|-damage|p2a: the Manager|58/100\n|-enditem|p2b: the Star|Focus Sash\n|-damage|p2b: the Star|1/100\n|\n|upkeep\n|\n|t:|1772419569\n|switch|p1b: Flutter Mane|Flutter Mane, L50, shiny|100/100\n|-enditem|p1b: Flutter Mane|Booster Energy\n|-activate|p1b: Flutter Mane|ability: Protosynthesis|[fromitem]\n|-start|p1b: Flutter Mane|protosynthesisspe\n|turn|3\n|\n|t:|1772419584\n|move|p1b: Flutter Mane|Icy Wind|p2b: the Star|[spread] p2a,p2b\n|-resisted|p2b: the Star\n|-damage|p2a: the Manager|48/100\n|-damage|p2b: the Star|0 fnt\n|-unboost|p2a: the Manager|spe|1\n|faint|p2b: the Star\n|-end|p2b: the Star|Quark Drive|[silent]\n|move|p1a: Terapagos|Tera Starstorm|p2a: the Manager\n|-damage|p2a: the Manager|0 fnt\n|faint|p2a: the Manager\n|\n|upkeep\n|\n|t:|1772419587\n|switch|p2b: Calyrex|Calyrex-Ice, L50|100/100\n|switch|p2a: Co-Star|Miraidon, L50|97/100\n|-ability|p2b: Calyrex|As One\n|-ability|p2b: Calyrex|Unnerve\n|-fieldstart|move: Electric Terrain|[from] ability: Hadron Engine|[of] p2a: Co-Star\n|turn|4\n|j| danilow\n|\n|t:|1772419604\n|-terastallize|p2b: Calyrex|Water\n|move|p1a: Terapagos|Protect|p1a: Terapagos\n|-singleturn|p1a: Terapagos|Protect\n|move|p1b: Flutter Mane|Icy Wind|p2a: Co-Star|[spread] p2a,p2b\n|-supereffective|p2a: Co-Star\n|-resisted|p2b: Calyrex\n|-damage|p2a: Co-Star|70/100\n|-damage|p2b: Calyrex|96/100\n|-unboost|p2a: Co-Star|spe|1\n|move|p2a: Co-Star|Electro Drift|p1a: Terapagos\n|-activate|p1a: Terapagos|move: Protect\n|move|p2b: Calyrex|Trick Room|p2b: Calyrex\n|-fieldstart|move: Trick Room|[of] p2b: Calyrex\n|\n|upkeep\n|turn|5\n|\n|t:|1772419623\n|move|p1b: Flutter Mane|Protect|p1b: Flutter Mane\n|-singleturn|p1b: Flutter Mane|Protect\n|move|p2b: Calyrex|Glacial Lance|p1b: Flutter Mane|[spread] p1a\n|-activate|p1b: Flutter Mane|move: Protect\n|-damage|p1a: Terapagos|11/100\n|move|p1a: Terapagos|Tera Starstorm|p2b: Calyrex|[spread] p2a,p2b\n|-supereffective|p2b: Calyrex\n|-damage|p2a: Co-Star|17/100\n|-damage|p2b: Calyrex|24/100\n|move|p2a: Co-Star|Electro Drift|p1a: Terapagos\n|-damage|p1a: Terapagos|0 fnt\n|faint|p1a: Terapagos\n|detailschange|p1: Terapagos|Terapagos, L50, M|[silent]\n|\n|upkeep\n|\n|t:|1772419633\n|switch|p1a: Miraidon|Miraidon, L50, shiny|100/100\n|-activate|p1a: Miraidon|ability: Hadron Engine\n|turn|6\n|\n|t:|1772419640\n|move|p2b: Calyrex|Glacial Lance|p1a: Miraidon|[spread] p1a,p1b\n|-supereffective|p1a: Miraidon\n|-damage|p1a: Miraidon|7/100\n|-damage|p1b: Flutter Mane|0 fnt\n|faint|p1b: Flutter Mane\n|-end|p1b: Flutter Mane|Protosynthesis|[silent]\n|-ability|p2b: Calyrex|Chilling Neigh|boost\n|-boost|p2b: Calyrex|atk|1\n|move|p2a: Co-Star|Electro Drift|p1a: Miraidon\n|-resisted|p1a: Miraidon\n|-damage|p1a: Miraidon|0 fnt\n|faint|p1a: Miraidon\n|\n|win|lalo's pollos\n|raw|bola696's rating: 1407 &rarr; <strong>1388</strong><br />(-19 for losing)\n|raw|lalo&apos;s pollos's rating: 1431 &rarr; <strong>1450</strong><br />(+19 for winning)\n|l|\u2606bola696\n|player|p1|\n|l| danilow\n","uploadtime":1772419817,"views":14,"formatid":"gen9vgc2026regi","rating":1388,"private":0,"password":null}