{"id":"gen9vgc2026regi-2560280550","format":"[Gen 9] VGC 2026 Reg I","players":["TheNamesBetty","yuriimon"],"log":"|j|\u2606TheNamesBetty\n|j|\u2606yuriimon\n|t:|1773673464\n|gametype|doubles\n|player|p1|TheNamesBetty|koga|1169\n|player|p2|yuriimon|psychicf-gen4|1156\n|gen|9\n|tier|[Gen 9] VGC 2026 Reg I\n|rated|\n|rule|Species Clause: Limit one of each Pok\u00e9mon\n|rule|Item Clause: Limit 1 of each item\n|clearpoke\n|poke|p1|Eternatus, L50|\n|poke|p1|Ho-Oh, L50|\n|poke|p1|Gastrodon, L50, F|\n|poke|p1|Grimmsnarl, L50, M|\n|poke|p1|Ting-Lu, L50|\n|poke|p1|Rhydon, L50, M|\n|poke|p2|Brute Bonnet, L50|\n|poke|p2|Lunala, L50|\n|poke|p2|Ursaluna, L50, M|\n|poke|p2|Chi-Yu, L50|\n|poke|p2|Koraidon, L50|\n|poke|p2|Flutter Mane, L50|\n|teampreview|4\n|inactive|Battle timer is ON: inactive players will automatically lose when time's up. (requested by yuriimon)\nTheNamesBetty has agreed to open team sheets.\nyuriimon has agreed to open team sheets.\n|showteam|p1|Eternatus||SafetyGoggles|Pressure|SludgeWave,FireSpin,CosmicPower,Recover||||||50|,,,,,Fairy]Ho-Oh||RockyHelmet|Regenerator|SacredFire,LifeDew,Recover,Protect||||||50|,,,,,Water]Gastrodon||Leftovers|StormDrain|EarthPower,IcyWind,Recover,Protect|||F|||50|,,,,,Fire]Grimmsnarl||LightClay|Prankster|MistyTerrain,LightScreen,Reflect,FoulPlay|||M|||50|,,,,,Ghost]Ting-Lu||AssaultVest|VesselofRuin|SandTomb,Fissure,Snarl,LashOut||||||50|,,,,,Poison]Rhydon||Eviolite|LightningRod|HornDrill,HighHorsepower,Protect,Counter|||M|||50|,,,,,Fairy\n|showteam|p2|Brute Bonnet||SitrusBerry|Protosynthesis|SeedBomb,SuckerPunch,Spore,RagePowder||||||50|,,,,,Water]Lunala||PowerHerb|ShadowShield|MoongeistBeam,MeteorBeam,WideGuard,TrickRoom||||||50|,,,,,Water]Ursaluna||FlameOrb|Guts|HeadlongRush,Facade,Earthquake,Protect|||M|||50|,,,,,Ghost]Chi-Yu||ChoiceScarf|BeadsofRuin|DarkPulse,HeatWave,Overheat,Snarl||||||50|,,,,,Ghost]Koraidon||LifeOrb|OrichalcumPulse|CloseCombat,FlareBlitz,FlameCharge,Protect||||||50|,,,,,Fire]Flutter Mane||FocusSash|Protosynthesis|ShadowBall,Moonblast,IcyWind,Protect||||||50|,,,,,Stellar\n|\n|t:|1773673491\n|teamsize|p1|4\n|teamsize|p2|4\n|start\n|switch|p1a: Ptakopysk|Eternatus, L50|100/100\n|switch|p1b: Kret\u00e9n Pojeban\u00fd|Grimmsnarl, L50, M|100/100\n|switch|p2a: Flutter Mane|Flutter Mane, L50|100/100\n|switch|p2b: Lunala|Lunala, L50|100/100\n|-ability|p1a: Ptakopysk|Pressure\n|turn|1\n|inactive|yuriimon has 30 seconds left.\n|\n|t:|1773673524\n|move|p2a: Flutter Mane|Protect|p2a: Flutter Mane\n|-singleturn|p2a: Flutter Mane|Protect\n|move|p1b: Kret\u00e9n Pojeban\u00fd|Light Screen|p1b: Kret\u00e9n Pojeban\u00fd\n|-sidestart|p1: TheNamesBetty|move: Light Screen\n|move|p1a: Ptakopysk|Cosmic Power|p1a: Ptakopysk\n|-boost|p1a: Ptakopysk|def|1\n|-boost|p1a: Ptakopysk|spd|1\n|move|p2b: Lunala|Trick Room|p2b: Lunala\n|-fieldstart|move: Trick Room|[of] p2b: Lunala\n|\n|upkeep\n|turn|2\n|\n|t:|1773673542\n|-end|p2a: Flutter Mane|Protosynthesis|[silent]\n|switch|p2a: Ursaluna|Ursaluna, L50, M|100/100\n|move|p2b: Lunala|Wide Guard|p2b: Lunala\n|-singleturn|p2b: Lunala|Wide Guard\n|move|p1b: Kret\u00e9n Pojeban\u00fd|Foul Play|p2b: Lunala\n|-supereffective|p2b: Lunala\n|-damage|p2b: Lunala|51/100\n|move|p1a: Ptakopysk|Fire Spin|p2a: Ursaluna\n|-damage|p2a: Ursaluna|91/100\n|-activate|p2a: Ursaluna|move: Fire Spin|[of] p1a: Ptakopysk\n|\n|-damage|p2a: Ursaluna|79/100|[from] move: Fire Spin|[partiallytrapped]\n|-status|p2a: Ursaluna|brn|[from] item: Flame Orb\n|upkeep\n|turn|3\n|inactive|TheNamesBetty has 30 seconds left.\n|\n|t:|1773673569\n|switch|p2b: Brute Bonnet|Brute Bonnet, L50|100/100\n|-terastallize|p1a: Ptakopysk|Fairy\n|move|p1b: Kret\u00e9n Pojeban\u00fd|Reflect|p1b: Kret\u00e9n Pojeban\u00fd\n|-sidestart|p1: TheNamesBetty|Reflect\n|move|p2a: Ursaluna|Facade|p1a: Ptakopysk\n|-damage|p1a: Ptakopysk|56/100\n|move|p1a: Ptakopysk|Cosmic Power|p1a: Ptakopysk\n|-boost|p1a: Ptakopysk|def|1\n|-boost|p1a: Ptakopysk|spd|1\n|\n|-damage|p2a: Ursaluna|73/100 brn|[from] brn\n|-damage|p2a: Ursaluna|61/100 brn|[from] move: Fire Spin|[partiallytrapped]\n|upkeep\n|turn|4\n|\n|t:|1773673583\n|move|p2a: Ursaluna|Protect|p2a: Ursaluna\n|-singleturn|p2a: Ursaluna|Protect\n|move|p2b: Brute Bonnet|Spore|p1a: Ptakopysk\n|-activate|p1a: Ptakopysk|item: Safety Goggles|Spore\n|move|p1b: Kret\u00e9n Pojeban\u00fd|Foul Play|p2a: Ursaluna\n|-activate|p2a: Ursaluna|move: Protect\n|move|p1a: Ptakopysk|Recover|p1a: Ptakopysk\n|-heal|p1a: Ptakopysk|100/100\n|\n|-damage|p2a: Ursaluna|55/100 brn|[from] brn\n|-damage|p2a: Ursaluna|43/100 brn|[from] move: Fire Spin|[partiallytrapped]\n|upkeep\n|turn|5\n|\n|t:|1773673604\n|move|p2a: Ursaluna|Facade|p1a: Ptakopysk\n|-damage|p1a: Ptakopysk|71/100\n|move|p2b: Brute Bonnet|Seed Bomb|p1a: Ptakopysk\n|-damage|p1a: Ptakopysk|62/100\n|move|p1b: Kret\u00e9n Pojeban\u00fd|Foul Play|p2a: Ursaluna\n|-damage|p2a: Ursaluna|0 fnt\n|faint|p2a: Ursaluna\n|move|p1a: Ptakopysk|Sludge Wave|p2b: Brute Bonnet|[spread] p1b,p2b\n|-supereffective|p1b: Kret\u00e9n Pojeban\u00fd\n|-supereffective|p2b: Brute Bonnet\n|-damage|p1b: Kret\u00e9n Pojeban\u00fd|57/100\n|-damage|p2b: Brute Bonnet|49/100\n|-enditem|p2b: Brute Bonnet|Sitrus Berry|[eat]\n|-heal|p2b: Brute Bonnet|74/100|[from] item: Sitrus Berry\n|\n|-fieldend|move: Trick Room\n|upkeep\n|-message|yuriimon forfeited.\n|\n|win|TheNamesBetty\n|raw|TheNamesBetty's rating: 1169 &rarr; <strong>1193</strong><br />(+24 for winning)\n|raw|yuriimon's rating: 1156 &rarr; <strong>1132</strong><br />(-24 for losing)\n|l|\u2606yuriimon\n|player|p2|\n|l|\u2606TheNamesBetty\n|player|p1|\n","uploadtime":1773673773,"views":21,"formatid":"gen9vgc2026regi","rating":1132,"private":0,"password":null}