{"id":"gen9vgc2026regi-2572360237","format":"[Gen 9] VGC 2026 Reg I","players":["Glaceon_1740","Chef204"],"log":"|j|\u2606Glaceon_1740\n|j|\u2606Chef204\n|t:|1775013439\n|gametype|doubles\n|player|p1|Glaceon_1740|dawn-gen4pt|1220\n|player|p2|Chef204|170|1233\n|gen|9\n|tier|[Gen 9] VGC 2026 Reg I\n|rated|\n|rule|Species Clause: Limit one of each Pok\u00e9mon\n|rule|Item Clause: Limit 1 of each item\n|clearpoke\n|poke|p1|Meowscarada, L50, F|\n|poke|p1|Murkrow, L50, M|\n|poke|p1|Kyogre, L50|\n|poke|p1|Zacian-*, L50|\n|poke|p1|Incineroar, L50, F|\n|poke|p1|Rillaboom, L50, F|\n|poke|p2|Koraidon, L50|\n|poke|p2|Lunala, L50|\n|poke|p2|Cresselia, L50, F|\n|poke|p2|Amoonguss, L50, M|\n|poke|p2|Rillaboom, L50, M|\n|poke|p2|Walking Wake, L50|\n|teampreview|4\n|inactive|Battle timer is ON: inactive players will automatically lose when time's up. (requested by Chef204)\n|inactive|Glaceon_1740 also wants the timer to be on.\n|inactive|Chef204 has 60 seconds left.\n|inactive|Chef204 has 30 seconds left.\n|\n|t:|1775013509\n|teamsize|p1|4\n|teamsize|p2|4\n|start\n|switch|p1a: Meowscarada|Meowscarada, L50, F|100/100\n|switch|p1b: Kyogre|Kyogre, L50|100/100\n|switch|p2a: Lunala|Lunala, L50|100/100\n|switch|p2b: Walking Wake|Walking Wake, L50|100/100\n|-weather|RainDance|[from] ability: Drizzle|[of] p1b: Kyogre\n|turn|1\n|inactive|Glaceon_1740 has 30 seconds left.\n|\n|t:|1775013539\n|switch|p1b: Murkrow|Murkrow, L50, M, shiny|100/100\n|move|p2a: Lunala|Wide Guard|p2a: Lunala\n|-singleturn|p2a: Lunala|Wide Guard\n|move|p1a: Meowscarada|Play Rough|p2a: Lunala\n|-start|p1a: Meowscarada|typechange|Fairy|[from] ability: Protean\n|-damage|p2a: Lunala|88/100\n|move|p2b: Walking Wake|Draco Meteor|p1b: Murkrow\n|-damage|p1b: Murkrow|0 fnt\n|-unboost|p2b: Walking Wake|spa|2\n|faint|p1b: Murkrow\n|\n|-weather|RainDance|[upkeep]\n|-heal|p2a: Lunala|94/100|[from] item: Leftovers\n|upkeep\n|\n|t:|1775013557\n|switch|p1b: Zacian|Zacian-Crowned, L50|100/100\n|-ability|p1b: Zacian|Intrepid Sword|boost\n|-boost|p1b: Zacian|atk|1\n|turn|2\n|\n|t:|1775013576\n|-end|p2b: Walking Wake|Protosynthesis|[silent]\n|switch|p2b: Rillaboom|Rillaboom, L50, M|100/100\n|-fieldstart|move: Grassy Terrain|[from] ability: Grassy Surge|[of] p2b: Rillaboom\n|move|p2a: Lunala|Protect||[still]\n|-fail|p2a: Lunala\n|move|p1a: Meowscarada|Play Rough|p2b: Rillaboom\n|-damage|p2b: Rillaboom|58/100\n|move|p1b: Zacian|Behemoth Blade|p2a: Lunala\n|-damage|p2a: Lunala|39/100\n|\n|-weather|RainDance|[upkeep]\n|-heal|p2a: Lunala|45/100|[from] Grassy Terrain\n|-heal|p2a: Lunala|51/100|[from] item: Leftovers\n|-heal|p2b: Rillaboom|65/100|[from] Grassy Terrain\n|upkeep\n|turn|3\n|inactive|Glaceon_1740 has 30 seconds left.\n|\n|t:|1775013606\n|move|p2b: Rillaboom|Fake Out|p1b: Zacian\n|-resisted|p1b: Zacian\n|-damage|p1b: Zacian|95/100\n|move|p1a: Meowscarada|Play Rough|p2a: Lunala\n|-damage|p2a: Lunala|25/100\n|-unboost|p2a: Lunala|atk|1\n|cant|p1b: Zacian|flinch\n|move|p2a: Lunala|Moongeist Beam|p1a: Meowscarada\n|-damage|p1a: Meowscarada|46/100\n|\n|-weather|RainDance|[upkeep]\n|-heal|p1a: Meowscarada|51/100|[from] Grassy Terrain\n|-heal|p1b: Zacian|100/100|[from] Grassy Terrain\n|-heal|p2a: Lunala|32/100|[from] Grassy Terrain\n|-heal|p2a: Lunala|38/100|[from] item: Leftovers\n|-heal|p2b: Rillaboom|71/100|[from] Grassy Terrain\n|upkeep\n|turn|4\n|inactive|Glaceon_1740 has 30 seconds left.\n|inactive|Chef204 has 30 seconds left.\n|inactive|Chef204 has 20 seconds left.\n|inactive|Chef204 has 15 seconds left.\n|inactive|Chef204 has 10 seconds left.\n|inactive|Chef204 has 5 seconds left.\n|\n|t:|1775013660\n|move|p2a: Lunala|Protect|p2a: Lunala\n|-singleturn|p2a: Lunala|Protect\n|move|p2b: Rillaboom|Grassy Glide|p1a: Meowscarada\n|-damage|p1a: Meowscarada|0 fnt\n|faint|p1a: Meowscarada\n|move|p1b: Zacian|Play Rough|p2a: Lunala\n|-activate|p2a: Lunala|move: Protect\n|\n|-weather|RainDance|[upkeep]\n|-heal|p2a: Lunala|44/100|[from] Grassy Terrain\n|-heal|p2a: Lunala|50/100|[from] item: Leftovers\n|-heal|p2b: Rillaboom|77/100|[from] Grassy Terrain\n|upkeep\n|\n|t:|1775013674\n|switch|p1a: Kyogre|Kyogre, L50|100/100\n|turn|5\n|\n|t:|1775013689\n|move|p1a: Kyogre|Protect|p1a: Kyogre\n|-singleturn|p1a: Kyogre|Protect\n|move|p2b: Rillaboom|Grassy Glide|p1a: Kyogre\n|-activate|p1a: Kyogre|move: Protect\n|move|p1b: Zacian|Swords Dance|p1b: Zacian\n|-boost|p1b: Zacian|atk|2\n|move|p2a: Lunala|Moongeist Beam|p1b: Zacian\n|-damage|p1b: Zacian|61/100\n|\n|-weather|none\n|-heal|p1b: Zacian|67/100|[from] Grassy Terrain\n|-heal|p2a: Lunala|57/100|[from] Grassy Terrain\n|-heal|p2a: Lunala|63/100|[from] item: Leftovers\n|-heal|p2b: Rillaboom|83/100|[from] Grassy Terrain\n|upkeep\n|turn|6\n|inactive|Glaceon_1740 has 30 seconds left.\n|\n|t:|1775013718\n|-terastallize|p1a: Kyogre|Grass\n|move|p2b: Rillaboom|Grassy Glide|p1a: Kyogre\n|-resisted|p1a: Kyogre\n|-damage|p1a: Kyogre|81/100\n|move|p1b: Zacian|Play Rough|p2a: Lunala\n|-damage|p2a: Lunala|0 fnt\n|faint|p2a: Lunala\n|move|p1a: Kyogre|Ice Beam|p2b: Rillaboom\n|-supereffective|p2b: Rillaboom\n|-damage|p2b: Rillaboom|42/100\n|\n|-heal|p1b: Zacian|73/100|[from] Grassy Terrain\n|-heal|p1a: Kyogre|87/100|[from] Grassy Terrain\n|-heal|p2b: Rillaboom|48/100|[from] Grassy Terrain\n|-fieldend|move: Grassy Terrain\n|upkeep\n|\n|t:|1775013727\n|switch|p2a: Walking Wake|Walking Wake, L50|100/100\n|turn|7\n|\n|t:|1775013741\n|switch|p2b: Koraidon|Koraidon, L50|100/100\n|-weather|SunnyDay|[from] ability: Orichalcum Pulse|[of] p2b: Koraidon\n|-activate|p2a: Walking Wake|ability: Protosynthesis\n|-start|p2a: Walking Wake|protosynthesisspe\n|-activate|p2b: Koraidon|Orichalcum Pulse|[source]\n|-terastallize|p2a: Walking Wake|Steel\n|move|p2a: Walking Wake|Flamethrower|p1b: Zacian\n|-supereffective|p1b: Zacian\n|-damage|p1b: Zacian|0 fnt\n|faint|p1b: Zacian\n|move|p1a: Kyogre|Ice Beam|p2b: Koraidon\n|-supereffective|p2b: Koraidon\n|-damage|p2b: Koraidon|55/100\n|\n|-weather|SunnyDay|[upkeep]\n|upkeep\n|turn|8\n|-message|Glaceon_1740 forfeited.\n|\n|win|Chef204\n|raw|Glaceon_1740's rating: 1220 &rarr; <strong>1196</strong><br />(-24 for losing)\n|raw|Chef204's rating: 1233 &rarr; <strong>1257</strong><br />(+24 for winning)\n|l|\u2606Glaceon_1740\n|player|p1|\n","uploadtime":1775013810,"views":11,"formatid":"gen9vgc2026regi","rating":1196,"private":0,"password":null}