{"id":"gen9vgc2026regi-2553716362","format":"[Gen 9] VGC 2026 Reg I","players":["sprocke123","I\u2764\ufe0f\u5a1c\u7984forever"],"log":"|j|\u2606sprocke123\n|j|\u2606I\u2764\ufe0f\u5a1c\u7984forever\n|t:|1772866458\n|gametype|doubles\n|player|p1|sprocke123|265|1361\n|player|p2|I\u2764\ufe0f\u5a1c\u7984forever|youngcouple-gen4dp|1353\n|gen|9\n|tier|[Gen 9] VGC 2026 Reg I\n|rated|\n|rule|Species Clause: Limit one of each Pok\u00e9mon\n|rule|Item Clause: Limit 1 of each item\n|clearpoke\n|poke|p1|Calyrex-Shadow, L50|\n|poke|p1|Terapagos, L50, M|\n|poke|p1|Rillaboom, L50, F|\n|poke|p1|Volcarona, L50, F|\n|poke|p1|Urshifu-*, L50, M|\n|poke|p1|Skeledirge, L50, F|\n|poke|p2|Groudon, L50|\n|poke|p2|Kyurem-White, L50|\n|poke|p2|Heatran, L50, M|\n|poke|p2|Whimsicott, L50, F|\n|poke|p2|Roaring Moon, L50|\n|poke|p2|Ditto, L50|\n|teampreview|4\n|\n|t:|1772866514\n|teamsize|p1|4\n|teamsize|p2|4\n|start\n|switch|p1a: Terapagos|Terapagos, L50, M|100/100\n|switch|p1b: Rillaboom|Rillaboom, L50, F|100/100\n|switch|p2a: Whimsicott|Whimsicott, L50, F|100/100\n|switch|p2b: Kyurem|Kyurem-White, L50|100/100\n|-activate|p1a: Terapagos|ability: Tera Shift\n|detailschange|p1a: Terapagos|Terapagos-Terastal, L50, M\n|-heal|p1a: Terapagos|100/100|[silent]\n|-fieldstart|move: Grassy Terrain|[from] ability: Grassy Surge|[of] p1b: Rillaboom\n|-enditem|p1a: Terapagos|Grassy Seed\n|-boost|p1a: Terapagos|def|1|[from] item: Grassy Seed\n|-ability|p2b: Kyurem|Turboblaze\n|turn|1\n|inactive|Battle timer is ON: inactive players will automatically lose when time's up. (requested by I\u2764\ufe0f\u5a1c\u7984forever)\n|\n|t:|1772866534\n|switch|p1b: Volcarona|Volcarona, L50, F|100/100\n|move|p2a: Whimsicott|Endeavor|p1a: Terapagos\n|-damage|p1a: Terapagos|60/100\n|move|p1a: Terapagos|Tera Starstorm|p2a: Whimsicott\n|-damage|p2a: Whimsicott|5/100\n|move|p2b: Kyurem|Blizzard|p1b: Volcarona|[spread] p1a,p1b\n|-resisted|p1b: Volcarona\n|-damage|p1a: Terapagos|12/100\n|-damage|p1b: Volcarona|74/100\n|\n|-heal|p2a: Whimsicott|10/100|[from] Grassy Terrain\n|-heal|p1b: Volcarona|80/100|[from] Grassy Terrain\n|-heal|p1a: Terapagos|18/100|[from] Grassy Terrain\n|upkeep\n|turn|2\n|\n|t:|1772866554\n|move|p1a: Terapagos|Protect|p1a: Terapagos\n|-singleturn|p1a: Terapagos|Protect\n|move|p2a: Whimsicott|Endeavor|p1b: Volcarona\n|-damage|p1b: Volcarona|7/100\n|-damage|p2a: Whimsicott|0 fnt|[from] item: Rocky Helmet|[of] p1b: Volcarona\n|faint|p2a: Whimsicott\n|move|p1b: Volcarona|Struggle Bug|p2b: Kyurem\n|-damage|p2b: Kyurem|84/100\n|-unboost|p2b: Kyurem|spa|1\n|move|p2b: Kyurem|Blizzard|p1a: Terapagos|[spread] p1b\n|-activate|p1a: Terapagos|move: Protect\n|-resisted|p1b: Volcarona\n|-damage|p1b: Volcarona|0 fnt\n|faint|p1b: Volcarona\n|\n|-heal|p1a: Terapagos|24/100|[from] Grassy Terrain\n|-heal|p2b: Kyurem|90/100|[from] Grassy Terrain\n|upkeep\n|\n|t:|1772866578\n|switch|p2a: Roaring Moon|Roaring Moon, L50|100/100\n|switch|p1b: Calyrex|Calyrex-Shadow, L50|100/100\n|-ability|p1b: Calyrex|As One\n|-ability|p1b: Calyrex|Unnerve\n|turn|3\n|inactive|sprocke123 has 30 seconds left.\n|\n|t:|1772866611\n|switch|p2b: Groudon|Groudon, L50|100/100\n|-weather|SunnyDay|[from] ability: Drought|[of] p2b: Groudon\n|-activate|p2a: Roaring Moon|ability: Protosynthesis\n|-start|p2a: Roaring Moon|protosynthesisspe\n|-terastallize|p1a: Terapagos|Stellar\n|detailschange|p1a: Terapagos|Terapagos-Stellar, L50, M, tera:Stellar\n|-heal|p1a: Terapagos|43/100|[silent]\n|-ability|p1a: Terapagos|Teraform Zero\n|-weather|none\n|-end|p2a: Roaring Moon|Protosynthesis\n|-fieldend|move: Grassy Terrain\n|move|p1b: Calyrex|Astral Barrage|p2b: Groudon|[spread] p2a,p2b\n|-resisted|p2a: Roaring Moon\n|-damage|p2a: Roaring Moon|77/100\n|-damage|p2b: Groudon|67/100\n|move|p2a: Roaring Moon|Knock Off|p1a: Terapagos\n|-crit|p1a: Terapagos\n|-damage|p1a: Terapagos|0 fnt\n|faint|p1a: Terapagos\n|detailschange|p1: Terapagos|Terapagos, L50, M|[silent]\n|\n|upkeep\n|\n|t:|1772866629\n|switch|p1a: Rillaboom|Rillaboom, L50, F|100/100\n|-fieldstart|move: Grassy Terrain|[from] ability: Grassy Surge|[of] p1a: Rillaboom\n|turn|4\n|\n|t:|1772866641\n|move|p1a: Rillaboom|Fake Out|p2a: Roaring Moon\n|-damage|p2a: Roaring Moon|64/100\n|move|p1b: Calyrex|Nasty Plot|p1b: Calyrex\n|-boost|p1b: Calyrex|spa|2\n|cant|p2a: Roaring Moon|flinch\n|move|p2b: Groudon|Crunch|p1b: Calyrex\n|-supereffective|p1b: Calyrex\n|-enditem|p1b: Calyrex|Focus Sash\n|-damage|p1b: Calyrex|1/100\n|-unboost|p1b: Calyrex|def|1\n|\n|-heal|p1b: Calyrex|7/100|[from] Grassy Terrain\n|-heal|p2a: Roaring Moon|70/100|[from] Grassy Terrain\n|-heal|p2b: Groudon|73/100|[from] Grassy Terrain\n|upkeep\n|turn|5\n|inactive|sprocke123 has 30 seconds left.\n|inactive|I\u2764\ufe0f\u5a1c\u7984forever has 30 seconds left.\n|inactive|sprocke123 has 20 seconds left.\n|\n|t:|1772866676\n|switch|p2b: Kyurem|Kyurem-White, L50|90/100\n|-ability|p2b: Kyurem|Turboblaze\n|move|p1b: Calyrex|Pollen Puff|p2a: Roaring Moon\n|-supereffective|p2a: Roaring Moon\n|-damage|p2a: Roaring Moon|0 fnt\n|faint|p2a: Roaring Moon\n|-end|p2a: Roaring Moon|Protosynthesis|[silent]\n|-ability|p1b: Calyrex|Grim Neigh|boost\n|-boost|p1b: Calyrex|spa|1\n|move|p1a: Rillaboom|Wood Hammer|p2b: Kyurem\n|-resisted|p2b: Kyurem\n|-damage|p2b: Kyurem|54/100\n|-damage|p1a: Rillaboom|86/100|[from] Recoil\n|\n|-heal|p1b: Calyrex|12/100|[from] Grassy Terrain\n|-heal|p1a: Rillaboom|93/100|[from] Grassy Terrain\n|-heal|p2b: Kyurem|60/100|[from] Grassy Terrain\n|upkeep\n|\n|t:|1772866689\n|switch|p2a: Groudon|Groudon, L50|73/100\n|-weather|SunnyDay|[from] ability: Drought|[of] p2a: Groudon\n|turn|6\n|\n|t:|1772866701\n|move|p1a: Rillaboom|Grassy Glide|p2a: Groudon\n|-supereffective|p2a: Groudon\n|-damage|p2a: Groudon|17/100\n|move|p1b: Calyrex|Astral Barrage|p2b: Kyurem|[spread] p2a,p2b\n|-damage|p2a: Groudon|0 fnt\n|-damage|p2b: Kyurem|0 fnt\n|faint|p2a: Groudon\n|faint|p2b: Kyurem\n|\n|win|sprocke123\n|raw|sprocke123's rating: 1361 &rarr; <strong>1381</strong><br />(+20 for winning)\n|raw|I\u2764\ufe0f\u5a1c\u7984forever's rating: 1353 &rarr; <strong>1333</strong><br />(-20 for losing)\n|l|\u2606I\u2764\ufe0f\u5a1c\u7984forever\n|player|p2|\n|l|\u2606sprocke123\n|player|p1|\n","uploadtime":1772866906,"views":13,"formatid":"gen9vgc2026regi","rating":1333,"private":0,"password":null}