{"id":"gen9vgc2026regi-2538326167","format":"[Gen 9] VGC 2026 Reg I","players":["pokemonboi812","Luca8"],"log":"|j|\u2606pokemonboi812\n|j|\u2606Luca8\n|t:|1770917361\n|gametype|doubles\n|player|p1|pokemonboi812|bugcatcher-gen4dp|1384\n|player|p2|Luca8|flint|1355\n|gen|9\n|tier|[Gen 9] VGC 2026 Reg I\n|rated|\n|rule|Species Clause: Limit one of each Pok\u00e9mon\n|rule|Item Clause: Limit 1 of each item\n|clearpoke\n|poke|p1|Miraidon, L50|\n|poke|p1|Calyrex-Ice, L50|\n|poke|p1|Incineroar, L50, M|\n|poke|p1|Ursaluna-Bloodmoon, L50, M|\n|poke|p1|Iron Hands, L50|\n|poke|p1|Whimsicott, L50, F|\n|poke|p2|Miraidon, L50|\n|poke|p2|Calyrex-Shadow, L50|\n|poke|p2|Whimsicott, L50, M|\n|poke|p2|Farigiraf, L50, M|\n|poke|p2|Incineroar, L50, M|\n|poke|p2|Urshifu-*, L50, F|\n|teampreview|4\n|j| lunala fairy ghost\n|\n|t:|1770917385\n|teamsize|p1|4\n|teamsize|p2|4\n|start\n|switch|p1a: Miraidon|Miraidon, L50|100/100\n|switch|p1b: Incineroar|Incineroar, L50, M|100/100\n|switch|p2a: Calyrex|Calyrex-Shadow, L50|100/100\n|switch|p2b: Farigiraf|Farigiraf, L50, M|100/100\n|-ability|p2a: Calyrex|As One\n|-ability|p2a: Calyrex|Unnerve\n|-fieldstart|move: Electric Terrain|[from] ability: Hadron Engine|[of] p1a: Miraidon\n|-ability|p1b: Incineroar|Intimidate|boost\n|-unboost|p2a: Calyrex|atk|1\n|-unboost|p2b: Farigiraf|atk|1\n|turn|1\n|l| lunala fairy ghost\n|\n|t:|1770917407\n|switch|p1a: Ursaluna|Ursaluna-Bloodmoon, L50, M|100/100\n|-terastallize|p2a: Calyrex|Ground\n|move|p2a: Calyrex|Tera Blast|p1a: Ursaluna|[anim] Tera Blast Ground\n|-damage|p1a: Ursaluna|34/100\n|move|p2b: Farigiraf|Hyper Voice|p1b: Incineroar|[spread] p1a,p1b\n|-damage|p1a: Ursaluna|0 fnt\n|-damage|p1b: Incineroar|75/100\n|faint|p1a: Ursaluna\n|-enditem|p2b: Farigiraf|Throat Spray\n|-boost|p2b: Farigiraf|spa|1|[from] item: Throat Spray\n|move|p1b: Incineroar|Knock Off|p2a: Calyrex\n|-damage|p2a: Calyrex|56/100\n|-enditem|p2a: Calyrex|Choice Specs|[from] move: Knock Off|[of] p1b: Incineroar\n|\n|upkeep\n|\n|t:|1770917418\n|switch|p1a: Calyrex|Calyrex-Ice, L50|100/100\n|-ability|p1a: Calyrex|As One\n|-ability|p1a: Calyrex|Unnerve\n|turn|2\n|\n|t:|1770917435\n|-terastallize|p1a: Calyrex|Normal\n|move|p2a: Calyrex|Tera Blast|p1b: Incineroar|[anim] Tera Blast Ground\n|-supereffective|p1b: Incineroar\n|-damage|p1b: Incineroar|0 fnt\n|faint|p1b: Incineroar\n|-ability|p2a: Calyrex|Grim Neigh|boost\n|-boost|p2a: Calyrex|spa|1\n|move|p2b: Farigiraf|Imprison|p2b: Farigiraf\n|-start|p2b: Farigiraf|move: Imprison\n|move|p1a: Calyrex|Glacial Lance|p2b: Farigiraf|[spread] p2a,p2b\n|-supereffective|p2a: Calyrex\n|-crit|p2a: Calyrex\n|-damage|p2a: Calyrex|0 fnt\n|-damage|p2b: Farigiraf|40/100\n|faint|p2a: Calyrex\n|-ability|p1a: Calyrex|Chilling Neigh|boost\n|-boost|p1a: Calyrex|atk|1\n|\n|upkeep\n|\n|t:|1770917472\n|switch|p2a: Miraidon|Miraidon, L50|100/100\n|switch|p1b: Miraidon|Miraidon, L50|100/100\n|-activate|p2a: Miraidon|ability: Hadron Engine\n|-activate|p1b: Miraidon|ability: Hadron Engine\n|turn|3\n|\n|t:|1770917485\n|move|p2a: Miraidon|Dazzling Gleam|p1a: Calyrex|[spread] p1a,p1b\n|-supereffective|p1b: Miraidon\n|-damage|p1a: Calyrex|83/100\n|-damage|p1b: Miraidon|44/100\n|move|p1b: Miraidon|Dazzling Gleam|p2a: Miraidon|[spread] p2a,p2b\n|-supereffective|p2a: Miraidon\n|-damage|p2a: Miraidon|36/100\n|-damage|p2b: Farigiraf|0 fnt\n|faint|p2b: Farigiraf\n|move|p1a: Calyrex|Glacial Lance|p2a: Miraidon\n|-supereffective|p2a: Miraidon\n|-damage|p2a: Miraidon|0 fnt\n|faint|p2a: Miraidon\n|-ability|p1a: Calyrex|Chilling Neigh|boost\n|-boost|p1a: Calyrex|atk|1\n|\n|-heal|p1a: Calyrex|88/100|[from] item: Leftovers\n|upkeep\n|\n|t:|1770917502\n|switch|p2b: Incineroar|Incineroar, L50, M|100/100\n|-ability|p2b: Incineroar|Intimidate|boost\n|-unboost|p1a: Calyrex|atk|1\n|-unboost|p1b: Miraidon|atk|1\n|turn|4\n|\n|t:|1770917508\n|move|p1b: Miraidon|Dazzling Gleam|p2b: Incineroar\n|-damage|p2b: Incineroar|62/100\n|move|p2b: Incineroar|Knock Off|p1b: Miraidon\n|-damage|p1b: Miraidon|3/100\n|-enditem|p1b: Miraidon|Choice Specs|[from] move: Knock Off|[of] p2b: Incineroar\n|move|p1a: Calyrex|Leech Seed|p2b: Incineroar\n|-start|p2b: Incineroar|move: Leech Seed\n|\n|-heal|p1a: Calyrex|94/100|[from] item: Leftovers\n|-damage|p2b: Incineroar|50/100|[from] Leech Seed|[of] p1a: Calyrex\n|-heal|p1a: Calyrex|100/100|[silent]\n|upkeep\n|turn|5\n|-message|Luca8 forfeited.\n|\n|win|pokemonboi812\n|raw|pokemonboi812's rating: 1384 &rarr; <strong>1402</strong><br />(+18 for winning)\n|raw|Luca8's rating: 1355 &rarr; <strong>1337</strong><br />(-18 for losing)\n|l|\u2606Luca8\n|player|p2|\n|l|\u2606pokemonboi812\n|player|p1|\n","uploadtime":1770917674,"views":21,"formatid":"gen9vgc2026regi","rating":1337,"private":0,"password":null}