{"id":"gen9vgc2026regi-2587655736","format":"[Gen 9] VGC 2026 Reg I","players":["kyoshimon","castiel123"],"log":"|j|\u2606kyoshimon\n|j|\u2606castiel123\n|t:|1776550906\n|gametype|doubles\n|player|p1|kyoshimon|steven|1422\n|player|p2|castiel123|169|1450\n|gen|9\n|tier|[Gen 9] VGC 2026 Reg I\n|rated|\n|rule|Species Clause: Limit one of each Pok\u00e9mon\n|rule|Item Clause: Limit 1 of each item\n|clearpoke\n|poke|p1|Kyogre, L50|\n|poke|p1|Chien-Pao, L50|\n|poke|p1|Landorus, L50, M|\n|poke|p1|Zamazenta-*, L50|\n|poke|p1|Iron Jugulis, L50|\n|poke|p1|Amoonguss, L50, F|\n|poke|p2|Zamazenta-*, L50|\n|poke|p2|Annihilape, L50, M|\n|poke|p2|Amoonguss, L50, F|\n|poke|p2|Terapagos, L50, M|\n|poke|p2|Chi-Yu, L50|\n|poke|p2|Whimsicott, L50, F|\n|teampreview|4\n|inactive|Battle timer is ON: inactive players will automatically lose when time's up. (requested by kyoshimon)\n|\n|t:|1776550937\n|teamsize|p1|4\n|teamsize|p2|4\n|start\n|switch|p1a: Chien-Pao|Chien-Pao, L50|100/100\n|switch|p1b: Zamazenta|Zamazenta-Crowned, L50|100/100\n|switch|p2a: Whimsicott|Whimsicott, L50, F|100/100\n|switch|p2b: Annihilape|Annihilape, L50, M|100/100\n|-ability|p1a: Chien-Pao|Sword of Ruin\n|-ability|p1b: Zamazenta|Dauntless Shield|boost\n|-boost|p1b: Zamazenta|def|1\n|turn|1\n|\n|t:|1776550956\n|switch|p2a: Zamazenta|Zamazenta-Crowned, L50|100/100\n|-ability|p2a: Zamazenta|Dauntless Shield|boost\n|-boost|p2a: Zamazenta|def|1\n|move|p1a: Chien-Pao|Sucker Punch|p2b: Annihilape\n|-damage|p2b: Annihilape|53/100\n|move|p2b: Annihilape|Final Gambit|p1b: Zamazenta\n|-damage|p1b: Zamazenta|41/100\n|faint|p2b: Annihilape\n|move|p1b: Zamazenta|Behemoth Bash|p2a: Zamazenta\n|-resisted|p2a: Zamazenta\n|-damage|p2a: Zamazenta|90/100\n|\n|upkeep\n|\n|t:|1776550968\n|switch|p2b: Whimsicott|Whimsicott, L50, F|100/100\n|turn|2\n|\n|t:|1776550983\n|-terastallize|p2a: Zamazenta|Water\n|move|p2b: Whimsicott|Tailwind|p2b: Whimsicott\n|-sidestart|p2: castiel123|move: Tailwind\n|move|p2a: Zamazenta|Iron Defense|p2a: Zamazenta\n|-boost|p2a: Zamazenta|def|2\n|move|p1a: Chien-Pao|Ice Spinner|p2b: Whimsicott\n|-supereffective|p2b: Whimsicott\n|-crit|p2b: Whimsicott\n|-damage|p2b: Whimsicott|0 fnt\n|faint|p2b: Whimsicott\n|move|p1b: Zamazenta|Body Press|p2a: Zamazenta\n|-damage|p2a: Zamazenta|67/100\n|\n|upkeep\n|\n|t:|1776550991\n|switch|p2b: Terapagos|Terapagos, L50, M|100/100\n|-activate|p2b: Terapagos|ability: Tera Shift\n|detailschange|p2b: Terapagos|Terapagos-Terastal, L50, M\n|-heal|p2b: Terapagos|100/100|[silent]\n|turn|3\n|\n|t:|1776550997\n|move|p1a: Chien-Pao|Protect|p1a: Chien-Pao\n|-singleturn|p1a: Chien-Pao|Protect\n|move|p1b: Zamazenta|Protect|p1b: Zamazenta\n|-singleturn|p1b: Zamazenta|Protect\n|move|p2a: Zamazenta|Body Press|p1b: Zamazenta\n|-activate|p1b: Zamazenta|move: Protect\n|move|p2b: Terapagos|Calm Mind|p2b: Terapagos\n|-boost|p2b: Terapagos|spa|1\n|-boost|p2b: Terapagos|spd|1\n|\n|upkeep\n|turn|4\n|\n|t:|1776551016\n|move|p2a: Zamazenta|Body Press|p1b: Zamazenta\n|-supereffective|p1b: Zamazenta\n|-damage|p1b: Zamazenta|0 fnt\n|faint|p1b: Zamazenta\n|move|p2b: Terapagos|Tera Starstorm|p1a: Chien-Pao\n|-enditem|p1a: Chien-Pao|Focus Sash\n|-damage|p1a: Chien-Pao|1/100\n|move|p1a: Chien-Pao|Ruination|p2b: Terapagos|[miss]\n|-miss|p1a: Chien-Pao|p2b: Terapagos\n|\n|upkeep\n|\n|t:|1776551025\n|switch|p1b: Iron Jugulis|Iron Jugulis, L50|100/100\n|-enditem|p1b: Iron Jugulis|Booster Energy\n|-activate|p1b: Iron Jugulis|ability: Quark Drive|[fromitem]\n|-start|p1b: Iron Jugulis|quarkdrivespe\n|turn|5\n|\n|t:|1776551044\n|move|p1b: Iron Jugulis|Protect|p1b: Iron Jugulis\n|-singleturn|p1b: Iron Jugulis|Protect\n|move|p2a: Zamazenta|Body Press|p1b: Iron Jugulis\n|-activate|p1b: Iron Jugulis|move: Protect\n|move|p2b: Terapagos|Tera Starstorm|p1b: Iron Jugulis\n|-activate|p1b: Iron Jugulis|move: Protect\n|move|p1a: Chien-Pao|Ruination|p2a: Zamazenta\n|-damage|p2a: Zamazenta|34/100\n|\n|-sideend|p2: castiel123|move: Tailwind\n|upkeep\n|turn|6\n|\n|t:|1776551063\n|move|p1b: Iron Jugulis|Tailwind|p1b: Iron Jugulis\n|-sidestart|p1: kyoshimon|move: Tailwind\n|move|p1a: Chien-Pao|Ruination|p2b: Terapagos|[miss]\n|-miss|p1a: Chien-Pao|p2b: Terapagos\n|move|p2a: Zamazenta|Body Press|p1a: Chien-Pao\n|-supereffective|p1a: Chien-Pao\n|-damage|p1a: Chien-Pao|0 fnt\n|faint|p1a: Chien-Pao\n|move|p2b: Terapagos|Calm Mind|p2b: Terapagos\n|-boost|p2b: Terapagos|spa|1\n|-boost|p2b: Terapagos|spd|1\n|\n|upkeep\n|\n|t:|1776551069\n|switch|p1a: Landorus|Landorus, L50, M|100/100\n|turn|7\n|\n|t:|1776551081\n|-terastallize|p1b: Iron Jugulis|Steel\n|move|p1b: Iron Jugulis|Snarl|p2a: Zamazenta|[spread] p2a,p2b\n|-activate|p2b: Terapagos|ability: Tera Shell\n|-resisted|p2b: Terapagos\n|-damage|p2a: Zamazenta|23/100\n|-damage|p2b: Terapagos|97/100\n|-unboost|p2a: Zamazenta|spa|1\n|-unboost|p2b: Terapagos|spa|1\n|move|p1a: Landorus|Earth Power|p2a: Zamazenta\n|-damage|p2a: Zamazenta|0 fnt\n|faint|p2a: Zamazenta\n|move|p2b: Terapagos|Tera Starstorm|p1a: Landorus\n|-damage|p1a: Landorus|29/100\n|\n|-heal|p2b: Terapagos|100/100|[from] item: Leftovers\n|upkeep\n|turn|8\n|\n|t:|1776551097\n|move|p1b: Iron Jugulis|Snarl|p2b: Terapagos\n|-activate|p2b: Terapagos|ability: Tera Shell\n|-resisted|p2b: Terapagos\n|-damage|p2b: Terapagos|96/100\n|-unboost|p2b: Terapagos|spa|1\n|move|p1a: Landorus|Earth Power|p2b: Terapagos\n|-damage|p2b: Terapagos|68/100\n|move|p2b: Terapagos|Tera Starstorm|p1a: Landorus\n|-damage|p1a: Landorus|0 fnt\n|faint|p1a: Landorus\n|\n|-heal|p2b: Terapagos|74/100|[from] item: Leftovers\n|upkeep\n|turn|9\n|\n|t:|1776551105\n|move|p2b: Terapagos|Protect|p2b: Terapagos\n|-singleturn|p2b: Terapagos|Protect\n|move|p1b: Iron Jugulis|Snarl|p2b: Terapagos\n|-activate|p2b: Terapagos|move: Protect\n|\n|-heal|p2b: Terapagos|80/100|[from] item: Leftovers\n|-sideend|p1: kyoshimon|move: Tailwind\n|upkeep\n|turn|10\n|\n|t:|1776551107\n|move|p1b: Iron Jugulis|Snarl|p2b: Terapagos\n|-damage|p2b: Terapagos|69/100\n|-unboost|p2b: Terapagos|spa|1\n|move|p2b: Terapagos|Calm Mind|p2b: Terapagos\n|-boost|p2b: Terapagos|spa|1\n|-boost|p2b: Terapagos|spd|1\n|\n|-heal|p2b: Terapagos|75/100|[from] item: Leftovers\n|upkeep\n|turn|11\n|\n|t:|1776551113\n|move|p1b: Iron Jugulis|Snarl|p2b: Terapagos|[miss]\n|-miss|p1b: Iron Jugulis|p2b: Terapagos\n|move|p2b: Terapagos|Calm Mind|p2b: Terapagos\n|-boost|p2b: Terapagos|spa|1\n|-boost|p2b: Terapagos|spd|1\n|\n|-heal|p2b: Terapagos|81/100|[from] item: Leftovers\n|upkeep\n|turn|12\n|\n|t:|1776551116\n|move|p2b: Terapagos|Protect|p2b: Terapagos\n|-singleturn|p2b: Terapagos|Protect\n|move|p1b: Iron Jugulis|Snarl|p2b: Terapagos\n|-activate|p2b: Terapagos|move: Protect\n|\n|-heal|p2b: Terapagos|87/100|[from] item: Leftovers\n|upkeep\n|turn|13\n|\n|t:|1776551123\n|move|p1b: Iron Jugulis|Snarl|p2b: Terapagos\n|-damage|p2b: Terapagos|80/100\n|-unboost|p2b: Terapagos|spa|1\n|move|p2b: Terapagos|Earth Power|p1b: Iron Jugulis\n|-supereffective|p1b: Iron Jugulis\n|-damage|p1b: Iron Jugulis|53/100\n|\n|-heal|p2b: Terapagos|86/100|[from] item: Leftovers\n|upkeep\n|turn|14\n|\n|t:|1776551129\n|move|p2b: Terapagos|Protect|p2b: Terapagos\n|-singleturn|p2b: Terapagos|Protect\n|move|p1b: Iron Jugulis|Snarl|p2b: Terapagos\n|-activate|p2b: Terapagos|move: Protect\n|\n|-heal|p2b: Terapagos|92/100|[from] item: Leftovers\n|upkeep\n|turn|15\n|-message|kyoshimon forfeited.\n|\n|win|castiel123\n|raw|kyoshimon's rating: 1422 &rarr; <strong>1404</strong><br />(-18 for losing)\n|raw|castiel123's rating: 1450 &rarr; <strong>1468</strong><br />(+18 for winning)\n|l|\u2606kyoshimon\n|player|p1|\n|l|\u2606castiel123\n|player|p2|\n","uploadtime":1776551267,"views":8,"formatid":"gen9vgc2026regi","rating":1404,"private":0,"password":null}