{"id":"gen9vgc2026regi-2528638021","format":"[Gen 9] VGC 2026 Reg I","players":["guozhi","ky123456"],"log":"|j|\u2606guozhi\n|j|\u2606ky123456\n|t:|1769689621\n|gametype|doubles\n|player|p1|guozhi|102|1405\n|player|p2|ky123456|cynthia-gen4|1484\n|gen|9\n|tier|[Gen 9] VGC 2026 Reg I\n|rated|\n|rule|Species Clause: Limit one of each Pok\u00e9mon\n|rule|Item Clause: Limit 1 of each item\n|clearpoke\n|poke|p1|Calyrex-Shadow, L50|\n|poke|p1|Smeargle, L50, M|\n|poke|p1|Urshifu-*, L50, M|\n|poke|p1|Tornadus, L50, M|\n|poke|p1|Kyogre, L50|\n|poke|p1|Indeedee-F, L50, F|\n|poke|p2|Calyrex-Shadow, L50|\n|poke|p2|Zamazenta-*, L50|\n|poke|p2|Roaring Moon, L50|\n|poke|p2|Maushold, L50|\n|poke|p2|Weezing, L50, M|\n|poke|p2|Amoonguss, L50, M|\n|teampreview|4\n|inactive|Battle timer is ON: inactive players will automatically lose when time's up. (requested by guozhi)\n|inactive|ky123456 has 60 seconds left.\n|\n|t:|1769689656\n|teamsize|p1|4\n|teamsize|p2|4\n|start\n|switch|p1a: Calyrex|Calyrex-Shadow, L50|100/100\n|switch|p1b: Smeargle|Smeargle, L50, M|100/100\n|switch|p2a: Zamazenta|Zamazenta-Crowned, L50|100/100\n|switch|p2b: Roaring Moon|Roaring Moon, L50|100/100\n|-ability|p1a: Calyrex|As One\n|-ability|p1a: Calyrex|Unnerve\n|-ability|p2a: Zamazenta|Dauntless Shield|boost\n|-boost|p2a: Zamazenta|def|1\n|-enditem|p2b: Roaring Moon|Booster Energy\n|-activate|p2b: Roaring Moon|ability: Protosynthesis|[fromitem]\n|-start|p2b: Roaring Moon|protosynthesisspe\n|turn|1\n|\n|t:|1769689670\n|-terastallize|p1a: Calyrex|Ghost\n|move|p1b: Smeargle|Fake Out|p2a: Zamazenta\n|-resisted|p2a: Zamazenta\n|-damage|p2a: Zamazenta|99/100\n|move|p2b: Roaring Moon|Taunt|p1b: Smeargle\n|-start|p1b: Smeargle|move: Taunt\n|move|p1a: Calyrex|Astral Barrage|p2a: Zamazenta|[spread] p2a,p2b\n|-resisted|p2b: Roaring Moon\n|-damage|p2a: Zamazenta|21/100\n|-damage|p2b: Roaring Moon|50/100\n|cant|p2a: Zamazenta|flinch\n|\n|-ability|p1b: Smeargle|Moody|boost\n|-boost|p1b: Smeargle|spd|2\n|-unboost|p1b: Smeargle|spa|1\n|upkeep\n|turn|2\n|inactive|guozhi has 30 seconds left.\n|inactive|ky123456 has 30 seconds left.\n|inactive|guozhi has 20 seconds left.\n|inactive|ky123456 has 20 seconds left.\n|inactive|ky123456 has 15 seconds left.\n|\n|t:|1769689714\n|switch|p1a: Tornadus|Tornadus, L50, M|100/100\n|switch|p1b: Kyogre|Kyogre, L50|100/100\n|-weather|RainDance|[from] ability: Drizzle|[of] p1b: Kyogre\n|move|p2a: Zamazenta|Wide Guard|p2a: Zamazenta\n|-singleturn|p2a: Zamazenta|Wide Guard\n|move|p2b: Roaring Moon|Tailwind|p2b: Roaring Moon\n|-sidestart|p2: ky123456|move: Tailwind\n|\n|-weather|RainDance|[upkeep]\n|upkeep\n|turn|3\n|\n|t:|1769689737\n|move|p1a: Tornadus|Protect|p1a: Tornadus\n|-singleturn|p1a: Tornadus|Protect\n|move|p1b: Kyogre|Protect|p1b: Kyogre\n|-singleturn|p1b: Kyogre|Protect\n|move|p2b: Roaring Moon|Taunt|p1a: Tornadus\n|-activate|p1a: Tornadus|move: Protect\n|move|p2a: Zamazenta|Body Press|p1b: Kyogre\n|-activate|p1b: Kyogre|move: Protect\n|\n|-weather|RainDance|[upkeep]\n|upkeep\n|turn|4\n|\n|t:|1769689759\n|move|p1a: Tornadus|Tailwind|p1a: Tornadus\n|-sidestart|p1: guozhi|move: Tailwind\n|move|p2b: Roaring Moon|Knock Off|p1b: Kyogre\n|-damage|p1b: Kyogre|45/100\n|-enditem|p1b: Kyogre|Mystic Water|[from] move: Knock Off|[of] p2b: Roaring Moon\n|move|p2a: Zamazenta|Body Press|p1b: Kyogre\n|-damage|p1b: Kyogre|0 fnt\n|faint|p1b: Kyogre\n|\n|-weather|RainDance|[upkeep]\n|upkeep\n|inactive|guozhi has 30 seconds left.\n|\n|t:|1769689789\n|switch|p1b: Smeargle|Smeargle, L50, M|100/100\n|turn|5\n|\n|t:|1769689795\n|move|p2a: Zamazenta|Wide Guard|p2a: Zamazenta\n|-singleturn|p2a: Zamazenta|Wide Guard\n|move|p1b: Smeargle|Feint|p2b: Roaring Moon\n|-activate|p2b: Roaring Moon|move: Feint\n|-damage|p2b: Roaring Moon|45/100\n|move|p2b: Roaring Moon|Taunt|p1b: Smeargle\n|-start|p1b: Smeargle|move: Taunt\n|move|p1a: Tornadus|Bleakwind Storm|p2a: Zamazenta|[spread] p2a,p2b\n|-damage|p2a: Zamazenta|0 fnt\n|-damage|p2b: Roaring Moon|11/100\n|-unboost|p2b: Roaring Moon|spe|1\n|faint|p2a: Zamazenta\n|\n|-weather|RainDance|[upkeep]\n|-sideend|p2: ky123456|move: Tailwind\n|-ability|p1b: Smeargle|Moody|boost\n|-boost|p1b: Smeargle|def|2\n|-unboost|p1b: Smeargle|spe|1\n|upkeep\n|\n|t:|1769689809\n|switch|p2a: Calyrex|Calyrex-Shadow, L50|100/100\n|-ability|p2a: Calyrex|As One\n|-ability|p2a: Calyrex|Unnerve\n|turn|6\n|inactive|ky123456 has 30 seconds left.\n|inactive|ky123456 has 20 seconds left.\n|inactive|ky123456 has 15 seconds left.\n|inactive|ky123456 has 10 seconds left.\n|\n|t:|1769689858\n|-terastallize|p2a: Calyrex|Ghost\n|move|p1b: Smeargle|Feint|p2b: Roaring Moon\n|-damage|p2b: Roaring Moon|6/100\n|move|p1a: Tornadus|Bleakwind Storm|p2a: Calyrex|[spread] p2a,p2b\n|-damage|p2a: Calyrex|66/100\n|-damage|p2b: Roaring Moon|0 fnt\n|faint|p2b: Roaring Moon\n|-end|p2b: Roaring Moon|Protosynthesis|[silent]\n|move|p2a: Calyrex|Astral Barrage|p1a: Tornadus|[spread] p1a\n|-immune|p1b: Smeargle\n|-damage|p1a: Tornadus|0 fnt\n|faint|p1a: Tornadus\n|-ability|p2a: Calyrex|Grim Neigh|boost\n|-boost|p2a: Calyrex|spa|1\n|\n|-weather|none\n|-ability|p1b: Smeargle|Moody|boost\n|-boost|p1b: Smeargle|spd|2\n|-unboost|p1b: Smeargle|spa|1\n|upkeep\n|\n|t:|1769689873\n|switch|p2b: Weezing|Weezing, L50, M|100/100\n|switch|p1a: Calyrex|Calyrex-Shadow, L50, tera:Ghost|100/100\n|-ability|p2b: Weezing|Neutralizing Gas\n|-ability|p1a: Calyrex|As One\n|-ability|p1a: Calyrex|Unnerve\n|turn|7\n|\n|t:|1769689886\n|move|p1b: Smeargle|Feint|p2b: Weezing\n|-damage|p2b: Weezing|96/100\n|move|p1a: Calyrex|Astral Barrage|p2a: Calyrex|[spread] p2a,p2b\n|-supereffective|p2a: Calyrex\n|-damage|p2a: Calyrex|0 fnt\n|-damage|p2b: Weezing|0 fnt\n|faint|p2a: Calyrex\n|faint|p2b: Weezing\n|-end|p2b: Weezing|ability: Neutralizing Gas\n|\n|win|guozhi\n|raw|guozhi's rating: 1405 &rarr; <strong>1429</strong><br />(+24 for winning)\n|raw|ky123456's rating: 1484 &rarr; <strong>1460</strong><br />(-24 for losing)\n|l|\u2606ky123456\n|player|p2|\n|l|\u2606guozhi\n|player|p1|\n","uploadtime":1769690101,"views":37,"formatid":"gen9vgc2026regi","rating":1429,"private":0,"password":null}