{"id":"gen9vgc2026regi-2558858356","format":"[Gen 9] VGC 2026 Reg I","players":["Adr1anTV","Slackermaru"],"log":"|j|\u2606Adr1anTV\n|j|\u2606Slackermaru\n|t:|1773494316\n|gametype|doubles\n|player|p1|Adr1anTV|266|1105\n|player|p2|Slackermaru|workerice|1227\n|gen|9\n|tier|[Gen 9] VGC 2026 Reg I\n|rated|\n|rule|Species Clause: Limit one of each Pok\u00e9mon\n|rule|Item Clause: Limit 1 of each item\n|clearpoke\n|poke|p1|Calyrex-Shadow, L50|\n|poke|p1|Indeedee-F, L50, F|\n|poke|p1|Zacian-*, L50|\n|poke|p1|Incineroar, L50, M|\n|poke|p1|Tornadus, L50, M|\n|poke|p1|Urshifu-*, L50, M|\n|poke|p2|Miraidon, L50|\n|poke|p2|Ogerpon, L50, F|\n|poke|p2|Incineroar, L50, M|\n|poke|p2|Calyrex-Ice, L50|\n|poke|p2|Urshifu-*, L50, F|\n|poke|p2|Volcarona, L50, M|\n|teampreview|4\n|\n|t:|1773494337\n|teamsize|p1|4\n|teamsize|p2|4\n|start\n|switch|p1a: Jingliu|Zacian-Crowned, L50|100/100\n|switch|p1b: Muscle man|Tornadus, L50, M|100/100\n|switch|p2a: Volcarona|Volcarona, L50, M|100/100\n|switch|p2b: Miraidon|Miraidon, L50|100/100\n|-fieldstart|move: Electric Terrain|[from] ability: Hadron Engine|[of] p2b: Miraidon\n|-enditem|p2a: Volcarona|Electric Seed\n|-boost|p2a: Volcarona|def|1|[from] item: Electric Seed\n|-ability|p1a: Jingliu|Intrepid Sword|boost\n|-boost|p1a: Jingliu|atk|1\n|turn|1\n|\n|t:|1773494360\n|switch|p2b: Incineroar|Incineroar, L50, M, shiny|100/100\n|-ability|p2b: Incineroar|Intimidate|boost\n|-unboost|p1a: Jingliu|atk|1\n|-unboost|p1b: Muscle man|atk|1\n|move|p1a: Jingliu|Protect|p1a: Jingliu\n|-singleturn|p1a: Jingliu|Protect\n|move|p1b: Muscle man|Tailwind|p1b: Muscle man\n|-sidestart|p1: Adr1anTV|move: Tailwind\n|move|p2a: Volcarona|Quiver Dance|p2a: Volcarona\n|-boost|p2a: Volcarona|spa|1\n|-boost|p2a: Volcarona|spd|1\n|-boost|p2a: Volcarona|spe|1\n|\n|upkeep\n|turn|2\n|\n|t:|1773494386\n|switch|p1a: Austin DeSanto|Urshifu-Rapid-Strike, L50, M|100/100\n|-terastallize|p2a: Volcarona|Fire\n|move|p2b: Incineroar|Fake Out|p1a: Austin DeSanto\n|-damage|p1a: Austin DeSanto|89/100\n|move|p1b: Muscle man|Rain Dance|p1b: Muscle man\n|-weather|RainDance\n|move|p2a: Volcarona|Flamethrower|p1a: Austin DeSanto\n|-resisted|p1a: Austin DeSanto\n|-damage|p1a: Austin DeSanto|54/100\n|\n|-weather|RainDance|[upkeep]\n|upkeep\n|turn|3\n|\n|t:|1773494417\n|switch|p2a: Miraidon|Miraidon, L50|100/100\n|-activate|p2a: Miraidon|ability: Hadron Engine\n|move|p1b: Muscle man|Bleakwind Storm|p2b: Incineroar|[spread] p2a,p2b\n|-resisted|p2a: Miraidon\n|-damage|p2a: Miraidon|87/100\n|-damage|p2b: Incineroar|83/100\n|move|p1a: Austin DeSanto|Surging Strikes|p2a: Miraidon\n|-resisted|p2a: Miraidon\n|-crit|p2a: Miraidon\n|-damage|p2a: Miraidon|70/100\n|-resisted|p2a: Miraidon\n|-crit|p2a: Miraidon\n|-damage|p2a: Miraidon|55/100\n|-resisted|p2a: Miraidon\n|-crit|p2a: Miraidon\n|-damage|p2a: Miraidon|40/100\n|-hitcount|p2a: Miraidon|3\n|move|p2b: Incineroar|U-turn|p1a: Austin DeSanto\n|-resisted|p1a: Austin DeSanto\n|-damage|p1a: Austin DeSanto|45/100\n|\n|t:|1773494434\n|switch|p2b: Ogerpon|Ogerpon, L50, F|100/100|[from] U-turn\n|\n|-weather|RainDance|[upkeep]\n|upkeep\n|turn|4\n|\n|t:|1773494448\n|move|p1b: Muscle man|Protect|p1b: Muscle man\n|-singleturn|p1b: Muscle man|Protect\n|move|p2b: Ogerpon|Follow Me|p2b: Ogerpon\n|-singleturn|p2b: Ogerpon|move: Follow Me\n|move|p1a: Austin DeSanto|Taunt|p2b: Ogerpon\n|-start|p2b: Ogerpon|move: Taunt\n|move|p2a: Miraidon|Volt Switch|p1b: Muscle man\n|-activate|p1b: Muscle man|move: Protect\n|\n|-weather|RainDance|[upkeep]\n|-sideend|p1: Adr1anTV|move: Tailwind\n|upkeep\n|turn|5\n|\n|t:|1773494464\n|move|p1b: Muscle man|Tailwind|p1b: Muscle man\n|-sidestart|p1: Adr1anTV|move: Tailwind\n|move|p1a: Austin DeSanto|Close Combat|p2a: Miraidon\n|-damage|p2a: Miraidon|0 fnt\n|-unboost|p1a: Austin DeSanto|def|1\n|-unboost|p1a: Austin DeSanto|spd|1\n|faint|p2a: Miraidon\n|move|p2b: Ogerpon|Ivy Cudgel|p1a: Austin DeSanto\n|-supereffective|p1a: Austin DeSanto\n|-damage|p1a: Austin DeSanto|0 fnt\n|faint|p1a: Austin DeSanto\n|\n|-weather|RainDance|[upkeep]\n|-fieldend|move: Electric Terrain\n|upkeep\n|\n|t:|1773494476\n|switch|p2a: Volcarona|Volcarona, L50, M, tera:Fire|100/100\n|switch|p1a: SEELE!|Calyrex-Shadow, L50|100/100\n|-ability|p1a: SEELE!|As One\n|-ability|p1a: SEELE!|Unnerve\n|turn|6\n|\n|t:|1773494500\n|switch|p2b: Incineroar|Incineroar, L50, M, shiny|83/100\n|-ability|p2b: Incineroar|Intimidate|boost\n|-unboost|p1a: SEELE!|atk|1\n|-unboost|p1b: Muscle man|atk|1\n|move|p2a: Volcarona|Protect|p2a: Volcarona\n|-singleturn|p2a: Volcarona|Protect\n|move|p1a: SEELE!|Astral Barrage|p2b: Incineroar|[spread] p2b\n|-activate|p2a: Volcarona|move: Protect\n|-resisted|p2b: Incineroar\n|-damage|p2b: Incineroar|59/100\n|-damage|p1a: SEELE!|91/100|[from] item: Life Orb\n|move|p1b: Muscle man|Bleakwind Storm|p2b: Incineroar|[spread] p2b\n|-activate|p2a: Volcarona|move: Protect\n|-damage|p2b: Incineroar|40/100\n|-unboost|p2b: Incineroar|spe|1\n|\n|-weather|none\n|upkeep\n|turn|7\n|\n|t:|1773494528\n|move|p1b: Muscle man|Rain Dance|p1b: Muscle man\n|-weather|RainDance\n|move|p1a: SEELE!|Astral Barrage|p2b: Incineroar|[spread] p2a,p2b\n|-resisted|p2b: Incineroar\n|-damage|p2a: Volcarona|35/100\n|-damage|p2b: Incineroar|18/100\n|-damage|p1a: SEELE!|81/100|[from] item: Life Orb\n|move|p2a: Volcarona|Quiver Dance|p2a: Volcarona\n|-boost|p2a: Volcarona|spa|1\n|-boost|p2a: Volcarona|spd|1\n|-boost|p2a: Volcarona|spe|1\n|move|p2b: Incineroar|Knock Off|p1a: SEELE!\n|-supereffective|p1a: SEELE!\n|-damage|p1a: SEELE!|0 fnt\n|-enditem|p1a: SEELE!|Life Orb|[from] move: Knock Off|[of] p2b: Incineroar\n|faint|p1a: SEELE!\n|\n|-weather|RainDance|[upkeep]\n|upkeep\n|\n|t:|1773494533\n|switch|p1a: Jingliu|Zacian-Crowned, L50|100/100\n|turn|8\n|\n|t:|1773494552\n|move|p2a: Volcarona|Protect|p2a: Volcarona\n|-singleturn|p2a: Volcarona|Protect\n|move|p1a: Jingliu|Behemoth Blade|p2a: Volcarona\n|-activate|p2a: Volcarona|move: Protect\n|move|p1b: Muscle man|Bleakwind Storm|p2b: Incineroar|[spread] p2b\n|-activate|p2a: Volcarona|move: Protect\n|-damage|p2b: Incineroar|0 fnt\n|faint|p2b: Incineroar\n|\n|-weather|RainDance|[upkeep]\n|-sideend|p1: Adr1anTV|move: Tailwind\n|upkeep\n|\n|t:|1773494563\n|switch|p2b: Ogerpon|Ogerpon, L50, F|100/100\n|turn|9\n|\n|t:|1773494572\n|move|p1a: Jingliu|Protect|p1a: Jingliu\n|-singleturn|p1a: Jingliu|Protect\n|move|p1b: Muscle man|Tailwind|p1b: Muscle man\n|-sidestart|p1: Adr1anTV|move: Tailwind\n|move|p2a: Volcarona|Flamethrower|p1a: Jingliu\n|-activate|p1a: Jingliu|move: Protect\n|move|p2b: Ogerpon|Encore|p1b: Muscle man\n|-start|p1b: Muscle man|Encore\n|\n|-weather|RainDance|[upkeep]\n|upkeep\n|turn|10\n|\n|t:|1773494596\n|-terastallize|p1a: Jingliu|Fairy\n|move|p2b: Ogerpon|Follow Me|p2b: Ogerpon\n|-singleturn|p2b: Ogerpon|move: Follow Me\n|move|p1b: Muscle man|Tailwind||[still]\n|-fail|p1b: Muscle man\n|move|p1a: Jingliu|Play Rough|p2b: Ogerpon|[miss]\n|-miss|p1a: Jingliu|p2b: Ogerpon\n|move|p2a: Volcarona|Flamethrower|p1a: Jingliu\n|-damage|p1a: Jingliu|64/100\n|\n|-weather|RainDance|[upkeep]\n|upkeep\n|turn|11\n|\n|t:|1773494619\n|move|p1b: Muscle man|Tailwind||[still]\n|-fail|p1b: Muscle man\n|move|p1a: Jingliu|Play Rough|p2b: Ogerpon\n|-damage|p2b: Ogerpon|11/100\n|move|p2a: Volcarona|Flamethrower|p1a: Jingliu\n|-damage|p1a: Jingliu|25/100\n|move|p2b: Ogerpon|Encore|p1a: Jingliu\n|-start|p1a: Jingliu|Encore\n|\n|-weather|none\n|upkeep\n|turn|12\n|\n|t:|1773494636\n|move|p2b: Ogerpon|Spiky Shield|p2b: Ogerpon\n|-singleturn|p2b: Ogerpon|move: Protect\n|move|p1b: Muscle man|Tailwind||[still]\n|-fail|p1b: Muscle man\n|move|p1a: Jingliu|Play Rough|p2a: Volcarona\n|-resisted|p2a: Volcarona\n|-damage|p2a: Volcarona|0 fnt\n|faint|p2a: Volcarona\n|\n|-end|p1b: Muscle man|Encore\n|-sideend|p1: Adr1anTV|move: Tailwind\n|upkeep\n|turn|13\n|c|\u2606Adr1anTV|Ggs\n|-message|Slackermaru forfeited.\n|\n|win|Adr1anTV\n|raw|Adr1anTV's rating: 1105 &rarr; <strong>1138</strong><br />(+33 for winning)\n|raw|Slackermaru's rating: 1227 &rarr; <strong>1194</strong><br />(-33 for losing)\n|l|\u2606Slackermaru\n|player|p2|\n","uploadtime":1773494651,"views":23,"formatid":"gen9vgc2026regi","rating":1138,"private":0,"password":null}