{"id":"gen9vgc2026regi-2528174467","format":"[Gen 9] VGC 2026 Reg I","players":["CHR1SPHX","Bmox"],"log":"|j|\u2606CHR1SPHX\n|j|\u2606Bmox\n|t:|1769627101\n|gametype|doubles\n|player|p1|CHR1SPHX|hilbert-wonderlauncher|1283\n|player|p2|Bmox|palmer|1295\n|gen|9\n|tier|[Gen 9] VGC 2026 Reg I\n|rated|\n|rule|Species Clause: Limit one of each Pok\u00e9mon\n|rule|Item Clause: Limit 1 of each item\n|clearpoke\n|poke|p1|Incineroar, L50, M|\n|poke|p1|Koraidon, L50|\n|poke|p1|Flutter Mane, L50|\n|poke|p1|Brute Bonnet, L50|\n|poke|p1|Indeedee-F, L50, F|\n|poke|p1|Groudon, L50|\n|poke|p2|Rayquaza, L50|\n|poke|p2|Calyrex-Shadow, L50|\n|poke|p2|Landorus, L50, M|\n|poke|p2|Annihilape, L50, M|\n|poke|p2|Chien-Pao, L50|\n|poke|p2|Tornadus, L50, M|\n|teampreview|4\n|inactive|Battle timer is ON: inactive players will automatically lose when time's up. (requested by CHR1SPHX)\n|inactive|CHR1SPHX has 60 seconds left.\n|inactive|Bmox has 60 seconds left.\n|\n|t:|1769627140\n|teamsize|p1|4\n|teamsize|p2|4\n|start\n|switch|p1a: Flutter Mane|Flutter Mane, L50|100/100\n|switch|p1b: Koraidon|Koraidon, L50|100/100\n|switch|p2a: Annihilape|Annihilape, L50, M|100/100\n|switch|p2b: Calyrex|Calyrex-Shadow, L50|100/100\n|-ability|p2b: Calyrex|As One\n|-ability|p2b: Calyrex|Unnerve\n|-weather|SunnyDay|[from] ability: Orichalcum Pulse|[of] p1b: Koraidon\n|-activate|p1a: Flutter Mane|ability: Protosynthesis\n|-start|p1a: Flutter Mane|protosynthesisspe\n|-activate|p1b: Koraidon|Orichalcum Pulse|[source]\n|turn|1\n|inactive|Bmox has 30 seconds left.\n|inactive|Bmox has 20 seconds left.\n|inactive|Bmox has 15 seconds left.\n|inactive|Bmox has 10 seconds left.\n|inactive|Bmox has 5 seconds left.\n|\n|t:|1769627195\n|switch|p1b: Indeedee|Indeedee-F, L50, F|100/100\n|-fieldstart|move: Psychic Terrain|[from] ability: Psychic Surge|[of] p1b: Indeedee\n|move|p1a: Flutter Mane|Dazzling Gleam|p2a: Annihilape|[spread] p2a,p2b\n|-supereffective|p2a: Annihilape\n|-damage|p2a: Annihilape|44/100\n|-damage|p2b: Calyrex|70/100\n|move|p2b: Calyrex|Astral Barrage|p1a: Flutter Mane|[spread] p1a\n|-immune|p1b: Indeedee\n|-supereffective|p1a: Flutter Mane\n|-enditem|p1a: Flutter Mane|Focus Sash\n|-damage|p1a: Flutter Mane|1/100\n|move|p2a: Annihilape|Coaching|p2b: Calyrex\n|-boost|p2b: Calyrex|atk|1\n|-boost|p2b: Calyrex|def|1\n|\n|-weather|SunnyDay|[upkeep]\n|-heal|p2a: Annihilape|50/100|[from] item: Leftovers\n|upkeep\n|turn|2\n|inactive|Bmox has 30 seconds left.\n|\n|t:|1769627221\n|-terastallize|p2b: Calyrex|Steel\n|move|p1a: Flutter Mane|Shadow Ball|p2b: Calyrex\n|-damage|p2b: Calyrex|25/100\n|-unboost|p2b: Calyrex|spd|1\n|move|p2b: Calyrex|Astral Barrage|p1a: Flutter Mane|[spread] p1a\n|-immune|p1b: Indeedee\n|-supereffective|p1a: Flutter Mane\n|-damage|p1a: Flutter Mane|0 fnt\n|faint|p1a: Flutter Mane\n|-end|p1a: Flutter Mane|Protosynthesis|[silent]\n|-ability|p2b: Calyrex|Grim Neigh|boost\n|-boost|p2b: Calyrex|spa|1\n|move|p2a: Annihilape|Close Combat|p1b: Indeedee\n|-damage|p1b: Indeedee|46/100\n|-unboost|p2a: Annihilape|def|1\n|-unboost|p2a: Annihilape|spd|1\n|move|p1b: Indeedee|Dazzling Gleam|p2a: Annihilape|[spread] p2a,p2b\n|-supereffective|p2a: Annihilape\n|-resisted|p2b: Calyrex\n|-damage|p2a: Annihilape|17/100\n|-damage|p2b: Calyrex|15/100\n|\n|-weather|SunnyDay|[upkeep]\n|-heal|p2a: Annihilape|23/100|[from] item: Leftovers\n|upkeep\n|inactive|CHR1SPHX has 30 seconds left.\n|inactive|CHR1SPHX has 20 seconds left.\n|inactive|CHR1SPHX has 15 seconds left.\n|inactive|CHR1SPHX has 10 seconds left.\n|\n|t:|1769627267\n|switch|p1a: Koraidon|Koraidon, L50|100/100\n|-activate|p1a: Koraidon|ability: Orichalcum Pulse\n|turn|3\n|\n|t:|1769627286\n|move|p2a: Annihilape|Helping Hand|p2b: Calyrex\n|-singleturn|p2b: Calyrex|Helping Hand|[of] p2a: Annihilape\n|move|p2b: Calyrex|Psychic|p1a: Koraidon\n|-supereffective|p1a: Koraidon\n|-damage|p1a: Koraidon|0 fnt\n|faint|p1a: Koraidon\n|-ability|p2b: Calyrex|Grim Neigh|boost\n|-boost|p2b: Calyrex|spa|1\n|move|p1b: Indeedee|Trick Room|p1b: Indeedee\n|-fieldstart|move: Trick Room|[of] p1b: Indeedee\n|\n|-weather|SunnyDay|[upkeep]\n|-heal|p2a: Annihilape|29/100|[from] item: Leftovers\n|upkeep\n|\n|t:|1769627291\n|switch|p1a: Brute Bonnet|Brute Bonnet, L50, shiny|100/100\n|-activate|p1a: Brute Bonnet|ability: Protosynthesis\n|-start|p1a: Brute Bonnet|protosynthesisdef\n|turn|4\n|inactive|Bmox has 30 seconds left.\n|inactive|Bmox has 20 seconds left.\n|inactive|Bmox has 15 seconds left.\n|inactive|Bmox has 10 seconds left.\n|inactive|Bmox has 5 seconds left.\n|\n|t:|1769627346\n|move|p1a: Brute Bonnet|Lash Out|p2b: Calyrex\n|-damage|p2b: Calyrex|0 fnt\n|faint|p2b: Calyrex\n|move|p1b: Indeedee|Dazzling Gleam|p2a: Annihilape\n|-supereffective|p2a: Annihilape\n|-damage|p2a: Annihilape|0 fnt\n|faint|p2a: Annihilape\n|\n|-weather|SunnyDay|[upkeep]\n|upkeep\n|inactive|Bmox has 30 seconds left.\n|inactive|Bmox has 20 seconds left.\n|\n|t:|1769627382\n|switch|p2a: Chien-Pao|Chien-Pao, L50|100/100\n|switch|p2b: Rayquaza|Rayquaza, L50|100/100\n|-ability|p2b: Rayquaza|Air Lock\n|-end|p1a: Brute Bonnet|Protosynthesis\n|-ability|p2a: Chien-Pao|Sword of Ruin\n|turn|5\n|\n|t:|1769627391\n|move|p1a: Brute Bonnet|Spore|p2a: Chien-Pao\n|-status|p2a: Chien-Pao|slp|[from] move: Spore\n|move|p1b: Indeedee|Dazzling Gleam|p2b: Rayquaza|[spread] p2a,p2b\n|-supereffective|p2a: Chien-Pao\n|-crit|p2a: Chien-Pao\n|-supereffective|p2b: Rayquaza\n|-damage|p2a: Chien-Pao|30/100 slp\n|-damage|p2b: Rayquaza|71/100\n|move|p2b: Rayquaza|Dragon Ascent|p1b: Indeedee\n|-damage|p1b: Indeedee|0 fnt\n|-unboost|p2b: Rayquaza|def|1\n|-unboost|p2b: Rayquaza|spd|1\n|faint|p1b: Indeedee\n|cant|p2a: Chien-Pao|slp\n|\n|-weather|none\n|-fieldend|move: Psychic Terrain\n|upkeep\n|turn|6\n|\n|t:|1769627406\n|-terastallize|p1a: Brute Bonnet|Water\n|cant|p2a: Chien-Pao|slp\n|move|p1a: Brute Bonnet|Spore|p2b: Rayquaza\n|-status|p2b: Rayquaza|slp|[from] move: Spore\n|cant|p2b: Rayquaza|slp\n|\n|upkeep\n|turn|7\n|\n|t:|1769627421\n|cant|p2a: Chien-Pao|slp\n|move|p1a: Brute Bonnet|Lash Out|p2b: Rayquaza\n|-damage|p2b: Rayquaza|0 fnt\n|faint|p2b: Rayquaza\n|\n|-fieldend|move: Trick Room\n|upkeep\n|turn|8\n|\n|t:|1769627430\n|-curestatus|p2a: Chien-Pao|slp|[msg]\n|move|p2a: Chien-Pao|Protect|p2a: Chien-Pao\n|-singleturn|p2a: Chien-Pao|Protect\n|move|p1a: Brute Bonnet|Lash Out|p2a: Chien-Pao\n|-activate|p2a: Chien-Pao|move: Protect\n|\n|upkeep\n|turn|9\n|c|\u2606CHR1SPHX|this is the weirdest situation I have ever been on\n|\n|t:|1769627444\n|move|p1a: Brute Bonnet|Sucker Punch|p2a: Chien-Pao\n|-resisted|p2a: Chien-Pao\n|-damage|p2a: Chien-Pao|8/100\n|move|p2a: Chien-Pao|Throat Chop|p1a: Brute Bonnet\n|-crit|p1a: Brute Bonnet\n|-damage|p1a: Brute Bonnet|22/100\n|-start|p1a: Brute Bonnet|Throat Chop|[silent]\n|-enditem|p1a: Brute Bonnet|Sitrus Berry|[eat]\n|-heal|p1a: Brute Bonnet|47/100|[from] item: Sitrus Berry\n|-damage|p2a: Chien-Pao|0 fnt|[from] item: Life Orb\n|faint|p2a: Chien-Pao\n|\n|win|CHR1SPHX\n|raw|CHR1SPHX's rating: 1283 &rarr; <strong>1309</strong><br />(+26 for winning)\n|raw|Bmox's rating: 1295 &rarr; <strong>1269</strong><br />(-26 for losing)\n|c|\u2606CHR1SPHX|gg\n","uploadtime":1769627460,"views":16,"formatid":"gen9vgc2026regi","rating":1269,"private":0,"password":null}