{"id":"gen9vgc2026regi-2559785852","format":"[Gen 9] VGC 2026 Reg I","players":["MVPHEE","pigs2fly"],"log":"|j|\u2606MVPHEE\n|j|\u2606pigs2fly\n|t:|1773609547\n|gametype|doubles\n|player|p1|MVPHEE|169|1464\n|player|p2|pigs2fly|dexio|1424\n|gen|9\n|tier|[Gen 9] VGC 2026 Reg I\n|rated|\n|rule|Species Clause: Limit one of each Pok\u00e9mon\n|rule|Item Clause: Limit 1 of each item\n|clearpoke\n|poke|p1|Amoonguss, L50, F|\n|poke|p1|Calyrex-Ice, L50|\n|poke|p1|Kyogre, L50|\n|poke|p1|Grimmsnarl, L50, M|\n|poke|p1|Flutter Mane, L50|\n|poke|p1|Basculegion, L50, M|\n|poke|p2|Annihilape, L50, M|\n|poke|p2|Chien-Pao, L50|\n|poke|p2|Amoonguss, L50, M|\n|poke|p2|Roaring Moon, L50|\n|poke|p2|Zamazenta-*, L50|\n|poke|p2|Kyogre, L50|\n|teampreview|4\n|inactive|Battle timer is ON: inactive players will automatically lose when time's up. (requested by MVPHEE)\nMVPHEE has agreed to open team sheets.\n|\n|t:|1773609561\n|teamsize|p1|4\n|teamsize|p2|4\n|start\n|switch|p1a: Calyrex|Calyrex-Ice, L50|100/100\n|switch|p1b: Grimmsnarl|Grimmsnarl, L50, M|100/100\n|switch|p2a: Kyogre|Kyogre, L50|100/100\n|switch|p2b: Annihilape|Annihilape, L50, M|100/100\n|-ability|p1a: Calyrex|As One\n|-ability|p1a: Calyrex|Unnerve\n|-weather|RainDance|[from] ability: Drizzle|[of] p2a: Kyogre\n|turn|1\n|\n|t:|1773609583\n|move|p1a: Calyrex|Protect|p1a: Calyrex\n|-singleturn|p1a: Calyrex|Protect\n|move|p1b: Grimmsnarl|Light Screen|p1b: Grimmsnarl\n|-sidestart|p1: MVPHEE|move: Light Screen\n|move|p2b: Annihilape|Final Gambit|p1a: Calyrex\n|-activate|p1a: Calyrex|move: Protect\n|move|p2a: Kyogre|Water Spout|p1b: Grimmsnarl|[spread] p1b\n|-activate|p1a: Calyrex|move: Protect\n|-damage|p1b: Grimmsnarl|17/100\n|\n|-weather|RainDance|[upkeep]\n|upkeep\n|turn|2\n|\n|t:|1773609599\n|switch|p1a: Amoonguss|Amoonguss, L50, F|100/100\n|move|p1b: Grimmsnarl|Sucker Punch|p2a: Kyogre\n|-damage|p2a: Kyogre|71/100\n|move|p2b: Annihilape|Final Gambit|p1a: Amoonguss\n|-damage|p1a: Amoonguss|2/100\n|faint|p2b: Annihilape\n|move|p2a: Kyogre|Water Spout|p1b: Grimmsnarl|[spread] p1a,p1b\n|-resisted|p1a: Amoonguss\n|-damage|p1a: Amoonguss|0 fnt\n|-damage|p1b: Grimmsnarl|0 fnt\n|faint|p1a: Amoonguss\n|faint|p1b: Grimmsnarl\n|\n|-weather|RainDance|[upkeep]\n|upkeep\n|\n|t:|1773609606\n|switch|p2b: Zamazenta|Zamazenta-Crowned, L50, shiny|100/100\n|switch|p1b: Kyogre|Kyogre, L50|100/100\n|switch|p1a: Calyrex|Calyrex-Ice, L50|100/100\n|-ability|p1a: Calyrex|As One\n|-ability|p1a: Calyrex|Unnerve\n|-ability|p2b: Zamazenta|Dauntless Shield|boost\n|-boost|p2b: Zamazenta|def|1\n|turn|3\n|\n|t:|1773609613\n|move|p2b: Zamazenta|Body Press|p1b: Kyogre\n|-damage|p1b: Kyogre|31/100\n|move|p2a: Kyogre|Water Spout|p1a: Calyrex|[spread] p1a,p1b\n|-resisted|p1b: Kyogre\n|-damage|p1a: Calyrex|59/100\n|-damage|p1b: Kyogre|8/100\n|move|p1b: Kyogre|Hydro Pump|p2b: Zamazenta\n|-damage|p2b: Zamazenta|1/100\n|move|p1a: Calyrex|Trick Room|p1a: Calyrex\n|-fieldstart|move: Trick Room|[of] p1a: Calyrex\n|\n|-weather|RainDance|[upkeep]\n|-heal|p1a: Calyrex|65/100|[from] item: Leftovers\n|upkeep\n|turn|4\n|\n|t:|1773609628\n|-terastallize|p2b: Zamazenta|Grass\n|move|p1b: Kyogre|Protect|p1b: Kyogre\n|-singleturn|p1b: Kyogre|Protect\n|move|p2b: Zamazenta|Wide Guard|p2b: Zamazenta\n|-singleturn|p2b: Zamazenta|Wide Guard\n|move|p1a: Calyrex|Leech Seed|p2a: Kyogre\n|-start|p2a: Kyogre|move: Leech Seed\n|move|p2a: Kyogre|Water Spout|p1b: Kyogre|[spread] p1a\n|-activate|p1b: Kyogre|move: Protect\n|-damage|p1a: Calyrex|25/100\n|\n|-weather|RainDance|[upkeep]\n|-heal|p1a: Calyrex|31/100|[from] item: Leftovers\n|-damage|p2a: Kyogre|59/100|[from] Leech Seed|[of] p1a: Calyrex\n|-heal|p1a: Calyrex|42/100|[silent]\n|upkeep\n|turn|5\n|\n|t:|1773609643\n|switch|p2a: Amoonguss|Amoonguss, L50, M|100/100\n|move|p1a: Calyrex|Protect|p1a: Calyrex\n|-singleturn|p1a: Calyrex|Protect\n|move|p2b: Zamazenta|Wide Guard|p2b: Zamazenta\n|-singleturn|p2b: Zamazenta|Wide Guard\n|move|p1b: Kyogre|Hydro Pump|p2b: Zamazenta\n|-resisted|p2b: Zamazenta\n|-damage|p2b: Zamazenta|0 fnt\n|faint|p2b: Zamazenta\n|\n|-weather|none\n|-heal|p1a: Calyrex|47/100|[from] item: Leftovers\n|upkeep\n|\n|t:|1773609645\n|switch|p2b: Kyogre|Kyogre, L50|59/100\n|-weather|RainDance|[from] ability: Drizzle|[of] p2b: Kyogre\n|turn|6\n|\n|t:|1773609656\n|move|p2a: Amoonguss|Spore|p1b: Kyogre\n|-status|p1b: Kyogre|slp|[from] move: Spore\n|move|p1a: Calyrex|Glacial Lance|p2a: Amoonguss|[spread] p2a,p2b\n|-supereffective|p2a: Amoonguss\n|-resisted|p2b: Kyogre\n|-damage|p2a: Amoonguss|28/100\n|-damage|p2b: Kyogre|33/100\n|cant|p1b: Kyogre|slp\n|move|p2b: Kyogre|Origin Pulse|p1b: Kyogre|[spread] p1a,p1b\n|-resisted|p1b: Kyogre\n|-damage|p1a: Calyrex|4/100\n|-damage|p1b: Kyogre|0 fnt\n|faint|p1b: Kyogre\n|\n|-weather|RainDance|[upkeep]\n|-heal|p1a: Calyrex|10/100|[from] item: Leftovers\n|upkeep\n|turn|7\n|\n|t:|1773609663\n|-terastallize|p1a: Calyrex|Grass\n|move|p2a: Amoonguss|Spore|p1a: Calyrex\n|-immune|p1a: Calyrex\n|move|p1a: Calyrex|Glacial Lance|p2b: Kyogre|[spread] p2a,p2b\n|-supereffective|p2a: Amoonguss\n|-resisted|p2b: Kyogre\n|-damage|p2a: Amoonguss|0 fnt\n|-damage|p2b: Kyogre|7/100\n|faint|p2a: Amoonguss\n|-ability|p1a: Calyrex|Chilling Neigh|boost\n|-boost|p1a: Calyrex|atk|1\n|move|p2b: Kyogre|Origin Pulse|p1a: Calyrex\n|-resisted|p1a: Calyrex\n|-damage|p1a: Calyrex|0 fnt\n|faint|p1a: Calyrex\n|\n|win|pigs2fly\n|raw|MVPHEE's rating: 1464 &rarr; <strong>1442</strong><br />(-22 for losing)\n|raw|pigs2fly's rating: 1424 &rarr; <strong>1446</strong><br />(+22 for winning)\n|l|\u2606MVPHEE\n|player|p1|\n|l|\u2606pigs2fly\n|player|p2|\n","uploadtime":1773609824,"views":11,"formatid":"gen9vgc2026regi","rating":1442,"private":0,"password":null}