{"id":"gen9vgc2026regi-2573283619","format":"[Gen 9] VGC 2026 Reg I","players":["marcxhenry","Geezerlad45"],"log":"|j|\u2606marcxhenry\n|j|\u2606Geezerlad45\n|t:|1775115082\n|gametype|doubles\n|player|p1|marcxhenry|hilbert-wonderlauncher|1460\n|player|p2|Geezerlad45|cynthia-gen4|1324\n|gen|9\n|tier|[Gen 9] VGC 2026 Reg I\n|rated|\n|rule|Species Clause: Limit one of each Pok\u00e9mon\n|rule|Item Clause: Limit 1 of each item\n|clearpoke\n|poke|p1|Calyrex-Shadow, L50|\n|poke|p1|Urshifu-*, L50, M|\n|poke|p1|Roaring Moon, L50|\n|poke|p1|Kyogre, L50|\n|poke|p1|Tsareena, L50, F|\n|poke|p1|Kingambit, L50, M|\n|poke|p2|Landorus, L50, M|\n|poke|p2|Eternatus, L50|\n|poke|p2|Solgaleo, L50|\n|poke|p2|Iron Hands, L50|\n|poke|p2|Farigiraf, L50, M|\n|poke|p2|Sinistcha-Masterpiece, L50|\n|teampreview|4\n|inactive|Battle timer is ON: inactive players will automatically lose when time's up. (requested by Geezerlad45)\n|inactive|Geezerlad45 has 60 seconds left.\n|\n|t:|1775115118\n|teamsize|p1|4\n|teamsize|p2|4\n|start\n|switch|p1a: Tripitz|Kyogre, L50, shiny|100/100\n|switch|p1b: Ludwig|Calyrex-Shadow, L50|100/100\n|switch|p2a: Landorus|Landorus, L50, M|100/100\n|switch|p2b: Farigiraf|Farigiraf, L50, M|100/100\n|-ability|p1b: Ludwig|As One\n|-ability|p1b: Ludwig|Unnerve\n|-weather|RainDance|[from] ability: Drizzle|[of] p1a: Tripitz\n|turn|1\n|\n|t:|1775115138\n|move|p2a: Landorus|Earth Power|p1a: Tripitz\n|-damage|p1a: Tripitz|54/100\n|move|p1b: Ludwig|Psychic|p2b: Farigiraf\n|-resisted|p2b: Farigiraf\n|-damage|p2b: Farigiraf|77/100\n|move|p1a: Tripitz|Origin Pulse|p2b: Farigiraf|[spread] p2a,p2b\n|-supereffective|p2a: Landorus\n|-damage|p2a: Landorus|0 fnt\n|-damage|p2b: Farigiraf|1/100\n|faint|p2a: Landorus\n|move|p2b: Farigiraf|Trick Room|p2b: Farigiraf\n|-fieldstart|move: Trick Room|[of] p2b: Farigiraf\n|\n|-weather|RainDance|[upkeep]\n|upkeep\n|\n|t:|1775115156\n|switch|p2a: Sinistcha|Sinistcha-Masterpiece, L50|100/100\n|-heal|p2b: Farigiraf|26/100|[from] ability: Hospitality|[of] p2a: Sinistcha\n|turn|2\n|\n|t:|1775115163\n|switch|p1a: Hermann|Kingambit, L50, M, shiny|100/100\n|move|p1b: Ludwig|Protect|p1b: Ludwig\n|-singleturn|p1b: Ludwig|Protect\n|move|p2b: Farigiraf|Shadow Ball|p1b: Ludwig\n|-activate|p1b: Ludwig|move: Protect\n|move|p2a: Sinistcha|Matcha Gotcha|p1b: Ludwig|[spread] p1a\n|-activate|p1b: Ludwig|move: Protect\n|-resisted|p1a: Hermann\n|-damage|p1a: Hermann|92/100\n|-status|p1a: Hermann|brn\n|\n|-weather|RainDance|[upkeep]\n|-damage|p1a: Hermann|86/100 brn|[from] brn\n|upkeep\n|turn|3\n|\n|t:|1775115187\n|-terastallize|p2a: Sinistcha|Dragon\n|-terastallize|p1b: Ludwig|Normal\n|move|p2b: Farigiraf|Shadow Ball|p1b: Ludwig\n|-immune|p1b: Ludwig\n|move|p2a: Sinistcha|Matcha Gotcha|p1b: Ludwig|[spread] p1a,p1b\n|-resisted|p1a: Hermann\n|-damage|p1a: Hermann|77/100 brn\n|-damage|p1b: Ludwig|73/100\n|move|p1a: Hermann|Kowtow Cleave|p2b: Farigiraf\n|-supereffective|p2b: Farigiraf\n|-damage|p2b: Farigiraf|0 fnt\n|faint|p2b: Farigiraf\n|move|p1b: Ludwig|Trick Room|p1b: Ludwig\n|-fieldend|move: Trick Room\n|\n|-weather|RainDance|[upkeep]\n|-damage|p1a: Hermann|71/100 brn|[from] brn\n|upkeep\n|\n|t:|1775115192\n|switch|p2b: Iron Hands|Iron Hands, L50|100/100\n|turn|4\n|inactive|marcxhenry has 30 seconds left.\n|\n|t:|1775115223\n|move|p1b: Ludwig|Protect|p1b: Ludwig\n|-singleturn|p1b: Ludwig|Protect\n|move|p1a: Hermann|Sucker Punch||[still]\n|-fail|p1a: Hermann\n|move|p2b: Iron Hands|Drain Punch|p1b: Ludwig\n|-activate|p1b: Ludwig|move: Protect\n|move|p2a: Sinistcha|Trick Room|p2a: Sinistcha\n|-fieldstart|move: Trick Room|[of] p2a: Sinistcha\n|\n|-weather|RainDance|[upkeep]\n|-damage|p1a: Hermann|65/100 brn|[from] brn\n|upkeep\n|turn|5\n|\n|t:|1775115245\n|move|p2b: Iron Hands|Drain Punch|p1b: Ludwig\n|-supereffective|p1b: Ludwig\n|-damage|p1b: Ludwig|0 fnt\n|faint|p1b: Ludwig\n|-damage|p2b: Iron Hands|90/100|[from] item: Life Orb\n|move|p2a: Sinistcha|Matcha Gotcha|p1a: Hermann\n|-resisted|p1a: Hermann\n|-damage|p1a: Hermann|53/100 brn\n|move|p1a: Hermann|Iron Head|p2b: Iron Hands\n|-resisted|p2b: Iron Hands\n|-damage|p2b: Iron Hands|82/100\n|\n|-weather|none\n|-damage|p1a: Hermann|47/100 brn|[from] brn\n|upkeep\n|-message|marcxhenry forfeited.\n|\n|win|Geezerlad45\n|raw|marcxhenry's rating: 1460 &rarr; <strong>1433</strong><br />(-27 for losing)\n|raw|Geezerlad45's rating: 1324 &rarr; <strong>1351</strong><br />(+27 for winning)\n|l|\u2606marcxhenry\n|player|p1|\n|l|\u2606Geezerlad45\n|player|p2|\n","uploadtime":1775115435,"views":15,"formatid":"gen9vgc2026regi","rating":1351,"private":0,"password":null}