{"id":"gen9vgc2026regi-2573432428","format":"[Gen 9] VGC 2026 Reg I","players":["dasabe\u76d6\u6b27\u5361\u4fa0","Lord Bartlett"],"log":"|j|\u2606dasabe\u76d6\u6b27\u5361\u4fa0\n|j|\u2606Lord Bartlett\n|t:|1775136114\n|gametype|doubles\n|player|p1|dasabe\u76d6\u6b27\u5361\u4fa0|may-masters4|1540\n|player|p2|Lord Bartlett|2|1451\n|gen|9\n|tier|[Gen 9] VGC 2026 Reg I\n|rated|\n|rule|Species Clause: Limit one of each Pok\u00e9mon\n|rule|Item Clause: Limit 1 of each item\n|clearpoke\n|poke|p1|Kyogre, L50|\n|poke|p1|Miraidon, L50|\n|poke|p1|Whimsicott, L50, F|\n|poke|p1|Iron Hands, L50|\n|poke|p1|Farigiraf, L50, F|\n|poke|p1|Urshifu-*, L50, F|\n|poke|p2|Dondozo, L50, M|\n|poke|p2|Tatsugiri, L50, M|\n|poke|p2|Glimmora, L50, F|\n|poke|p2|Eternatus, L50|\n|poke|p2|Ogerpon-Wellspring, L50, F|\n|poke|p2|Grimmsnarl, L50, M|\n|teampreview|4\n|\n|t:|1775136162\n|teamsize|p1|4\n|teamsize|p2|4\n|start\n|switch|p1a: \u5996\u820d\u7cbe\u62c9|Whimsicott, L50, F, shiny|100/100\n|switch|p1b: \u94f6\u91d1\u5996\u86c7|Miraidon, L50, shiny|100/100\n|switch|p2a: Glimmora|Glimmora, L50, F|100/100\n|switch|p2b: Eternatus|Eternatus, L50|100/100\n|-fieldstart|move: Electric Terrain|[from] ability: Hadron Engine|[of] p1b: \u94f6\u91d1\u5996\u86c7\n|-ability|p2b: Eternatus|Pressure\n|turn|1\n|inactive|Battle timer is ON: inactive players will automatically lose when time's up. (requested by Lord Bartlett)\n|j| cxy090506\n|\n|t:|1775136175\n|-terastallize|p1b: \u94f6\u91d1\u5996\u86c7|Fairy\n|move|p1a: \u5996\u820d\u7cbe\u62c9|Endeavor|p2b: Eternatus\n|-damage|p2b: Eternatus|53/100\n|move|p1b: \u94f6\u91d1\u5996\u86c7|Electro Drift|p2b: Eternatus\n|-resisted|p2b: Eternatus\n|-damage|p2b: Eternatus|7/100\n|-damage|p1b: \u94f6\u91d1\u5996\u86c7|91/100|[from] item: Life Orb\n|move|p2b: Eternatus|Cosmic Power|p2b: Eternatus\n|-boost|p2b: Eternatus|def|1\n|-boost|p2b: Eternatus|spd|1\n|move|p2a: Glimmora|Sludge Bomb|p1a: \u5996\u820d\u7cbe\u62c9\n|-supereffective|p1a: \u5996\u820d\u7cbe\u62c9\n|-enditem|p1a: \u5996\u820d\u7cbe\u62c9|Focus Sash\n|-damage|p1a: \u5996\u820d\u7cbe\u62c9|1/100\n|\n|upkeep\n|turn|2\n|\n|t:|1775136192\n|move|p2b: Eternatus|Protect|p2b: Eternatus\n|-singleturn|p2b: Eternatus|Protect\n|move|p1a: \u5996\u820d\u7cbe\u62c9|Tailwind|p1a: \u5996\u820d\u7cbe\u62c9\n|-sidestart|p1: dasabe\u76d6\u6b27\u5361\u4fa0|move: Tailwind\n|move|p1b: \u94f6\u91d1\u5996\u86c7|Dazzling Gleam|p2a: Glimmora|[spread] p2a\n|-activate|p2b: Eternatus|move: Protect\n|-resisted|p2a: Glimmora\n|-damage|p2a: Glimmora|79/100\n|-damage|p1b: \u94f6\u91d1\u5996\u86c7|81/100|[from] item: Life Orb\n|move|p2a: Glimmora|Mortal Spin|p1a: \u5996\u820d\u7cbe\u62c9|[spread] p1a,p1b\n|-supereffective|p1a: \u5996\u820d\u7cbe\u62c9\n|-supereffective|p1b: \u94f6\u91d1\u5996\u86c7\n|-damage|p1a: \u5996\u820d\u7cbe\u62c9|0 fnt\n|-damage|p1b: \u94f6\u91d1\u5996\u86c7|73/100\n|-status|p1b: \u94f6\u91d1\u5996\u86c7|psn\n|faint|p1a: \u5996\u820d\u7cbe\u62c9\n|\n|-damage|p1b: \u94f6\u91d1\u5996\u86c7|61/100 psn|[from] psn\n|upkeep\n|\n|t:|1775136199\n|switch|p1a: \u6210\u90fd\u8001\u76d6|Kyogre, L50, shiny|100/100\n|-weather|RainDance|[from] ability: Drizzle|[of] p1a: \u6210\u90fd\u8001\u76d6\n|turn|3\n|\n|t:|1775136220\n|-terastallize|p2a: Glimmora|Grass\n|move|p1b: \u94f6\u91d1\u5996\u86c7|Electro Drift|p2a: Glimmora\n|-resisted|p2a: Glimmora\n|-damage|p2a: Glimmora|36/100\n|-damage|p1b: \u94f6\u91d1\u5996\u86c7|51/100 psn|[from] item: Life Orb\n|move|p1a: \u6210\u90fd\u8001\u76d6|Water Spout|p2b: Eternatus|[spread] p2a,p2b\n|-resisted|p2a: Glimmora\n|-resisted|p2b: Eternatus\n|-damage|p2a: Glimmora|0 fnt\n|-damage|p2b: Eternatus|0 fnt\n|faint|p2a: Glimmora\n|faint|p2b: Eternatus\n|\n|-weather|RainDance|[upkeep]\n|-damage|p1b: \u94f6\u91d1\u5996\u86c7|39/100 psn|[from] psn\n|upkeep\n|\n|t:|1775136233\n|switch|p2b: Dondozo|Dondozo, L50, M|100/100\n|switch|p2a: Tatsugiri|Tatsugiri, L50, M|100/100\n|-activate|p2a: Tatsugiri|ability: Commander|[of] p2b: Dondozo\n|-boost|p2b: Dondozo|atk|2\n|-boost|p2b: Dondozo|spa|2\n|-boost|p2b: Dondozo|spe|2\n|-boost|p2b: Dondozo|def|2\n|-boost|p2b: Dondozo|spd|2\n|turn|4\n|\n|t:|1775136237\n|switch|p1b: \u4e09\u811a\u51fa\u6ed1|Urshifu-Rapid-Strike, L50, F|100/100\n|move|p2b: Dondozo|Protect|p2b: Dondozo\n|-singleturn|p2b: Dondozo|Protect\n|move|p1a: \u6210\u90fd\u8001\u76d6|Water Spout|p2b: Dondozo|[spread] \n|-miss|p1a: \u6210\u90fd\u8001\u76d6|p2a: Tatsugiri\n|-activate|p2b: Dondozo|move: Protect\n|\n|-weather|RainDance|[upkeep]\n|upkeep\n|turn|5\n|\n|t:|1775136248\n|move|p1b: \u4e09\u811a\u51fa\u6ed1|Surging Strikes|p2b: Dondozo\n|-resisted|p2b: Dondozo\n|-crit|p2b: Dondozo\n|-damage|p2b: Dondozo|87/100\n|-resisted|p2b: Dondozo\n|-crit|p2b: Dondozo\n|-damage|p2b: Dondozo|73/100\n|-resisted|p2b: Dondozo\n|-crit|p2b: Dondozo\n|-damage|p2b: Dondozo|57/100\n|-hitcount|p2b: Dondozo|3\n|move|p1a: \u6210\u90fd\u8001\u76d6|Water Spout|p2b: Dondozo|[spread] p2b\n|-miss|p1a: \u6210\u90fd\u8001\u76d6|p2a: Tatsugiri\n|-resisted|p2b: Dondozo\n|-damage|p2b: Dondozo|28/100\n|move|p2b: Dondozo|Earthquake|p1b: \u4e09\u811a\u51fa\u6ed1|[spread] p1a,p1b\n|-miss|p2b: Dondozo|p2a: Tatsugiri\n|-damage|p1a: \u6210\u90fd\u8001\u76d6|62/100\n|-damage|p1b: \u4e09\u811a\u51fa\u6ed1|66/100\n|\n|-weather|RainDance|[upkeep]\n|-heal|p2b: Dondozo|35/100|[from] item: Leftovers\n|-sideend|p1: dasabe\u76d6\u6b27\u5361\u4fa0|move: Tailwind\n|-fieldend|move: Electric Terrain\n|upkeep\n|turn|6\n|\n|t:|1775136255\n|move|p1b: \u4e09\u811a\u51fa\u6ed1|Surging Strikes|p2b: Dondozo\n|-resisted|p2b: Dondozo\n|-crit|p2b: Dondozo\n|-damage|p2b: Dondozo|20/100\n|-resisted|p2b: Dondozo\n|-crit|p2b: Dondozo\n|-damage|p2b: Dondozo|6/100\n|-resisted|p2b: Dondozo\n|-crit|p2b: Dondozo\n|-damage|p2b: Dondozo|0 fnt\n|faint|p2b: Dondozo\n|-hitcount|p2: Dondozo|3\n|move|p1a: \u6210\u90fd\u8001\u76d6|Water Spout|p2a: Tatsugiri\n|-resisted|p2a: Tatsugiri\n|-damage|p2a: Tatsugiri|61/100\n|\n|-weather|RainDance|[upkeep]\n|upkeep\n|turn|7\n|\n|t:|1775136261\n|move|p2a: Tatsugiri|Muddy Water|p1a: \u6210\u90fd\u8001\u76d6|[spread] p1a\n|-miss|p2a: Tatsugiri|p1b: \u4e09\u811a\u51fa\u6ed1\n|-resisted|p1a: \u6210\u90fd\u8001\u76d6\n|-damage|p1a: \u6210\u90fd\u8001\u76d6|44/100\n|move|p1b: \u4e09\u811a\u51fa\u6ed1|Surging Strikes|p2a: Tatsugiri\n|-resisted|p2a: Tatsugiri\n|-crit|p2a: Tatsugiri\n|-damage|p2a: Tatsugiri|41/100\n|-resisted|p2a: Tatsugiri\n|-crit|p2a: Tatsugiri\n|-damage|p2a: Tatsugiri|20/100\n|-resisted|p2a: Tatsugiri\n|-crit|p2a: Tatsugiri\n|-damage|p2a: Tatsugiri|0 fnt\n|faint|p2a: Tatsugiri\n|-hitcount|p2: Tatsugiri|3\n|\n|win|dasabe\u76d6\u6b27\u5361\u4fa0\n|raw|dasabe\u76d6\u6b27\u5361\u4fa0's rating: 1540 &rarr; <strong>1555</strong><br />(+15 for winning)\n|raw|Lord Bartlett's rating: 1451 &rarr; <strong>1436</strong><br />(-15 for losing)\n","uploadtime":1775136496,"views":17,"formatid":"gen9vgc2026regi","rating":1436,"private":0,"password":null}