{"id":"gen9vgc2026regi-2529167523","format":"[Gen 9] VGC 2026 Reg I","players":["tchillz","lalo's pollos"],"log":"|j|\u2606tchillz\n|j|\u2606lalo's pollos\n|t:|1769746826\n|gametype|doubles\n|player|p1|tchillz|lucas|1332\n|player|p2|lalo's pollos|101|1500\n|gen|9\n|tier|[Gen 9] VGC 2026 Reg I\n|rated|\n|rule|Species Clause: Limit one of each Pok\u00e9mon\n|rule|Item Clause: Limit 1 of each item\n|clearpoke\n|poke|p1|Koraidon, L50|\n|poke|p1|Lunala, L50|\n|poke|p1|Flutter Mane, L50|\n|poke|p1|Brute Bonnet, L50|\n|poke|p1|Chi-Yu, L50|\n|poke|p1|Ursaluna-Bloodmoon, L50, M|\n|poke|p2|Miraidon, L50|\n|poke|p2|Landorus, L50, M|\n|poke|p2|Incineroar, L50, F|\n|poke|p2|Iron Bundle, L50|\n|poke|p2|Farigiraf, L50, M|\n|poke|p2|Calyrex-Ice, L50|\n|teampreview|4\n|inactive|Battle timer is ON: inactive players will automatically lose when time's up. (requested by tchillz)\n|\n|t:|1769746856\n|teamsize|p1|4\n|teamsize|p2|4\n|start\n|switch|p1a: Lunala|Lunala, L50|100/100\n|switch|p1b: Flutter Mane|Flutter Mane, L50|100/100\n|switch|p2a: Co-Star|Miraidon, L50|100/100\n|switch|p2b: the Star|Iron Bundle, L50|100/100\n|-fieldstart|move: Electric Terrain|[from] ability: Hadron Engine|[of] p2a: Co-Star\n|-activate|p2b: the Star|ability: Quark Drive\n|-start|p2b: the Star|quarkdrivespe\n|turn|1\n|\n|t:|1769746871\n|move|p1a: Lunala|Wide Guard|p1a: Lunala\n|-singleturn|p1a: Lunala|Wide Guard\n|move|p2b: the Star|Freeze-Dry|p1a: Lunala\n|-damage|p1a: Lunala|88/100\n|move|p2a: Co-Star|Electro Drift|p1a: Lunala\n|-crit|p1a: Lunala\n|-damage|p1a: Lunala|0 fnt\n|faint|p1a: Lunala\n|move|p1b: Flutter Mane|Icy Wind|p2b: the Star|[spread] p2a,p2b\n|-supereffective|p2a: Co-Star\n|-resisted|p2b: the Star\n|-damage|p2a: Co-Star|78/100\n|-damage|p2b: the Star|94/100\n|-unboost|p2a: Co-Star|spe|1\n|-unboost|p2b: the Star|spe|1\n|\n|upkeep\n|\n|t:|1769746888\n|switch|p1a: Koraidon|Koraidon, L50|100/100\n|-weather|SunnyDay|[from] ability: Orichalcum Pulse|[of] p1a: Koraidon\n|-activate|p1b: Flutter Mane|ability: Protosynthesis\n|-start|p1b: Flutter Mane|protosynthesisspe\n|-activate|p1a: Koraidon|Orichalcum Pulse|[source]\n|turn|2\n|\n|t:|1769746906\n|switch|p2a: Incineroar|Incineroar, L50, F|100/100\n|-ability|p2a: Incineroar|Intimidate|boost\n|-unboost|p1a: Koraidon|atk|1\n|-unboost|p1b: Flutter Mane|atk|1\n|-terastallize|p1a: Koraidon|Fire\n|move|p1b: Flutter Mane|Dazzling Gleam|p2b: the Star|[spread] p2a,p2b\n|-damage|p2a: Incineroar|82/100\n|-damage|p2b: the Star|39/100\n|move|p1a: Koraidon|Flame Charge|p2b: the Star\n|-damage|p2b: the Star|0 fnt\n|-boost|p1a: Koraidon|spe|1\n|faint|p2b: the Star\n|-end|p2b: the Star|Quark Drive|[silent]\n|-damage|p1a: Koraidon|91/100|[from] item: Life Orb\n|\n|-weather|SunnyDay|[upkeep]\n|upkeep\n|\n|t:|1769746921\n|switch|p2b: Calyrex|Calyrex-Ice, L50|100/100\n|-ability|p2b: Calyrex|As One\n|-ability|p2b: Calyrex|Unnerve\n|turn|3\n|\n|t:|1769746939\n|move|p1a: Koraidon|Protect|p1a: Koraidon\n|-singleturn|p1a: Koraidon|Protect\n|move|p2a: Incineroar|Fake Out|p1a: Koraidon\n|-activate|p1a: Koraidon|move: Protect\n|move|p1b: Flutter Mane|Shadow Ball|p2b: Calyrex\n|-supereffective|p2b: Calyrex\n|-damage|p2b: Calyrex|52/100\n|move|p2b: Calyrex|Trick Room|p2b: Calyrex\n|-fieldstart|move: Trick Room|[of] p2b: Calyrex\n|\n|-weather|SunnyDay|[upkeep]\n|upkeep\n|turn|4\n|inactive|tchillz has 30 seconds left.\n|inactive|tchillz has 20 seconds left.\n|\n|t:|1769746977\n|-terastallize|p2b: Calyrex|Water\n|move|p2b: Calyrex|High Horsepower|p1a: Koraidon\n|-supereffective|p1a: Koraidon\n|-damage|p1a: Koraidon|22/100\n|move|p2a: Incineroar|Flare Blitz|p1a: Koraidon\n|-resisted|p1a: Koraidon\n|-damage|p1a: Koraidon|0 fnt\n|faint|p1a: Koraidon\n|-damage|p2a: Incineroar|76/100|[from] Recoil\n|move|p1b: Flutter Mane|Shadow Ball|p2b: Calyrex\n|-damage|p2b: Calyrex|26/100\n|\n|-weather|SunnyDay|[upkeep]\n|upkeep\n|\n|t:|1769746992\n|switch|p1a: Chi-Yu|Chi-Yu, L50|100/100\n|-ability|p1a: Chi-Yu|Beads of Ruin\n|turn|5\n|\n|t:|1769747010\n|move|p1b: Flutter Mane|Protect|p1b: Flutter Mane\n|-singleturn|p1b: Flutter Mane|Protect\n|move|p2b: Calyrex|High Horsepower|p1a: Chi-Yu\n|-supereffective|p1a: Chi-Yu\n|-crit|p1a: Chi-Yu\n|-damage|p1a: Chi-Yu|0 fnt\n|faint|p1a: Chi-Yu\n|-ability|p2b: Calyrex|Chilling Neigh|boost\n|-boost|p2b: Calyrex|atk|1\n|move|p2a: Incineroar|Flare Blitz|p1b: Flutter Mane\n|-activate|p1b: Flutter Mane|move: Protect\n|\n|-weather|SunnyDay|[upkeep]\n|-fieldend|move: Electric Terrain\n|upkeep\n|turn|6\n|-message|tchillz forfeited.\n|\n|win|lalo's pollos\n|raw|tchillz's rating: 1332 &rarr; <strong>1321</strong><br />(-11 for losing)\n|raw|lalo&apos;s pollos's rating: 1500 &rarr; <strong>1511</strong><br />(+11 for winning)\n|l|\u2606tchillz\n|player|p1|\n|l|\u2606lalo's pollos\n|player|p2|\n","uploadtime":1769747165,"views":16,"formatid":"gen9vgc2026regi","rating":1321,"private":0,"password":null}