{"id":"gen9vgc2026regi-2525853539","format":"[Gen 9] VGC 2026 Reg I","players":["guorongjia","kojimuranishi"],"log":"|j|\u2606guorongjia\n|j|\u2606kojimuranishi\n|t:|1769340250\n|gametype|doubles\n|player|p1|guorongjia|miku-water|1475\n|player|p2|kojimuranishi|266|1574\n|gen|9\n|tier|[Gen 9] VGC 2026 Reg I\n|rated|\n|rule|Species Clause: Limit one of each Pok\u00e9mon\n|rule|Item Clause: Limit 1 of each item\n|clearpoke\n|poke|p1|Calyrex-Shadow, L50|\n|poke|p1|Zamazenta-*, L50|\n|poke|p1|Incineroar, L50, F|\n|poke|p1|Rillaboom, L50, M|\n|poke|p1|Urshifu-*, L50, F|\n|poke|p1|Flutter Mane, L50|\n|poke|p2|Zamazenta-*, L50|\n|poke|p2|Lunala, L50|\n|poke|p2|Chien-Pao, L50|\n|poke|p2|Dragonite, L50, M|\n|poke|p2|Landorus, L50, M|\n|poke|p2|Urshifu-*, L50, F|\n|teampreview|4\n|inactive|Battle timer is ON: inactive players will automatically lose when time's up. (requested by guorongjia)\n|inactive|kojimuranishi has 60 seconds left.\n|\n|t:|1769340295\n|teamsize|p1|4\n|teamsize|p2|4\n|start\n|switch|p1a: \u70bd\u7130\u5486\u54ee\u864e|Incineroar, L50, F|100/100\n|switch|p1b: Zamazenta|Zamazenta-Crowned, L50|100/100\n|switch|p2a: Urshifu|Urshifu-Rapid-Strike, L50, F|100/100\n|switch|p2b: Lunala|Lunala, L50|100/100\n|-ability|p1b: Zamazenta|Dauntless Shield|boost\n|-boost|p1b: Zamazenta|def|1\n|-ability|p1a: \u70bd\u7130\u5486\u54ee\u864e|Intimidate|boost\n|-unboost|p2a: Urshifu|atk|1\n|-unboost|p2b: Lunala|atk|1\n|turn|1\n|inactive|kojimuranishi has 30 seconds left.\n|\n|t:|1769340325\n|-terastallize|p1a: \u70bd\u7130\u5486\u54ee\u864e|Ghost\n|move|p2a: Urshifu|Detect|p2a: Urshifu\n|-singleturn|p2a: Urshifu|Protect\n|move|p1b: Zamazenta|Heavy Slam|p2b: Lunala\n|-damage|p2b: Lunala|82/100\n|move|p2b: Lunala|Meteor Beam||[still]\n|-prepare|p2b: Lunala|Meteor Beam\n|-boost|p2b: Lunala|spa|1\n|-enditem|p2b: Lunala|Power Herb\n|-anim|p2b: Lunala|Meteor Beam|p1a: \u70bd\u7130\u5486\u54ee\u864e\n|-damage|p1a: \u70bd\u7130\u5486\u54ee\u864e|50/100\n|move|p1a: \u70bd\u7130\u5486\u54ee\u864e|Knock Off|p2b: Lunala\n|-supereffective|p2b: Lunala\n|-damage|p2b: Lunala|0 fnt\n|faint|p2b: Lunala\n|\n|upkeep\n|\n|t:|1769340343\n|switch|p2b: Zamazenta|Zamazenta-Crowned, L50|100/100\n|-ability|p2b: Zamazenta|Dauntless Shield|boost\n|-boost|p2b: Zamazenta|def|1\n|turn|2\n|\n|t:|1769340360\n|-terastallize|p2b: Zamazenta|Water\n|move|p1b: Zamazenta|Iron Defense|p1b: Zamazenta\n|-boost|p1b: Zamazenta|def|2\n|move|p2b: Zamazenta|Body Press|p1b: Zamazenta\n|-supereffective|p1b: Zamazenta\n|-damage|p1b: Zamazenta|70/100\n|move|p2a: Urshifu|Surging Strikes|p1b: Zamazenta\n|-crit|p1b: Zamazenta\n|-damage|p1b: Zamazenta|58/100\n|-crit|p1b: Zamazenta\n|-damage|p1b: Zamazenta|45/100\n|-crit|p1b: Zamazenta\n|-damage|p1b: Zamazenta|31/100\n|-hitcount|p1b: Zamazenta|3\n|move|p1a: \u70bd\u7130\u5486\u54ee\u864e|Knock Off|p2a: Urshifu\n|-resisted|p2a: Urshifu\n|-damage|p2a: Urshifu|80/100\n|-enditem|p2a: Urshifu|Focus Sash|[from] move: Knock Off|[of] p1a: \u70bd\u7130\u5486\u54ee\u864e\n|\n|upkeep\n|turn|3\n|inactive|guorongjia has 30 seconds left.\n|\n|t:|1769340385\n|move|p2a: Urshifu|Detect|p2a: Urshifu\n|-singleturn|p2a: Urshifu|Protect\n|move|p1b: Zamazenta|Body Press|p2a: Urshifu\n|-activate|p2a: Urshifu|move: Protect\n|move|p2b: Zamazenta|Body Press|p1b: Zamazenta\n|-supereffective|p1b: Zamazenta\n|-damage|p1b: Zamazenta|4/100\n|move|p1a: \u70bd\u7130\u5486\u54ee\u864e|Parting Shot|p2a: Urshifu\n|-activate|p2a: Urshifu|move: Protect\n|\n|upkeep\n|turn|4\n|inactive|kojimuranishi has 30 seconds left.\n|\n|t:|1769340415\n|move|p2a: Urshifu|Aqua Jet|p1b: Zamazenta\n|-crit|p1b: Zamazenta\n|-damage|p1b: Zamazenta|0 fnt\n|faint|p1b: Zamazenta\n|move|p2b: Zamazenta|Iron Defense|p2b: Zamazenta\n|-boost|p2b: Zamazenta|def|2\n|move|p1a: \u70bd\u7130\u5486\u54ee\u864e|Parting Shot|p2a: Urshifu\n|-unboost|p2a: Urshifu|atk|1\n|-unboost|p2a: Urshifu|spa|1\n|\n|t:|1769340421\n|switch|p1a: Calyrex|Calyrex-Shadow, L50|100/100|[from] Parting Shot\n|-ability|p1a: Calyrex|As One\n|-ability|p1a: Calyrex|Unnerve\n|\n|upkeep\n|\n|t:|1769340424\n|switch|p1b: Flutter Mane|Flutter Mane, L50|100/100\n|-enditem|p1b: Flutter Mane|Booster Energy\n|-activate|p1b: Flutter Mane|ability: Protosynthesis|[fromitem]\n|-start|p1b: Flutter Mane|protosynthesisspe\n|turn|5\n|\n|t:|1769340446\n|move|p2a: Urshifu|Detect|p2a: Urshifu\n|-singleturn|p2a: Urshifu|Protect\n|move|p1b: Flutter Mane|Moonblast|p2a: Urshifu\n|-activate|p2a: Urshifu|move: Protect\n|move|p1a: Calyrex|Encore|p2b: Zamazenta\n|-start|p2b: Zamazenta|Encore\n|move|p2b: Zamazenta|Iron Defense|p2b: Zamazenta\n|-boost|p2b: Zamazenta|def|2\n|\n|upkeep\n|turn|6\n|\n|t:|1769340468\n|move|p2a: Urshifu|Aqua Jet|p1a: Calyrex\n|-damage|p1a: Calyrex|87/100\n|move|p1b: Flutter Mane|Moonblast|p2b: Zamazenta\n|-damage|p2b: Zamazenta|70/100\n|move|p1a: Calyrex|Encore|p2a: Urshifu\n|-start|p2a: Urshifu|Encore\n|move|p2b: Zamazenta|Iron Defense|p2b: Zamazenta\n|-boost|p2b: Zamazenta|def|1\n|\n|upkeep\n|turn|7\n|\n|t:|1769340485\n|move|p2a: Urshifu|Aqua Jet|p1a: Calyrex\n|-damage|p1a: Calyrex|72/100\n|move|p1b: Flutter Mane|Moonblast|p2b: Zamazenta\n|-damage|p2b: Zamazenta|39/100\n|move|p1a: Calyrex|Astral Barrage|p2b: Zamazenta|[spread] p2a,p2b\n|-damage|p2a: Urshifu|0 fnt\n|-damage|p2b: Zamazenta|5/100\n|faint|p2a: Urshifu\n|-ability|p1a: Calyrex|Grim Neigh|boost\n|-boost|p1a: Calyrex|spa|1\n|move|p2b: Zamazenta|Iron Defense|p2b: Zamazenta\n|-boost|p2b: Zamazenta|def|0\n|\n|-end|p2b: Zamazenta|Encore\n|upkeep\n|-message|kojimuranishi forfeited.\n|\n|win|guorongjia\n|raw|guorongjia's rating: 1475 &rarr; <strong>1501</strong><br />(+26 for winning)\n|raw|kojimuranishi's rating: 1574 &rarr; <strong>1548</strong><br />(-26 for losing)\n|l|\u2606kojimuranishi\n|player|p2|\n|l|\u2606guorongjia\n|player|p1|\n","uploadtime":1769340668,"views":23,"formatid":"gen9vgc2026regi","rating":1501,"private":0,"password":null}