{"id":"gen9vgc2026regi-2585479650","format":"[Gen 9] VGC 2026 Reg I","players":["Milkyman_19","KCLord"],"log":"|j|\u2606Milkyman_19\n|j|\u2606KCLord\n|t:|1776350252\n|gametype|doubles\n|player|p1|Milkyman_19|crasherwake|1489\n|player|p2|KCLord|265|1427\n|gen|9\n|tier|[Gen 9] VGC 2026 Reg I\n|rated|\n|rule|Species Clause: Limit one of each Pok\u00e9mon\n|rule|Item Clause: Limit 1 of each item\n|clearpoke\n|poke|p1|Amoonguss, L50, F|\n|poke|p1|Calyrex-Shadow, L50|\n|poke|p1|Zamazenta-*, L50|\n|poke|p1|Ogerpon-Cornerstone, L50, F|\n|poke|p1|Dragonite, L50, F|\n|poke|p1|Chien-Pao, L50|\n|poke|p2|Calyrex-Shadow, L50|\n|poke|p2|Zamazenta-*, L50|\n|poke|p2|Chien-Pao, L50|\n|poke|p2|Dragonite, L50, F|\n|poke|p2|Raging Bolt, L50|\n|poke|p2|Ogerpon-Cornerstone, L50, F|\n|teampreview|4\n|j| temeister\n|\n|t:|1776350320\n|teamsize|p1|4\n|teamsize|p2|4\n|start\n|switch|p1a: Dragonite|Dragonite, L50, F|100/100\n|switch|p1b: Chien-Pao|Chien-Pao, L50|100/100\n|switch|p2a: PinkPonyClub|Calyrex-Shadow, L50|100/100\n|switch|p2b: Ogerpon|Ogerpon-Cornerstone, L50, F|100/100\n|-ability|p2a: PinkPonyClub|As One\n|-ability|p2a: PinkPonyClub|Unnerve\n|-ability|p1b: Chien-Pao|Sword of Ruin\n|turn|1\n|\n|t:|1776350344\n|move|p2a: PinkPonyClub|Protect|p2a: PinkPonyClub\n|-singleturn|p2a: PinkPonyClub|Protect\n|move|p1b: Chien-Pao|Ice Shard|p2b: Ogerpon\n|-supereffective|p2b: Ogerpon\n|-damage|p2b: Ogerpon|26/100\n|move|p1a: Dragonite|Aqua Jet|p2b: Ogerpon\n|-damage|p2b: Ogerpon|0 fnt\n|faint|p2b: Ogerpon\n|\n|upkeep\n|\n|t:|1776350357\n|switch|p2b: Zamazenta|Zamazenta-Crowned, L50|100/100\n|-ability|p2b: Zamazenta|Dauntless Shield|boost\n|-boost|p2b: Zamazenta|def|1\n|turn|2\n|\n|t:|1776350369\n|switch|p2a: Arlie|Chien-Pao, L50|100/100\n|-ability|p2a: Arlie|Sword of Ruin\n|move|p1a: Dragonite|Aqua Jet|p2a: Arlie\n|-damage|p2a: Arlie|67/100\n|move|p1b: Chien-Pao|Ruination|p2b: Zamazenta\n|-damage|p2b: Zamazenta|51/100\n|move|p2b: Zamazenta|Body Press|p1b: Chien-Pao\n|-supereffective|p1b: Chien-Pao\n|-damage|p1b: Chien-Pao|0 fnt\n|faint|p1b: Chien-Pao\n|\n|upkeep\n|\n|t:|1776350386\n|switch|p1b: Calyrex|Calyrex-Shadow, L50|100/100\n|-ability|p1b: Calyrex|As One\n|-ability|p1b: Calyrex|Unnerve\n|turn|3\n|\n|t:|1776350397\n|-terastallize|p1b: Calyrex|Ghost\n|move|p2b: Zamazenta|Wide Guard|p2b: Zamazenta\n|-singleturn|p2b: Zamazenta|Wide Guard\n|move|p1a: Dragonite|Aqua Jet|p2a: Arlie\n|-damage|p2a: Arlie|33/100\n|move|p1b: Calyrex|Astral Barrage|p2a: Arlie|[spread] \n|-activate|p2a: Arlie|move: Wide Guard\n|-activate|p2b: Zamazenta|move: Wide Guard\n|move|p2a: Arlie|Icy Wind|p1a: Dragonite|[spread] p1a,p1b\n|-supereffective|p1a: Dragonite\n|-damage|p1a: Dragonite|56/100\n|-damage|p1b: Calyrex|88/100\n|-unboost|p1a: Dragonite|spe|1\n|-unboost|p1b: Calyrex|spe|1\n|\n|upkeep\n|turn|4\n|\n|t:|1776350441\n|switch|p1b: Zamazenta|Zamazenta-Crowned, L50|100/100\n|-ability|p1b: Zamazenta|Dauntless Shield|boost\n|-boost|p1b: Zamazenta|def|1\n|move|p2a: Arlie|Sucker Punch||[still]\n|-fail|p2a: Arlie\n|move|p1a: Dragonite|Aqua Jet|p2a: Arlie\n|-damage|p2a: Arlie|2/100\n|move|p2b: Zamazenta|Behemoth Bash|p1a: Dragonite\n|-damage|p1a: Dragonite|2/100\n|\n|upkeep\n|turn|5\n|\n|t:|1776350467\n|switch|p2a: PinkPonyClub|Calyrex-Shadow, L50|100/100\n|-ability|p2a: PinkPonyClub|As One\n|-ability|p2a: PinkPonyClub|Unnerve\n|-terastallize|p2b: Zamazenta|Dragon\n|move|p1a: Dragonite|Aqua Jet|p2a: PinkPonyClub\n|-damage|p2a: PinkPonyClub|73/100\n|move|p1b: Zamazenta|Body Press|p2b: Zamazenta\n|-damage|p2b: Zamazenta|30/100\n|move|p2b: Zamazenta|Body Press|p1b: Zamazenta\n|-supereffective|p1b: Zamazenta\n|-damage|p1b: Zamazenta|40/100\n|\n|upkeep\n|turn|6\n|\n|t:|1776350506\n|move|p1a: Dragonite|Aqua Jet|p2b: Zamazenta\n|-resisted|p2b: Zamazenta\n|-damage|p2b: Zamazenta|26/100\n|move|p2a: PinkPonyClub|Astral Barrage|p1b: Zamazenta|[spread] p1a,p1b\n|-damage|p1a: Dragonite|0 fnt\n|-damage|p1b: Zamazenta|5/100\n|faint|p1a: Dragonite\n|-ability|p2a: PinkPonyClub|Grim Neigh|boost\n|-boost|p2a: PinkPonyClub|spa|1\n|move|p1b: Zamazenta|Body Press|p2b: Zamazenta\n|-damage|p2b: Zamazenta|6/100\n|move|p2b: Zamazenta|Body Press|p1b: Zamazenta\n|-supereffective|p1b: Zamazenta\n|-damage|p1b: Zamazenta|0 fnt\n|faint|p1b: Zamazenta\n|\n|upkeep\n|\n|t:|1776350511\n|switch|p1b: Calyrex|Calyrex-Shadow, L50, tera:Ghost|88/100\n|-ability|p1b: Calyrex|As One\n|-ability|p1b: Calyrex|Unnerve\n|turn|7\n|\n|t:|1776350517\n|move|p2b: Zamazenta|Wide Guard|p2b: Zamazenta\n|-singleturn|p2b: Zamazenta|Wide Guard\n|move|p1b: Calyrex|Astral Barrage|p2b: Zamazenta|[spread] \n|-activate|p2a: PinkPonyClub|move: Wide Guard\n|-activate|p2b: Zamazenta|move: Wide Guard\n|move|p2a: PinkPonyClub|Astral Barrage|p1b: Calyrex\n|-supereffective|p1b: Calyrex\n|-damage|p1b: Calyrex|0 fnt\n|faint|p1b: Calyrex\n|\n|win|KCLord\n|raw|Milkyman_19's rating: 1489 &rarr; <strong>1465</strong><br />(-24 for losing)\n|raw|KCLord's rating: 1427 &rarr; <strong>1451</strong><br />(+24 for winning)\n|l|\u2606Milkyman_19\n|player|p1|\n","uploadtime":1776350541,"views":15,"formatid":"gen9vgc2026regi","rating":1451,"private":0,"password":null}