{"id":"gen9vgc2026regi-2568786707","format":"[Gen 9] VGC 2026 Reg I","players":["Binky11","lattewave"],"log":"|j|\u2606Binky11\n|j|\u2606lattewave\n|t:|1774622913\n|gametype|doubles\n|player|p1|Binky11|miku-ice|1545\n|player|p2|lattewave|sisandbro|1417\n|gen|9\n|tier|[Gen 9] VGC 2026 Reg I\n|rated|\n|rule|Species Clause: Limit one of each Pok\u00e9mon\n|rule|Item Clause: Limit 1 of each item\n|clearpoke\n|poke|p1|Kyogre, L50|\n|poke|p1|Necrozma-Dusk-Mane, L50|\n|poke|p1|Amoonguss, L50, M|\n|poke|p1|Iron Jugulis, L50|\n|poke|p1|Raging Bolt, L50|\n|poke|p1|Urshifu-*, L50, F|\n|poke|p2|Terapagos, L50, M|\n|poke|p2|Ogerpon-Wellspring, L50, F|\n|poke|p2|Toxapex, L50, M|\n|poke|p2|Ditto, L50|\n|poke|p2|Gouging Fire, L50|\n|poke|p2|Zacian-*, L50|\n|teampreview|4\n|inactive|Battle timer is ON: inactive players will automatically lose when time's up. (requested by lattewave)\n|j| Hao_poke\n|l| Hao_poke\n|inactive|Binky11 has 60 seconds left.\n|inactive|lattewave has 60 seconds left.\n|\n|t:|1774622953\n|teamsize|p1|4\n|teamsize|p2|4\n|start\n|switch|p1a: Kyogre|Kyogre, L50|100/100\n|switch|p1b: Iron Jugulis|Iron Jugulis, L50|100/100\n|switch|p2a: Toxapex|Toxapex, L50, M|100/100\n|switch|p2b: Terapagos|Terapagos, L50, M|100/100\n|-activate|p2b: Terapagos|ability: Tera Shift\n|detailschange|p2b: Terapagos|Terapagos-Terastal, L50, M\n|-heal|p2b: Terapagos|100/100|[silent]\n|-weather|RainDance|[from] ability: Drizzle|[of] p1a: Kyogre\n|-enditem|p1b: Iron Jugulis|Booster Energy\n|-activate|p1b: Iron Jugulis|ability: Quark Drive|[fromitem]\n|-start|p1b: Iron Jugulis|quarkdrivespe\n|turn|1\n|\n|t:|1774622964\n|-terastallize|p2b: Terapagos|Stellar\n|detailschange|p2b: Terapagos|Terapagos-Stellar, L50, M, tera:Stellar\n|-heal|p2b: Terapagos|100/100|[silent]\n|-ability|p2b: Terapagos|Teraform Zero\n|-weather|none\n|move|p1b: Iron Jugulis|Snarl|p2b: Terapagos|[spread] p2a,p2b\n|-damage|p2a: Toxapex|88/100\n|-damage|p2b: Terapagos|90/100\n|-unboost|p2a: Toxapex|spa|1\n|-unboost|p2b: Terapagos|spa|1\n|move|p1a: Kyogre|Thunder|p2a: Toxapex|[miss]\n|-miss|p1a: Kyogre|p2a: Toxapex\n|move|p2b: Terapagos|Tera Starstorm|p1a: Kyogre|[spread] p1a,p1b\n|-damage|p1a: Kyogre|74/100\n|-damage|p1b: Iron Jugulis|59/100\n|move|p2a: Toxapex|Infestation|p1a: Kyogre\n|-damage|p1a: Kyogre|72/100\n|-activate|p1a: Kyogre|move: Infestation|[of] p2a: Toxapex\n|\n|-damage|p1a: Kyogre|56/100|[from] move: Infestation|[partiallytrapped]\n|upkeep\n|turn|2\n|\n|t:|1774622983\n|move|p1b: Iron Jugulis|Snarl|p2b: Terapagos|[spread] p2a,p2b\n|-damage|p2a: Toxapex|74/100\n|-damage|p2b: Terapagos|80/100\n|-unboost|p2a: Toxapex|spa|1\n|-unboost|p2b: Terapagos|spa|1\n|move|p1a: Kyogre|Thunder|p2a: Toxapex\n|-supereffective|p2a: Toxapex\n|-damage|p2a: Toxapex|0 fnt\n|faint|p2a: Toxapex\n|move|p2b: Terapagos|Tera Starstorm|p1a: Kyogre|[spread] p1a,p1b\n|-damage|p1a: Kyogre|36/100\n|-damage|p1b: Iron Jugulis|38/100\n|\n|-end|p1a: Kyogre|Infestation|[partiallytrapped]|[silent]\n|upkeep\n|\n|t:|1774622999\n|switch|p2a: Ditto|Ditto, L50|100/100\n|-transform|p2a: Ditto|p1b: Iron Jugulis|[from] ability: Imposter\n|turn|3\n|inactive|Binky11 has 30 seconds left.\n|\n|t:|1774623025\n|move|p1b: Iron Jugulis|Tailwind|p1b: Iron Jugulis\n|-sidestart|p1: Binky11|move: Tailwind\n|move|p1a: Kyogre|Hydro Pump|p2a: Ditto\n|-damage|p2a: Ditto|4/100\n|move|p2a: Ditto|Tailwind|p2a: Ditto\n|-sidestart|p2: lattewave|move: Tailwind\n|move|p2b: Terapagos|Tera Starstorm|p1a: Kyogre|[spread] p1a,p1b\n|-damage|p1a: Kyogre|16/100\n|-damage|p1b: Iron Jugulis|16/100\n|\n|upkeep\n|turn|4\n|\n|t:|1774623043\n|-end|p2a: Ditto|Quark Drive|[silent]\n|switch|p2a: Zacian|Zacian-Crowned, L50|100/100\n|-ability|p2a: Zacian|Intrepid Sword|boost\n|-boost|p2a: Zacian|atk|1\n|switch|p1a: Amoonguss|Amoonguss, L50, M|100/100\n|move|p1b: Iron Jugulis|Snarl|p2a: Zacian|[spread] p2a,p2b\n|-resisted|p2a: Zacian\n|-damage|p2a: Zacian|93/100\n|-damage|p2b: Terapagos|70/100\n|-unboost|p2a: Zacian|spa|1\n|-unboost|p2b: Terapagos|spa|1\n|move|p2b: Terapagos|Tera Starstorm|p1b: Iron Jugulis|[spread] p1a,p1b\n|-damage|p1a: Amoonguss|83/100\n|-damage|p1b: Iron Jugulis|0 fnt\n|faint|p1b: Iron Jugulis\n|-end|p1b: Iron Jugulis|Quark Drive|[silent]\n|\n|upkeep\n|\n|t:|1774623051\n|switch|p1b: Necrozma|Necrozma-Dusk-Mane, L50|100/100\n|turn|5\n|\n|t:|1774623062\n|move|p2a: Zacian|Behemoth Blade|p1a: Amoonguss\n|-damage|p1a: Amoonguss|19/100\n|-damage|p2a: Zacian|77/100|[from] item: Rocky Helmet|[of] p1a: Amoonguss\n|move|p2b: Terapagos|Tera Starstorm|p1b: Necrozma|[spread] p1a,p1b\n|-damage|p1a: Amoonguss|3/100\n|-damage|p1b: Necrozma|86/100\n|move|p1a: Amoonguss|Spore|p2a: Zacian\n|-status|p2a: Zacian|slp|[from] move: Spore\n|move|p1b: Necrozma|Trick Room|p1b: Necrozma\n|-fieldstart|move: Trick Room|[of] p1b: Necrozma\n|\n|upkeep\n|turn|6\n|\n|t:|1774623083\n|switch|p1b: Kyogre|Kyogre, L50|16/100\n|-weather|RainDance|[from] ability: Drizzle|[of] p1b: Kyogre\n|cant|p2a: Zacian|slp\n|move|p1a: Amoonguss|Pollen Puff|p1b: Kyogre\n|-heal|p1b: Kyogre|66/100\n|move|p2b: Terapagos|Tera Starstorm|p1a: Amoonguss|[spread] p1a,p1b\n|-damage|p1a: Amoonguss|0 fnt\n|-damage|p1b: Kyogre|47/100\n|faint|p1a: Amoonguss\n|\n|-weather|RainDance|[upkeep]\n|-sideend|p1: Binky11|move: Tailwind\n|-sideend|p2: lattewave|move: Tailwind\n|upkeep\n|\n|t:|1774623089\n|switch|p1a: Necrozma|Necrozma-Dusk-Mane, L50|86/100\n|turn|7\n|\n|t:|1774623100\n|-curestatus|p2a: Zacian|slp|[msg]\n|move|p2a: Zacian|Protect|p2a: Zacian\n|-singleturn|p2a: Zacian|Protect\n|move|p2b: Terapagos|Tera Starstorm|p1a: Necrozma|[spread] p1a,p1b\n|-damage|p1a: Necrozma|71/100\n|-damage|p1b: Kyogre|26/100\n|move|p1a: Necrozma|Sunsteel Strike|p2a: Zacian\n|-activate|p2a: Zacian|move: Protect\n|move|p1b: Kyogre|Water Spout|p2b: Terapagos|[spread] p2b\n|-activate|p2a: Zacian|move: Protect\n|-damage|p2b: Terapagos|51/100\n|\n|-weather|RainDance|[upkeep]\n|upkeep\n|turn|8\n|\n|t:|1774623122\n|move|p2b: Terapagos|Tera Starstorm|p1a: Necrozma|[spread] p1a,p1b\n|-crit|p1a: Necrozma\n|-damage|p1a: Necrozma|48/100\n|-damage|p1b: Kyogre|7/100\n|move|p1a: Necrozma|Sunsteel Strike|p2b: Terapagos\n|-damage|p2b: Terapagos|12/100\n|move|p1b: Kyogre|Hydro Pump|p2a: Zacian\n|-damage|p2a: Zacian|0 fnt\n|faint|p2a: Zacian\n|\n|-weather|RainDance|[upkeep]\n|upkeep\n|\n|t:|1774623135\n|switch|p2a: Ditto|Ditto, L50|4/100\n|-transform|p2a: Ditto|p1b: Kyogre|[from] ability: Imposter\n|turn|9\n|\n|t:|1774623149\n|-activate|p2b: Terapagos|move: Struggle\n|move|p2b: Terapagos|Struggle|p1b: Kyogre\n|-damage|p1b: Kyogre|0 fnt\n|faint|p1b: Kyogre\n|-damage|p2b: Terapagos|0 fnt|[from] recoil\n|faint|p2b: Terapagos\n|detailschange|p2: Terapagos|Terapagos, L50, M|[silent]\n|move|p1a: Necrozma|Photon Geyser|p2a: Ditto\n|-crit|p2a: Ditto\n|-damage|p2a: Ditto|0 fnt\n|faint|p2a: Ditto\n|\n|win|Binky11\n|raw|Binky11's rating: 1545 &rarr; <strong>1558</strong><br />(+13 for winning)\n|raw|lattewave's rating: 1417 &rarr; <strong>1404</strong><br />(-13 for losing)\n|l|\u2606Binky11\n|player|p1|\n","uploadtime":1774623341,"views":27,"formatid":"gen9vgc2026regi","rating":1404,"private":0,"password":null}