{"id":"gen9vgc2026regi-2551013970","format":"[Gen 9] VGC 2026 Reg I","players":["RandomcatFFR","shangenb"],"log":"|j|\u2606RandomcatFFR\n|j|\u2606shangenb\n|t:|1772557510\n|gametype|doubles\n|player|p1|RandomcatFFR|artist-gen4|1438\n|player|p2|shangenb|2|1498\n|gen|9\n|tier|[Gen 9] VGC 2026 Reg I\n|rated|\n|rule|Species Clause: Limit one of each Pok\u00e9mon\n|rule|Item Clause: Limit 1 of each item\n|clearpoke\n|poke|p1|Miraidon, L50|\n|poke|p1|Incineroar, L50, M|\n|poke|p1|Whimsicott, L50, F|\n|poke|p1|Urshifu-*, L50, M|\n|poke|p1|Lunala, L50|\n|poke|p1|Ursaluna, L50, F|\n|poke|p2|Calyrex-Shadow, L50|\n|poke|p2|Zamazenta-*, L50|\n|poke|p2|Rillaboom, L50, M|\n|poke|p2|Raging Bolt, L50|\n|poke|p2|Ogerpon-Hearthflame, L50, F|\n|poke|p2|Smeargle, L50, F|\n|teampreview|4\n|inactive|Battle timer is ON: inactive players will automatically lose when time's up. (requested by shangenb)\n|inactive|RandomcatFFR has 60 seconds left.\n|inactive|shangenb has 60 seconds left.\n|j| Caiya\n|\n|t:|1772557563\n|teamsize|p1|4\n|teamsize|p2|4\n|start\n|switch|p1a: Miraidon|Miraidon, L50|100/100\n|switch|p1b: Whimsicott|Whimsicott, L50, F|100/100\n|switch|p2a: Rillaboom|Rillaboom, L50, M|100/100\n|switch|p2b: Calyrex|Calyrex-Shadow, L50|100/100\n|-ability|p2b: Calyrex|As One\n|-ability|p2b: Calyrex|Unnerve\n|-fieldstart|move: Electric Terrain|[from] ability: Hadron Engine|[of] p1a: Miraidon\n|-fieldstart|move: Grassy Terrain|[from] ability: Grassy Surge|[of] p2a: Rillaboom\n|turn|1\n|c| Caiya|I want a clean fair fight\n|c| Caiya|Battle Begin!\n|\n|t:|1772557586\n|move|p2a: Rillaboom|Fake Out|p1b: Whimsicott\n|-damage|p1b: Whimsicott|85/100\n|move|p1b: Whimsicott|Light Screen|p1b: Whimsicott\n|-sidestart|p1: RandomcatFFR|move: Light Screen\n|move|p2b: Calyrex|Astral Barrage|p1a: Miraidon|[spread] p1a,p1b\n|-damage|p1a: Miraidon|63/100\n|-damage|p1b: Whimsicott|28/100\n|-damage|p2b: Calyrex|91/100|[from] item: Life Orb\n|move|p1a: Miraidon|Volt Switch|p2b: Calyrex\n|-damage|p2b: Calyrex|38/100\n|\n|t:|1772557601\n|switch|p1a: Urshifu|Urshifu-Rapid-Strike, L50, M|100/100|[from] Volt Switch\n|\n|-heal|p2b: Calyrex|44/100|[from] Grassy Terrain\n|-heal|p1b: Whimsicott|34/100|[from] Grassy Terrain\n|upkeep\n|turn|2\n|inactive|RandomcatFFR has 30 seconds left.\n|inactive|shangenb has 30 seconds left.\n|inactive|shangenb has 20 seconds left.\n|\n|t:|1772557636\n|move|p1b: Whimsicott|Encore|p2a: Rillaboom\n|-start|p2a: Rillaboom|Encore\n|move|p2b: Calyrex|Astral Barrage|p1a: Urshifu|[spread] p1a,p1b\n|-crit|p1a: Urshifu\n|-damage|p1a: Urshifu|0 fnt\n|-damage|p1b: Whimsicott|0 fnt\n|faint|p1a: Urshifu\n|faint|p1b: Whimsicott\n|-ability|p2b: Calyrex|Grim Neigh|boost\n|-boost|p2b: Calyrex|spa|2\n|-damage|p2b: Calyrex|34/100|[from] item: Life Orb\n|move|p2a: Rillaboom|Fake Out|p1: Urshifu|[notarget]\n|-fail|p2a: Rillaboom\n|\n|-heal|p2b: Calyrex|40/100|[from] Grassy Terrain\n|upkeep\n|c|\u2606RandomcatFFR|-_-\n|\n|t:|1772557660\n|switch|p1b: Miraidon|Miraidon, L50|63/100\n|switch|p1a: Lunala|Lunala, L50|100/100\n|-fieldstart|move: Electric Terrain|[from] ability: Hadron Engine|[of] p1b: Miraidon\n|-enditem|p1a: Lunala|Electric Seed\n|-boost|p1a: Lunala|def|1|[from] item: Electric Seed\n|turn|3\n|\n|t:|1772557684\n|switch|p2a: Ogerpon|Ogerpon-Hearthflame, L50, F|100/100\n|-ability|p2a: Ogerpon|Mold Breaker\n|-terastallize|p1b: Miraidon|Fairy\n|move|p2b: Calyrex|Protect|p2b: Calyrex\n|-singleturn|p2b: Calyrex|Protect\n|move|p1b: Miraidon|Dazzling Gleam|p2a: Ogerpon|[spread] p2a\n|-activate|p2b: Calyrex|move: Protect\n|-resisted|p2a: Ogerpon\n|-damage|p2a: Ogerpon|70/100\n|move|p1a: Lunala|Moongeist Beam|p2a: Ogerpon\n|-damage|p2a: Ogerpon|20/100\n|\n|upkeep\n|turn|4\n|c| Caiya|Life Orb Astral Barrage is nothing to scoff at\n|inactive|RandomcatFFR has 30 seconds left.\n|inactive|shangenb has 30 seconds left.\n|c|\u2606RandomcatFFR|i lived cause light screen dawg\n|inactive|RandomcatFFR has 20 seconds left.\n|inactive|RandomcatFFR has 15 seconds left.\n|inactive|RandomcatFFR has 10 seconds left.\n|\n|t:|1772557730\n|switch|p2b: Rillaboom|Rillaboom, L50, M|100/100\n|-fieldstart|move: Grassy Terrain|[from] ability: Grassy Surge|[of] p2b: Rillaboom\n|move|p1a: Lunala|Wide Guard|p1a: Lunala\n|-singleturn|p1a: Lunala|Wide Guard\n|move|p1b: Miraidon|Dazzling Gleam|p2b: Rillaboom|[spread] p2a,p2b\n|-resisted|p2a: Ogerpon\n|-damage|p2a: Ogerpon|0 fnt\n|-damage|p2b: Rillaboom|69/100\n|faint|p2a: Ogerpon\n|\n|-heal|p1b: Miraidon|69/100|[from] Grassy Terrain\n|-heal|p2b: Rillaboom|74/100|[from] Grassy Terrain\n|upkeep\n|\n|t:|1772557746\n|switch|p2a: Zamazenta|Zamazenta-Crowned, L50|100/100\n|-ability|p2a: Zamazenta|Dauntless Shield|boost\n|-boost|p2a: Zamazenta|def|1\n|turn|5\n|\n|t:|1772557754\n|move|p2b: Rillaboom|Fake Out|p1b: Miraidon\n|-damage|p1b: Miraidon|57/100\n|cant|p1b: Miraidon|flinch\n|move|p2a: Zamazenta|Heavy Slam|p1b: Miraidon\n|-supereffective|p1b: Miraidon\n|-damage|p1b: Miraidon|0 fnt\n|faint|p1b: Miraidon\n|move|p1a: Lunala|Moongeist Beam|p2a: Zamazenta\n|-damage|p2a: Zamazenta|63/100\n|\n|-heal|p2a: Zamazenta|70/100|[from] Grassy Terrain\n|-heal|p2b: Rillaboom|80/100|[from] Grassy Terrain\n|-sideend|p1: RandomcatFFR|move: Light Screen\n|upkeep\n|turn|6\n|\n|t:|1772557774\n|move|p2a: Zamazenta|Heavy Slam|p1a: Lunala\n|-damage|p1a: Lunala|89/100\n|move|p2b: Rillaboom|U-turn|p1a: Lunala\n|-damage|p1a: Lunala|79/100\n|\n|t:|1772557780\n|switch|p2b: Calyrex|Calyrex-Shadow, L50|40/100|[from] U-turn\n|-ability|p2b: Calyrex|As One\n|-ability|p2b: Calyrex|Unnerve\n|move|p1a: Lunala|Trick Room|p1a: Lunala\n|-fieldstart|move: Trick Room|[of] p1a: Lunala\n|\n|-heal|p1a: Lunala|85/100|[from] Grassy Terrain\n|-heal|p2a: Zamazenta|76/100|[from] Grassy Terrain\n|-heal|p2b: Calyrex|46/100|[from] Grassy Terrain\n|upkeep\n|turn|7\n|\n|t:|1772557797\n|-terastallize|p2b: Calyrex|Dark\n|move|p1a: Lunala|Moongeist Beam|p2a: Zamazenta\n|-damage|p2a: Zamazenta|41/100\n|move|p2a: Zamazenta|Heavy Slam|p1a: Lunala\n|-damage|p1a: Lunala|60/100\n|move|p2b: Calyrex|Astral Barrage|p1a: Lunala\n|-supereffective|p1a: Lunala\n|-damage|p1a: Lunala|0 fnt\n|faint|p1a: Lunala\n|-damage|p2b: Calyrex|36/100|[from] item: Life Orb\n|\n|win|shangenb\n|raw|RandomcatFFR's rating: 1438 &rarr; <strong>1421</strong><br />(-17 for losing)\n|raw|shangenb's rating: 1498 &rarr; <strong>1515</strong><br />(+17 for winning)\n|l|\u2606RandomcatFFR\n|player|p1|\n|c| Caiya|ggs boys\n|l| Caiya\n|l|\u2606shangenb\n|player|p2|\n","uploadtime":1772557813,"views":13,"formatid":"gen9vgc2026regi","rating":1421,"private":0,"password":null}