{"id":"gen9vgc2026regi-2587467825","format":"[Gen 9] VGC 2026 Reg I","players":["pandagolin","jesuuuus"],"log":"|j|\u2606pandagolin\n|j|\u2606jesuuuus\n|t:|1776534321\n|gametype|doubles\n|player|p1|pandagolin|266|1437\n|player|p2|jesuuuus|1|1541\n|gen|9\n|tier|[Gen 9] VGC 2026 Reg I\n|rated|\n|rule|Species Clause: Limit one of each Pok\u00e9mon\n|rule|Item Clause: Limit 1 of each item\n|clearpoke\n|poke|p1|Koraidon, L50|\n|poke|p1|Walking Wake, L50|\n|poke|p1|Flutter Mane, L50|\n|poke|p1|Venusaur, L50, M|\n|poke|p1|Lunala, L50|\n|poke|p1|Ursaluna, L50, F|\n|poke|p2|Miraidon, L50|\n|poke|p2|Lunala, L50|\n|poke|p2|Whimsicott, L50, F|\n|poke|p2|Urshifu-*, L50, M|\n|poke|p2|Incineroar, L50, F|\n|poke|p2|Ursaluna, L50, F|\n|teampreview|4\n|inactive|Battle timer is ON: inactive players will automatically lose when time's up. (requested by pandagolin)\n|inactive|pandagolin has 60 seconds left.\n|\n|t:|1776534366\n|teamsize|p1|4\n|teamsize|p2|4\n|start\n|switch|p1a: Koraidon|Koraidon, L50|100/100\n|switch|p1b: Flutter Mane|Flutter Mane, L50|100/100\n|switch|p2a: Lunala|Lunala, L50|100/100\n|switch|p2b: Miraidon|Miraidon, L50|100/100\n|-weather|SunnyDay|[from] ability: Orichalcum Pulse|[of] p1a: Koraidon\n|-activate|p1b: Flutter Mane|ability: Protosynthesis\n|-start|p1b: Flutter Mane|protosynthesisspe\n|-activate|p1a: Koraidon|Orichalcum Pulse|[source]\n|-fieldstart|move: Electric Terrain|[from] ability: Hadron Engine|[of] p2b: Miraidon\n|-enditem|p2a: Lunala|Electric Seed\n|-boost|p2a: Lunala|def|1|[from] item: Electric Seed\n|turn|1\n|\n|t:|1776534384\n|-terastallize|p1a: Koraidon|Fire\n|-terastallize|p2a: Lunala|Fire\n|move|p2b: Miraidon|Protect|p2b: Miraidon\n|-singleturn|p2b: Miraidon|Protect\n|move|p1b: Flutter Mane|Shadow Ball|p2a: Lunala\n|-damage|p2a: Lunala|85/100\n|move|p1a: Koraidon|Close Combat|p2b: Miraidon\n|-activate|p2b: Miraidon|move: Protect\n|move|p2a: Lunala|Heat Wave|p1b: Flutter Mane|[spread] p1a,p1b\n|-resisted|p1a: Koraidon\n|-damage|p1a: Koraidon|68/100\n|-damage|p1b: Flutter Mane|30/100\n|\n|-weather|SunnyDay|[upkeep]\n|upkeep\n|turn|2\n|inactive|pandagolin has 30 seconds left.\n|inactive|jesuuuus has 30 seconds left.\n|\n|t:|1776534414\n|switch|p2b: Ursaluna|Ursaluna, L50, F|100/100\n|move|p1b: Flutter Mane|Icy Wind|p2b: Ursaluna|[spread] p2a,p2b\n|-resisted|p2a: Lunala\n|-crit|p2a: Lunala\n|-supereffective|p2b: Ursaluna\n|-damage|p2a: Lunala|77/100\n|-damage|p2b: Ursaluna|76/100\n|-unboost|p2a: Lunala|spe|1\n|-unboost|p2b: Ursaluna|spe|1\n|move|p1a: Koraidon|Close Combat|p2b: Ursaluna\n|-supereffective|p2b: Ursaluna\n|-damage|p2b: Ursaluna|0 fnt\n|-unboost|p1a: Koraidon|def|1\n|-unboost|p1a: Koraidon|spd|1\n|faint|p2b: Ursaluna\n|-damage|p1a: Koraidon|58/100|[from] item: Life Orb\n|move|p2a: Lunala|Trick Room|p2a: Lunala\n|-fieldstart|move: Trick Room|[of] p2a: Lunala\n|\n|-weather|SunnyDay|[upkeep]\n|upkeep\n|\n|t:|1776534430\n|switch|p2b: Miraidon|Miraidon, L50|100/100\n|-activate|p2b: Miraidon|ability: Hadron Engine\n|turn|3\n|\n|t:|1776534439\n|-end|p1b: Flutter Mane|Protosynthesis|[silent]\n|switch|p1b: Ursaluna|Ursaluna, L50, F|100/100\n|move|p2a: Lunala|Moongeist Beam|p1a: Koraidon\n|-damage|p1a: Koraidon|0 fnt\n|faint|p1a: Koraidon\n|move|p2b: Miraidon|Volt Switch|p1b: Ursaluna\n|-immune|p1b: Ursaluna\n|\n|-weather|SunnyDay|[upkeep]\n|-status|p1b: Ursaluna|brn|[from] item: Flame Orb\n|upkeep\n|\n|t:|1776534450\n|switch|p1a: Lunala|Lunala, L50|100/100\n|turn|4\n|\n|t:|1776534460\n|switch|p2b: Incineroar|Incineroar, L50, F|100/100\n|-ability|p2b: Incineroar|Intimidate|boost\n|-unboost|p1a: Lunala|atk|1\n|-unboost|p1b: Ursaluna|atk|1\n|move|p1a: Lunala|Wide Guard|p1a: Lunala\n|-singleturn|p1a: Lunala|Wide Guard\n|move|p1b: Ursaluna|Earthquake|p2a: Lunala|[spread] p2a,p2b\n|-activate|p1a: Lunala|move: Wide Guard\n|-supereffective|p2a: Lunala\n|-supereffective|p2b: Incineroar\n|-damage|p2a: Lunala|32/100\n|-damage|p2b: Incineroar|13/100\n|move|p2a: Lunala|Heat Wave|p1b: Ursaluna|[spread] \n|-activate|p1a: Lunala|move: Wide Guard\n|-activate|p1b: Ursaluna|move: Wide Guard\n|\n|-weather|SunnyDay|[upkeep]\n|-damage|p1b: Ursaluna|95/100 brn|[from] brn\n|upkeep\n|turn|5\n|\n|t:|1776534481\n|move|p1b: Ursaluna|Protect|p1b: Ursaluna\n|-singleturn|p1b: Ursaluna|Protect\n|move|p2b: Incineroar|Fake Out|p1b: Ursaluna\n|-activate|p1b: Ursaluna|move: Protect\n|move|p2a: Lunala|Moongeist Beam|p1a: Lunala\n|-supereffective|p1a: Lunala\n|-damage|p1a: Lunala|18/100\n|move|p1a: Lunala|Moonblast|p2b: Incineroar\n|-damage|p2b: Incineroar|0 fnt\n|faint|p2b: Incineroar\n|\n|-weather|none\n|-damage|p1b: Ursaluna|89/100 brn|[from] brn\n|-fieldend|move: Electric Terrain\n|upkeep\n|\n|t:|1776534492\n|switch|p2b: Miraidon|Miraidon, L50|100/100\n|-fieldstart|move: Electric Terrain|[from] ability: Hadron Engine|[of] p2b: Miraidon\n|turn|6\n|\n|t:|1776534508\n|move|p2b: Miraidon|Protect|p2b: Miraidon\n|-singleturn|p2b: Miraidon|Protect\n|move|p1a: Lunala|Wide Guard|p1a: Lunala\n|-singleturn|p1a: Lunala|Wide Guard\n|move|p1b: Ursaluna|Earthquake|p2a: Lunala|[spread] p2a\n|-activate|p1a: Lunala|move: Wide Guard\n|-activate|p2b: Miraidon|move: Protect\n|-supereffective|p2a: Lunala\n|-damage|p2a: Lunala|0 fnt\n|faint|p2a: Lunala\n|\n|-damage|p1b: Ursaluna|83/100 brn|[from] brn\n|-fieldend|move: Trick Room\n|upkeep\n|turn|7\n|\n|t:|1776534532\n|move|p2b: Miraidon|Draco Meteor|p1b: Ursaluna\n|-damage|p1b: Ursaluna|0 fnt\n|-unboost|p2b: Miraidon|spa|2\n|faint|p1b: Ursaluna\n|-damage|p2b: Miraidon|91/100|[from] item: Life Orb\n|move|p1a: Lunala|Trick Room|p1a: Lunala\n|-fieldstart|move: Trick Room|[of] p1a: Lunala\n|\n|upkeep\n|\n|t:|1776534536\n|switch|p1b: Flutter Mane|Flutter Mane, L50|30/100\n|turn|8\n|\n|t:|1776534542\n|move|p2b: Miraidon|Protect|p2b: Miraidon\n|-singleturn|p2b: Miraidon|Protect\n|move|p1a: Lunala|Moonblast|p2b: Miraidon\n|-activate|p2b: Miraidon|move: Protect\n|move|p1b: Flutter Mane|Moonblast|p2b: Miraidon\n|-activate|p2b: Miraidon|move: Protect\n|\n|upkeep\n|turn|9\n|\n|t:|1776534545\n|move|p1a: Lunala|Moonblast|p2b: Miraidon\n|-supereffective|p2b: Miraidon\n|-damage|p2b: Miraidon|23/100\n|move|p2b: Miraidon|Electro Drift|p1b: Flutter Mane\n|-damage|p1b: Flutter Mane|0 fnt\n|faint|p1b: Flutter Mane\n|-end|p1b: Flutter Mane|Protosynthesis|[silent]\n|-damage|p2b: Miraidon|13/100|[from] item: Life Orb\n|\n|upkeep\n|turn|10\n|\n|t:|1776534553\n|move|p2b: Miraidon|Protect|p2b: Miraidon\n|-singleturn|p2b: Miraidon|Protect\n|move|p1a: Lunala|Moonblast|p2b: Miraidon\n|-activate|p2b: Miraidon|move: Protect\n|\n|-fieldend|move: Electric Terrain\n|upkeep\n|turn|11\n|\n|t:|1776534556\n|move|p2b: Miraidon|Protect|p2b: Miraidon\n|-singleturn|p2b: Miraidon|Protect\n|move|p1a: Lunala|Moonblast|p2b: Miraidon\n|-activate|p2b: Miraidon|move: Protect\n|\n|-fieldend|move: Trick Room\n|upkeep\n|turn|12\n|\n|t:|1776534558\n|move|p2b: Miraidon|Electro Drift|p1a: Lunala\n|-damage|p1a: Lunala|0 fnt\n|faint|p1a: Lunala\n|-damage|p2b: Miraidon|4/100|[from] item: Life Orb\n|\n|win|jesuuuus\n|raw|pandagolin's rating: 1437 &rarr; <strong>1423</strong><br />(-14 for losing)\n|raw|jesuuuus's rating: 1541 &rarr; <strong>1555</strong><br />(+14 for winning)\n|l|\u2606pandagolin\n|player|p1|\n|l|\u2606jesuuuus\n|player|p2|\n","uploadtime":1776534754,"views":16,"formatid":"gen9vgc2026regi","rating":1423,"private":0,"password":null}