{"id":"gen9vgc2026regi-2531051807","format":"[Gen 9] VGC 2026 Reg I","players":["GhostVessel","it'sjustken vgc"],"log":"|j|\u2606GhostVessel\n|j|\u2606it'sjustken vgc\n|t:|1770004460\n|gametype|doubles\n|player|p1|GhostVessel|1|1179\n|player|p2|it'sjustken vgc|player-go|1288\n|gen|9\n|tier|[Gen 9] VGC 2026 Reg I\n|rated|\n|rule|Species Clause: Limit one of each Pok\u00e9mon\n|rule|Item Clause: Limit 1 of each item\n|clearpoke\n|poke|p1|Indeedee-F, L50, F|\n|poke|p1|Hatterene, L50, F|\n|poke|p1|Dusclops, L50, M|\n|poke|p1|Lunala, L50|\n|poke|p1|Farigiraf, L50, M|\n|poke|p1|Terapagos, L50, M|\n|poke|p2|Koraidon, L50|\n|poke|p2|Ursaluna, L50, F|\n|poke|p2|Amoonguss, L50, M|\n|poke|p2|Flutter Mane, L50|\n|poke|p2|Incineroar, L50, F|\n|poke|p2|Lunala, L50|\n|teampreview|4\n|inactive|Battle timer is ON: inactive players will automatically lose when time's up. (requested by it'sjustken vgc)\n|inactive|GhostVessel has 60 seconds left.\n|\n|t:|1770004497\n|teamsize|p1|4\n|teamsize|p2|4\n|start\n|switch|p1a: Dusclops|Dusclops, L50, M|100/100\n|switch|p1b: Terapagos|Terapagos, L50, M|100/100\n|switch|p2a: Koraidon|Koraidon, L50|100/100\n|switch|p2b: Lunala|Lunala, L50|100/100\n|-activate|p1b: Terapagos|ability: Tera Shift\n|detailschange|p1b: Terapagos|Terapagos-Terastal, L50, M\n|-heal|p1b: Terapagos|100/100|[silent]\n|-weather|SunnyDay|[from] ability: Orichalcum Pulse|[of] p2a: Koraidon\n|-activate|p2a: Koraidon|Orichalcum Pulse|[source]\n|-ability|p1a: Dusclops|Pressure\n|turn|1\n|inactive|GhostVessel has 30 seconds left.\n|\n|t:|1770004523\n|-terastallize|p2a: Koraidon|Fire\n|-terastallize|p1b: Terapagos|Stellar\n|detailschange|p1b: Terapagos|Terapagos-Stellar, L50, M, tera:Stellar\n|-heal|p1b: Terapagos|100/100|[silent]\n|-ability|p1b: Terapagos|Teraform Zero\n|-weather|none\n|move|p2a: Koraidon|Flare Blitz|p1a: Dusclops\n|-damage|p1a: Dusclops|43/100\n|-damage|p2a: Koraidon|88/100|[from] Recoil\n|-damage|p2a: Koraidon|78/100|[from] item: Life Orb\n|move|p2b: Lunala|Moonblast|p1b: Terapagos\n|-damage|p1b: Terapagos|78/100\n|move|p1b: Terapagos|Tera Starstorm|p2a: Koraidon|[spread] p2a,p2b\n|-supereffective|p2a: Koraidon\n|-damage|p2a: Koraidon|0 fnt\n|-damage|p2b: Lunala|81/100\n|faint|p2a: Koraidon\n|move|p1a: Dusclops|Trick Room|p1a: Dusclops\n|-fieldstart|move: Trick Room|[of] p1a: Dusclops\n|\n|upkeep\n|\n|t:|1770004532\n|switch|p2a: Amoonguss|Amoonguss, L50, M|100/100\n|turn|2\n|inactive|GhostVessel has 30 seconds left.\n|\n|t:|1770004558\n|switch|p2b: Ursaluna|Ursaluna, L50, F|100/100\n|move|p1a: Dusclops|Will-O-Wisp|p2a: Amoonguss|[miss]\n|-miss|p1a: Dusclops|p2a: Amoonguss\n|move|p2a: Amoonguss|Spore|p1b: Terapagos\n|-status|p1b: Terapagos|slp|[from] move: Spore\n|cant|p1b: Terapagos|slp\n|\n|-status|p2b: Ursaluna|brn|[from] item: Flame Orb\n|upkeep\n|turn|3\n|\n|t:|1770004581\n|switch|p1b: Indeedee|Indeedee-F, L50, F|100/100\n|-fieldstart|move: Psychic Terrain|[from] ability: Psychic Surge|[of] p1b: Indeedee\n|-enditem|p1b: Indeedee|Psychic Seed\n|-boost|p1b: Indeedee|spd|1|[from] item: Psychic Seed\n|move|p1a: Dusclops|Hex|p2b: Ursaluna\n|-immune|p2b: Ursaluna\n|move|p2a: Amoonguss|Spore|p1a: Dusclops\n|-status|p1a: Dusclops|slp|[from] move: Spore\n|move|p2b: Ursaluna|Facade|p1b: Indeedee\n|-damage|p1b: Indeedee|0 fnt\n|faint|p1b: Indeedee\n|\n|-damage|p2b: Ursaluna|94/100 brn|[from] brn\n|upkeep\n|inactive|GhostVessel has 30 seconds left.\n|\n|t:|1770004609\n|switch|p1b: Lunala|Lunala, L50|100/100\n|turn|4\n|\n|t:|1770004628\n|cant|p1a: Dusclops|slp\n|move|p2a: Amoonguss|Spore|p1b: Lunala\n|-status|p1b: Lunala|slp|[from] move: Spore\n|move|p2b: Ursaluna|Headlong Rush|p1a: Dusclops\n|-damage|p1a: Dusclops|0 fnt\n|-unboost|p2b: Ursaluna|def|1\n|-unboost|p2b: Ursaluna|spd|1\n|faint|p1a: Dusclops\n|cant|p1b: Lunala|slp\n|\n|-damage|p2b: Ursaluna|88/100 brn|[from] brn\n|upkeep\n|\n|t:|1770004634\n|switch|p1a: Terapagos|Terapagos-Stellar, L50, M, tera:Stellar|78/100 slp\n|turn|5\n|\n|t:|1770004643\n|move|p2a: Amoonguss|Pollen Puff|p1a: Terapagos\n|-damage|p1a: Terapagos|67/100 slp\n|move|p2b: Ursaluna|Facade|p1a: Terapagos\n|-damage|p1a: Terapagos|0 fnt\n|faint|p1a: Terapagos\n|detailschange|p1: Terapagos|Terapagos, L50, M|[silent]\n|cant|p1b: Lunala|slp\n|\n|-damage|p2b: Ursaluna|82/100 brn|[from] brn\n|-fieldend|move: Trick Room\n|upkeep\n|turn|6\n|-message|GhostVessel forfeited.\n|\n|win|it'sjustken vgc\n|raw|GhostVessel's rating: 1179 &rarr; <strong>1162</strong><br />(-17 for losing)\n|raw|it&apos;sjustken vgc's rating: 1288 &rarr; <strong>1305</strong><br />(+17 for winning)\n|l|\u2606GhostVessel\n|player|p1|\n","uploadtime":1770004652,"views":13,"formatid":"gen9vgc2026regi","rating":1162,"private":0,"password":null}