{"id":"gen9vgc2026regi-2568502678","format":"[Gen 9] VGC 2026 Reg I","players":["hfyssgtslaaa","proeoaw"],"log":"|j|\u2606hfyssgtslaaa\n|j|\u2606proeoaw\n|t:|1774586591\n|gametype|doubles\n|player|p1|hfyssgtslaaa|101|1245\n|player|p2|proeoaw|hugh|1153\n|gen|9\n|tier|[Gen 9] VGC 2026 Reg I\n|rated|\n|rule|Species Clause: Limit one of each Pok\u00e9mon\n|rule|Item Clause: Limit 1 of each item\n|clearpoke\n|poke|p1|Raging Bolt, L50|\n|poke|p1|Chien-Pao, L50|\n|poke|p1|Calyrex-Shadow, L50|\n|poke|p1|Rillaboom, L50, F|\n|poke|p1|Amoonguss, L50, M|\n|poke|p1|Zamazenta-*, L50|\n|poke|p2|Crawdaunt, L50, F|\n|poke|p2|Flutter Mane, L50|\n|poke|p2|Kyogre, L50|\n|poke|p2|Pelipper, L50, M|\n|poke|p2|Urshifu-*, L50, F|\n|poke|p2|Raichu, L50, F|\n|teampreview|4\n|inactive|Battle timer is ON: inactive players will automatically lose when time's up. (requested by hfyssgtslaaa)\n|\n|t:|1774586620\n|teamsize|p1|4\n|teamsize|p2|4\n|start\n|switch|p1a: Calyrex|Calyrex-Shadow, L50|100/100\n|switch|p1b: Rillaboom|Rillaboom, L50, F|100/100\n|switch|p2a: Kyogre|Kyogre, L50|100/100\n|switch|p2b: Raichu|Raichu, L50, F|100/100\n|-ability|p1a: Calyrex|As One\n|-ability|p1a: Calyrex|Unnerve\n|-item|p2b: Raichu|Air Balloon\n|-weather|RainDance|[from] ability: Drizzle|[of] p2a: Kyogre\n|-fieldstart|move: Grassy Terrain|[from] ability: Grassy Surge|[of] p1b: Rillaboom\n|turn|1\n|\n|t:|1774586638\n|move|p2b: Raichu|Fake Out|p1b: Rillaboom\n|-damage|p1b: Rillaboom|94/100\n|cant|p1b: Rillaboom|flinch\n|move|p1a: Calyrex|Astral Barrage|p2a: Kyogre|[spread] p2a,p2b\n|-crit|p2b: Raichu\n|-damage|p2a: Kyogre|65/100\n|-damage|p2b: Raichu|0 fnt\n|-enditem|p2b: Raichu|Air Balloon\n|faint|p2b: Raichu\n|-ability|p1a: Calyrex|Grim Neigh|boost\n|-boost|p1a: Calyrex|spa|1\n|move|p2a: Kyogre|Water Spout|p1a: Calyrex|[spread] p1a,p1b\n|-resisted|p1b: Rillaboom\n|-damage|p1a: Calyrex|35/100\n|-damage|p1b: Rillaboom|71/100\n|\n|-weather|RainDance|[upkeep]\n|-heal|p1a: Calyrex|41/100|[from] Grassy Terrain\n|-heal|p2a: Kyogre|71/100|[from] Grassy Terrain\n|-heal|p2a: Kyogre|77/100|[from] item: Leftovers\n|-heal|p1b: Rillaboom|76/100|[from] Grassy Terrain\n|upkeep\n|\n|t:|1774586649\n|switch|p2b: Flutter Mane|Flutter Mane, L50|100/100\n|-enditem|p2b: Flutter Mane|Booster Energy\n|-activate|p2b: Flutter Mane|ability: Protosynthesis|[fromitem]\n|-start|p2b: Flutter Mane|protosynthesisspe\n|turn|2\n|\n|t:|1774586663\n|move|p1a: Calyrex|Protect|p1a: Calyrex\n|-singleturn|p1a: Calyrex|Protect\n|move|p2a: Kyogre|Protect|p2a: Kyogre\n|-singleturn|p2a: Kyogre|Protect\n|move|p1b: Rillaboom|Grassy Glide|p2b: Flutter Mane\n|-damage|p2b: Flutter Mane|20/100\n|move|p2b: Flutter Mane|Shadow Ball|p1a: Calyrex\n|-activate|p1a: Calyrex|move: Protect\n|\n|-weather|RainDance|[upkeep]\n|-heal|p2b: Flutter Mane|26/100|[from] Grassy Terrain\n|-heal|p1a: Calyrex|48/100|[from] Grassy Terrain\n|-heal|p2a: Kyogre|83/100|[from] Grassy Terrain\n|-heal|p2a: Kyogre|88/100|[from] item: Leftovers\n|-heal|p1b: Rillaboom|82/100|[from] Grassy Terrain\n|upkeep\n|turn|3\n|\n|t:|1774586684\n|move|p1b: Rillaboom|Grassy Glide|p2b: Flutter Mane\n|-damage|p2b: Flutter Mane|0 fnt\n|faint|p2b: Flutter Mane\n|-end|p2b: Flutter Mane|Protosynthesis|[silent]\n|move|p1a: Calyrex|Encore|p2a: Kyogre\n|-start|p2a: Kyogre|Encore\n|move|p2a: Kyogre|Protect||[still]\n|-fail|p2a: Kyogre\n|\n|-weather|RainDance|[upkeep]\n|-heal|p1a: Calyrex|54/100|[from] Grassy Terrain\n|-heal|p2a: Kyogre|94/100|[from] Grassy Terrain\n|-heal|p2a: Kyogre|99/100|[from] item: Leftovers\n|-heal|p1b: Rillaboom|88/100|[from] Grassy Terrain\n|upkeep\n|\n|t:|1774586688\n|switch|p2b: Urshifu|Urshifu-Rapid-Strike, L50, F|100/100\n|turn|4\n|\n|t:|1774586705\n|-terastallize|p2b: Urshifu|Grass\n|move|p2a: Kyogre|Protect|p2a: Kyogre\n|-singleturn|p2a: Kyogre|Protect\n|move|p1b: Rillaboom|Grassy Glide|p2b: Urshifu\n|-resisted|p2b: Urshifu\n|-damage|p2b: Urshifu|80/100\n|move|p1a: Calyrex|Astral Barrage|p2b: Urshifu|[spread] p2b\n|-activate|p2a: Kyogre|move: Protect\n|-damage|p2b: Urshifu|0 fnt\n|faint|p2b: Urshifu\n|-ability|p1a: Calyrex|Grim Neigh|boost\n|-boost|p1a: Calyrex|spa|1\n|\n|-weather|RainDance|[upkeep]\n|-heal|p1a: Calyrex|60/100|[from] Grassy Terrain\n|-heal|p2a: Kyogre|100/100|[from] Grassy Terrain\n|-heal|p1b: Rillaboom|94/100|[from] Grassy Terrain\n|upkeep\n|turn|5\n|-message|proeoaw forfeited.\n|\n|win|hfyssgtslaaa\n|raw|hfyssgtslaaa's rating: 1245 &rarr; <strong>1264</strong><br />(+19 for winning)\n|raw|proeoaw's rating: 1153 &rarr; <strong>1134</strong><br />(-19 for losing)\n|l|\u2606proeoaw\n|player|p2|\n|l|\u2606hfyssgtslaaa\n|player|p1|\n","uploadtime":1774586887,"views":10,"formatid":"gen9vgc2026regi","rating":1134,"private":0,"password":null}