{"id":"gen9vgc2026regi-2550701688","format":"[Gen 9] VGC 2026 Reg I","players":["flaaavgc","granite blast"],"log":"|j|\u2606flaaavgc\n|j|\u2606granite blast\n|t:|1772519418\n|gametype|doubles\n|player|p1|flaaavgc|red|1224\n|player|p2|granite blast|101|1286\n|gen|9\n|tier|[Gen 9] VGC 2026 Reg I\n|rated|\n|rule|Species Clause: Limit one of each Pok\u00e9mon\n|rule|Item Clause: Limit 1 of each item\n|clearpoke\n|poke|p1|Calyrex-Shadow, L50|\n|poke|p1|Tornadus, L50, M|\n|poke|p1|Rillaboom, L50, M|\n|poke|p1|Zamazenta-*, L50|\n|poke|p1|Chi-Yu, L50|\n|poke|p1|Farigiraf, L50, M|\n|poke|p2|Calyrex-Ice, L50|\n|poke|p2|Koraidon, L50|\n|poke|p2|Incineroar, L50, M|\n|poke|p2|Ogerpon-Cornerstone, L50, F|\n|poke|p2|Flutter Mane, L50|\n|poke|p2|Ting-Lu, L50|\n|teampreview|4\n|inactive|Battle timer is ON: inactive players will automatically lose when time's up. (requested by granite blast)\n|inactive|granite blast has 60 seconds left.\n|\n|t:|1772519462\n|teamsize|p1|4\n|teamsize|p2|4\n|start\n|switch|p1a: Farigiraf|Farigiraf, L50, M|100/100\n|switch|p1b: Chi-Yu|Chi-Yu, L50|100/100\n|switch|p2a: Koraidon|Koraidon, L50|100/100\n|switch|p2b: Flutter Mane|Flutter Mane, L50|100/100\n|-ability|p1b: Chi-Yu|Beads of Ruin\n|-weather|SunnyDay|[from] ability: Orichalcum Pulse|[of] p2a: Koraidon\n|-activate|p2b: Flutter Mane|ability: Protosynthesis\n|-start|p2b: Flutter Mane|protosynthesisspe\n|-activate|p2a: Koraidon|Orichalcum Pulse|[source]\n|turn|1\n|\n|t:|1772519481\n|move|p2b: Flutter Mane|Icy Wind|p1b: Chi-Yu|[spread] p1a,p1b\n|-resisted|p1b: Chi-Yu\n|-damage|p1a: Farigiraf|80/100\n|-damage|p1b: Chi-Yu|91/100\n|-unboost|p1a: Farigiraf|spe|1\n|-unboost|p1b: Chi-Yu|spe|1\n|move|p2a: Koraidon|Flare Blitz|p1a: Farigiraf\n|-damage|p1a: Farigiraf|0 fnt\n|faint|p1a: Farigiraf\n|-damage|p2a: Koraidon|67/100|[from] Recoil\n|-damage|p2a: Koraidon|57/100|[from] item: Life Orb\n|move|p1b: Chi-Yu|Heat Wave|p2b: Flutter Mane|[spread] p2b\n|-miss|p1b: Chi-Yu|p2a: Koraidon\n|-damage|p2b: Flutter Mane|25/100\n|\n|-weather|SunnyDay|[upkeep]\n|upkeep\n|\n|t:|1772519495\n|switch|p1a: Zamazenta|Zamazenta-Crowned, L50|100/100\n|-ability|p1a: Zamazenta|Dauntless Shield|boost\n|-boost|p1a: Zamazenta|def|1\n|turn|2\n|\n|t:|1772519521\n|-terastallize|p1a: Zamazenta|Water\n|move|p2b: Flutter Mane|Protect|p2b: Flutter Mane\n|-singleturn|p2b: Flutter Mane|Protect\n|move|p2a: Koraidon|Protect|p2a: Koraidon\n|-singleturn|p2a: Koraidon|Protect\n|move|p1a: Zamazenta|Body Press|p2a: Koraidon\n|-activate|p2a: Koraidon|move: Protect\n|move|p1b: Chi-Yu|Heat Wave|p2b: Flutter Mane|[spread] \n|-activate|p2a: Koraidon|move: Protect\n|-activate|p2b: Flutter Mane|move: Protect\n|\n|-weather|SunnyDay|[upkeep]\n|upkeep\n|turn|3\n|\n|t:|1772519542\n|move|p2b: Flutter Mane|Moonblast|p1a: Zamazenta\n|-damage|p1a: Zamazenta|46/100\n|move|p2a: Koraidon|Close Combat|p1a: Zamazenta\n|-damage|p1a: Zamazenta|0 fnt\n|-unboost|p2a: Koraidon|def|1\n|-unboost|p2a: Koraidon|spd|1\n|faint|p1a: Zamazenta\n|-damage|p2a: Koraidon|48/100|[from] item: Life Orb\n|move|p1b: Chi-Yu|Heat Wave|p2b: Flutter Mane|[spread] p2a,p2b\n|-resisted|p2a: Koraidon\n|-crit|p2b: Flutter Mane\n|-damage|p2a: Koraidon|0 fnt\n|-damage|p2b: Flutter Mane|0 fnt\n|faint|p2a: Koraidon\n|faint|p2b: Flutter Mane\n|-end|p2b: Flutter Mane|Protosynthesis|[silent]\n|\n|-weather|SunnyDay|[upkeep]\n|upkeep\n|\n|t:|1772519549\n|switch|p2a: Ting-Lu|Ting-Lu, L50|100/100\n|switch|p2b: Calyrex|Calyrex-Ice, L50|100/100\n|switch|p1a: Dead knight|Calyrex-Shadow, L50|100/100\n|-ability|p1a: Dead knight|As One\n|-ability|p1a: Dead knight|Unnerve\n|-ability|p2b: Calyrex|As One\n|-ability|p2b: Calyrex|Unnerve\n|-ability|p2a: Ting-Lu|Vessel of Ruin\n|turn|4\n|\n|t:|1772519567\n|-terastallize|p2b: Calyrex|Water\n|move|p1a: Dead knight|Astral Barrage|p2a: Ting-Lu|[spread] p2a,p2b\n|-resisted|p2a: Ting-Lu\n|-damage|p2a: Ting-Lu|82/100\n|-damage|p2b: Calyrex|64/100\n|move|p1b: Chi-Yu|Heat Wave|p2a: Ting-Lu|[spread] p2a,p2b\n|-resisted|p2b: Calyrex\n|-damage|p2a: Ting-Lu|42/100\n|-damage|p2b: Calyrex|45/100\n|-status|p2a: Ting-Lu|brn\n|move|p2a: Ting-Lu|Stomping Tantrum|p1b: Chi-Yu\n|-supereffective|p1b: Chi-Yu\n|-damage|p1b: Chi-Yu|47/100\n|move|p2b: Calyrex|Trick Room|p2b: Calyrex\n|-fieldstart|move: Trick Room|[of] p2b: Calyrex\n|\n|-weather|SunnyDay|[upkeep]\n|-heal|p2b: Calyrex|51/100|[from] item: Leftovers\n|-damage|p2a: Ting-Lu|36/100 brn|[from] brn\n|upkeep\n|turn|5\n|\n|t:|1772519590\n|move|p2a: Ting-Lu|Stomping Tantrum|p1b: Chi-Yu\n|-supereffective|p1b: Chi-Yu\n|-damage|p1b: Chi-Yu|1/100\n|move|p2b: Calyrex|Glacial Lance|p1b: Chi-Yu|[spread] p1a,p1b\n|-resisted|p1b: Chi-Yu\n|-damage|p1a: Dead knight|34/100\n|-damage|p1b: Chi-Yu|0 fnt\n|faint|p1b: Chi-Yu\n|-ability|p2b: Calyrex|Chilling Neigh|boost\n|-boost|p2b: Calyrex|atk|1\n|move|p1a: Dead knight|Astral Barrage|p2b: Calyrex|[spread] p2a,p2b\n|-resisted|p2a: Ting-Lu\n|-damage|p2a: Ting-Lu|23/100 brn\n|-damage|p2b: Calyrex|20/100\n|\n|-weather|none\n|-heal|p2b: Calyrex|26/100|[from] item: Leftovers\n|-damage|p2a: Ting-Lu|17/100 brn|[from] brn\n|upkeep\n|turn|6\n|\n|t:|1772519601\n|move|p1a: Dead knight|Protect|p1a: Dead knight\n|-singleturn|p1a: Dead knight|Protect\n|move|p2a: Ting-Lu|Sand Tomb|p1a: Dead knight\n|-activate|p1a: Dead knight|move: Protect\n|move|p2b: Calyrex|Glacial Lance|p1a: Dead knight\n|-activate|p1a: Dead knight|move: Protect\n|\n|-heal|p2b: Calyrex|32/100|[from] item: Leftovers\n|-damage|p2a: Ting-Lu|11/100 brn|[from] brn\n|upkeep\n|turn|7\n|\n|t:|1772519611\n|move|p1a: Dead knight|Protect||[still]\n|-fail|p1a: Dead knight\n|move|p2a: Ting-Lu|Stomping Tantrum|p1a: Dead knight\n|-damage|p1a: Dead knight|17/100\n|move|p2b: Calyrex|Glacial Lance|p1a: Dead knight\n|-damage|p1a: Dead knight|0 fnt\n|faint|p1a: Dead knight\n|\n|win|granite blast\n|raw|flaaavgc's rating: 1224 &rarr; <strong>1203</strong><br />(-21 for losing)\n|raw|granite blast's rating: 1286 &rarr; <strong>1307</strong><br />(+21 for winning)\n|l|\u2606granite blast\n|player|p2|\n|l|\u2606flaaavgc\n|player|p1|\n","uploadtime":1772519825,"views":14,"formatid":"gen9vgc2026regi","rating":1203,"private":0,"password":null}