{"id":"gen9vgc2026regi-2581796382","format":"[Gen 9] VGC 2026 Reg I","players":["elgra","FRESHmustard"],"log":"|j|\u2606elgra\n|j|\u2606FRESHmustard\n|t:|1776029110\n|gametype|doubles\n|player|p1|elgra|102|1328\n|player|p2|FRESHmustard|2|1430\n|gen|9\n|tier|[Gen 9] VGC 2026 Reg I\n|rated|\n|rule|Species Clause: Limit one of each Pok\u00e9mon\n|rule|Item Clause: Limit 1 of each item\n|clearpoke\n|poke|p1|Clefairy, L50, F|\n|poke|p1|Tornadus, L50, M|\n|poke|p1|Groudon, L50|\n|poke|p1|Flutter Mane, L50|\n|poke|p1|Archaludon, L50, F|\n|poke|p1|Calyrex-Shadow, L50|\n|poke|p2|Lunala, L50|\n|poke|p2|Ursaluna, L50, M|\n|poke|p2|Urshifu-*, L50, F|\n|poke|p2|Miraidon, L50|\n|poke|p2|Grimmsnarl, L50, M|\n|poke|p2|Incineroar, L50, F|\n|teampreview|4\n|\n|t:|1776029122\n|teamsize|p1|4\n|teamsize|p2|4\n|start\n|switch|p1a: Clefairy|Clefairy, L50, F|100/100\n|switch|p1b: Tornadus|Tornadus, L50, M|100/100\n|switch|p2a: Incineroar|Incineroar, L50, F|100/100\n|switch|p2b: Lunala|Lunala, L50|100/100\n|-ability|p2a: Incineroar|Intimidate|boost\n|-unboost|p1a: Clefairy|atk|1\n|-unboost|p1b: Tornadus|atk|1\n|turn|1\n|\n|t:|1776029139\n|move|p1a: Clefairy|Protect|p1a: Clefairy\n|-singleturn|p1a: Clefairy|Protect\n|move|p2a: Incineroar|Fake Out|p1b: Tornadus\n|-damage|p1b: Tornadus|90/100\n|move|p1b: Tornadus|Taunt|p2b: Lunala\n|-start|p2b: Lunala|move: Taunt\n|cant|p2b: Lunala|move: Taunt|Trick Room\n|\n|upkeep\n|turn|2\n|\n|t:|1776029177\n|move|p1b: Tornadus|U-turn|p2b: Lunala\n|-damage|p2b: Lunala|97/100\n|\n|t:|1776029181\n|switch|p1b: Groudon|Groudon, L50|100/100|[from] U-turn\n|-weather|SunnyDay|[from] ability: Drought|[of] p1b: Groudon\n|move|p2b: Lunala|Moongeist Beam|p1a: Clefairy\n|-damage|p1a: Clefairy|66/100\n|move|p2a: Incineroar|Knock Off|p1b: Groudon\n|-damage|p1b: Groudon|79/100\n|-enditem|p1b: Groudon|Choice Band|[from] move: Knock Off|[of] p2a: Incineroar\n|move|p1a: Clefairy|Gravity|p1a: Clefairy\n|-fieldstart|move: Gravity\n|\n|-weather|SunnyDay|[upkeep]\n|upkeep\n|turn|3\n|\n|t:|1776029206\n|-terastallize|p1b: Groudon|Ground\n|-terastallize|p2a: Incineroar|Bug\n|move|p1b: Groudon|Precipice Blades|p2b: Lunala|[spread] p2a,p2b\n|-resisted|p2a: Incineroar\n|-crit|p2a: Incineroar\n|-damage|p2a: Incineroar|60/100\n|-damage|p2b: Lunala|47/100\n|move|p2b: Lunala|Moongeist Beam|p1a: Clefairy\n|-damage|p1a: Clefairy|28/100\n|move|p2a: Incineroar|Will-O-Wisp|p1b: Groudon\n|-status|p1b: Groudon|brn\n|move|p1a: Clefairy|Sing|p2b: Lunala\n|-status|p2b: Lunala|slp|[from] move: Sing\n|\n|-weather|SunnyDay|[upkeep]\n|-damage|p1b: Groudon|73/100 brn|[from] brn\n|-end|p2b: Lunala|move: Taunt\n|upkeep\n|turn|4\n|\n|t:|1776029236\n|cant|p2b: Lunala|slp\n|move|p1a: Clefairy|Follow Me|p1a: Clefairy\n|-singleturn|p1a: Clefairy|move: Follow Me\n|move|p1b: Groudon|Fire Punch|p2a: Incineroar\n|-supereffective|p2a: Incineroar\n|-damage|p2a: Incineroar|29/100\n|-damage|p1b: Groudon|56/100 brn|[from] item: Rocky Helmet|[of] p2a: Incineroar\n|move|p2a: Incineroar|Parting Shot|p1a: Clefairy\n|-unboost|p1a: Clefairy|atk|1\n|-unboost|p1a: Clefairy|spa|1\n|\n|t:|1776029250\n|switch|p2a: Ursaluna|Ursaluna, L50, M|100/100|[from] Parting Shot\n|\n|-weather|SunnyDay|[upkeep]\n|-damage|p1b: Groudon|51/100 brn|[from] brn\n|-status|p2a: Ursaluna|brn|[from] item: Flame Orb\n|upkeep\n|turn|5\n|\n|t:|1776029269\n|move|p1a: Clefairy|Follow Me|p1a: Clefairy\n|-singleturn|p1a: Clefairy|move: Follow Me\n|move|p1b: Groudon|Precipice Blades|p2a: Ursaluna|[spread] p2a,p2b\n|-crit|p2a: Ursaluna\n|-damage|p2a: Ursaluna|57/100 brn\n|-damage|p2b: Lunala|20/100 slp\n|move|p2a: Ursaluna|Earthquake|p1b: Groudon|[spread] p2b,p1a,p1b\n|-damage|p2b: Lunala|0 fnt\n|-damage|p1a: Clefairy|0 fnt\n|-damage|p1b: Groudon|14/100 brn\n|faint|p2b: Lunala\n|faint|p1a: Clefairy\n|\n|-weather|SunnyDay|[upkeep]\n|-damage|p1b: Groudon|8/100 brn|[from] brn\n|-damage|p2a: Ursaluna|51/100 brn|[from] brn\n|upkeep\n|\n|t:|1776029285\n|switch|p2b: Incineroar|Incineroar, L50, F, tera:Bug|29/100\n|switch|p1a: Tornadus|Tornadus, L50, M|90/100\n|-ability|p2b: Incineroar|Intimidate|boost\n|-unboost|p1a: Tornadus|atk|1\n|-unboost|p1b: Groudon|atk|1\n|turn|6\n|\n|t:|1776029298\n|move|p2b: Incineroar|Fake Out|p1a: Tornadus\n|-damage|p1a: Tornadus|76/100\n|move|p1b: Groudon|Precipice Blades|p2b: Incineroar|[spread] p2a,p2b\n|-resisted|p2b: Incineroar\n|-damage|p2a: Ursaluna|31/100 brn\n|-damage|p2b: Incineroar|20/100\n|move|p1a: Tornadus|Bleakwind Storm|p2b: Incineroar|[spread] p2a,p2b\n|-supereffective|p2b: Incineroar\n|-damage|p2a: Ursaluna|1/100 brn\n|-damage|p2b: Incineroar|0 fnt\n|-unboost|p2a: Ursaluna|spe|1\n|faint|p2b: Incineroar\n|move|p2a: Ursaluna|Facade|p1a: Tornadus\n|-crit|p1a: Tornadus\n|-damage|p1a: Tornadus|0 fnt\n|faint|p1a: Tornadus\n|\n|-weather|none\n|-damage|p1b: Groudon|2/100 brn|[from] brn\n|-damage|p2a: Ursaluna|0 fnt|[from] brn\n|faint|p2a: Ursaluna\n|-fieldend|move: Gravity\n|upkeep\n|\n|t:|1776029320\n|switch|p1a: Calyrex|Calyrex-Shadow, L50|100/100\n|switch|p2b: Miraidon|Miraidon, L50|100/100\n|-ability|p1a: Calyrex|As One\n|-ability|p1a: Calyrex|Unnerve\n|-fieldstart|move: Electric Terrain|[from] ability: Hadron Engine|[of] p2b: Miraidon\n|turn|7\n|\n|t:|1776029348\n|move|p1a: Calyrex|Pollen Puff|p1b: Groudon\n|-heal|p1b: Groudon|52/100 brn\n|move|p2b: Miraidon|Snarl|p1b: Groudon|[spread] p1a,p1b\n|-supereffective|p1a: Calyrex\n|-crit|p1b: Groudon\n|-damage|p1a: Calyrex|16/100\n|-damage|p1b: Groudon|18/100 brn\n|-unboost|p1a: Calyrex|spa|1\n|-unboost|p1b: Groudon|spa|1\n|move|p1b: Groudon|Precipice Blades|p2b: Miraidon\n|-supereffective|p2b: Miraidon\n|-damage|p2b: Miraidon|43/100\n|\n|-damage|p1b: Groudon|12/100 brn|[from] brn\n|upkeep\n|turn|8\n|\n|t:|1776029373\n|move|p1a: Calyrex|Astral Barrage|p2b: Miraidon\n|-damage|p2b: Miraidon|19/100\n|move|p2b: Miraidon|Draco Meteor|p1b: Groudon\n|-damage|p1b: Groudon|0 fnt\n|-unboost|p2b: Miraidon|spa|2\n|faint|p1b: Groudon\n|\n|upkeep\n|turn|9\n|\n|t:|1776029385\n|move|p1a: Calyrex|Astral Barrage|p2b: Miraidon\n|-damage|p2b: Miraidon|0 fnt\n|faint|p2b: Miraidon\n|\n|win|elgra\n|raw|elgra's rating: 1328 &rarr; <strong>1354</strong><br />(+26 for winning)\n|raw|FRESHmustard's rating: 1430 &rarr; <strong>1404</strong><br />(-26 for losing)\n","uploadtime":1776029392,"views":9,"formatid":"gen9vgc2026regi","rating":1354,"private":0,"password":null}