{"id":"gen9vgc2026regi-2579595625","format":"[Gen 9] VGC 2026 Reg I","players":["dfadDADAD","datbishgames"],"log":"|j|\u2606dfadDADAD\n|j|\u2606datbishgames\n|t:|1775803146\n|gametype|doubles\n|player|p1|dfadDADAD|266|1439\n|player|p2|datbishgames|mira|1434\n|gen|9\n|tier|[Gen 9] VGC 2026 Reg I\n|rated|\n|rule|Species Clause: Limit one of each Pok\u00e9mon\n|rule|Item Clause: Limit 1 of each item\n|clearpoke\n|poke|p1|Calyrex-Shadow, L50|\n|poke|p1|Terapagos, L50, M|\n|poke|p1|Rillaboom, L50, F|\n|poke|p1|Urshifu-*, L50, F|\n|poke|p1|Volcarona, L50, F|\n|poke|p1|Flutter Mane, L50|\n|poke|p2|Dialga-Origin, L50|\n|poke|p2|Ho-Oh, L50|\n|poke|p2|Rotom-Wash, L50|\n|poke|p2|Amoonguss, L50, M|\n|poke|p2|Ursaluna, L50, F|\n|poke|p2|Zoroark-Hisui, L50, F|\n|teampreview|4\n|inactive|Battle timer is ON: inactive players will automatically lose when time's up. (requested by datbishgames)\n|inactive|datbishgames has 60 seconds left.\n|\n|t:|1775803177\n|teamsize|p1|4\n|teamsize|p2|4\n|start\n|switch|p1a: Flutter Mane|Flutter Mane, L50|100/100\n|switch|p1b: Calyrex|Calyrex-Shadow, L50|100/100\n|switch|p2a: Dialga|Dialga-Origin, L50|100/100\n|switch|p2b: Ho-Oh|Ho-Oh, L50|100/100\n|-ability|p1b: Calyrex|As One\n|-ability|p1b: Calyrex|Unnerve\n|-enditem|p1a: Flutter Mane|Booster Energy\n|-activate|p1a: Flutter Mane|ability: Protosynthesis|[fromitem]\n|-start|p1a: Flutter Mane|protosynthesisspe\n|turn|1\n|\n|t:|1775803196\n|move|p1a: Flutter Mane|Taunt|p2a: Dialga\n|-start|p2a: Dialga|move: Taunt\n|move|p1b: Calyrex|Astral Barrage|p2a: Dialga|[spread] p2b\n|-immune|p2a: Dialga\n|-damage|p2b: Ho-Oh|70/100\n|move|p2a: Dialga|Icy Wind|p1b: Calyrex|[spread] p1a,p1b\n|-damage|p1a: Flutter Mane|88/100\n|-damage|p1b: Calyrex|87/100\n|-unboost|p1a: Flutter Mane|spe|1\n|-unboost|p1b: Calyrex|spe|1\n|move|p2b: Ho-Oh|Tailwind|p2b: Ho-Oh\n|-sidestart|p2: datbishgames|move: Tailwind\n|\n|upkeep\n|turn|2\n|\n|t:|1775803216\n|switch|p1b: Terapagos|Terapagos, L50, M|100/100\n|-activate|p1b: Terapagos|ability: Tera Shift\n|detailschange|p1b: Terapagos|Terapagos-Terastal, L50, M\n|-heal|p1b: Terapagos|100/100|[silent]\n|move|p2a: Dialga|Bitter Malice|p1b: Terapagos\n|-immune|p1b: Terapagos\n|move|p2b: Ho-Oh|Brave Bird|p1a: Flutter Mane\n|-damage|p1a: Flutter Mane|0 fnt\n|faint|p1a: Flutter Mane\n|-end|p1a: Flutter Mane|Protosynthesis|[silent]\n|-damage|p2b: Ho-Oh|48/100|[from] Recoil\n|\n|upkeep\n|\n|t:|1775803229\n|switch|p1a: Rillaboom|Rillaboom, L50, F|100/100\n|-fieldstart|move: Grassy Terrain|[from] ability: Grassy Surge|[of] p1a: Rillaboom\n|turn|3\n|\n|t:|1775803243\n|switch|p2b: Ursaluna|Ursaluna, L50, F|100/100\n|move|p1a: Rillaboom|Fake Out|p2b: Ursaluna\n|-damage|p2b: Ursaluna|90/100\n|move|p2a: Dialga|Hyper Voice|p1b: Terapagos|[spread] p1a,p1b\n|-activate|p1b: Terapagos|ability: Tera Shell\n|-resisted|p1b: Terapagos\n|-damage|p1a: Rillaboom|77/100\n|-damage|p1b: Terapagos|86/100\n|move|p1b: Terapagos|Calm Mind|p1b: Terapagos\n|-boost|p1b: Terapagos|spa|1\n|-boost|p1b: Terapagos|spd|1\n|\n|-heal|p2b: Ursaluna|96/100|[from] Grassy Terrain\n|-heal|p1b: Terapagos|92/100|[from] Grassy Terrain\n|-heal|p1b: Terapagos|98/100|[from] item: Leftovers\n|-heal|p1a: Rillaboom|83/100|[from] Grassy Terrain\n|-end|p2a: Dialga|move: Taunt\n|-status|p2b: Ursaluna|brn|[from] item: Flame Orb\n|upkeep\n|turn|4\n|inactive|dfadDADAD has 30 seconds left.\n|\n|t:|1775803269\n|switch|p2b: Ho-Oh|Ho-Oh, L50|82/100\n|move|p1b: Terapagos|Protect|p1b: Terapagos\n|-singleturn|p1b: Terapagos|Protect\n|move|p1a: Rillaboom|Grassy Glide|p2b: Ho-Oh\n|-resisted|p2b: Ho-Oh\n|-damage|p2b: Ho-Oh|74/100\n|move|p2a: Dialga|Will-O-Wisp|p1a: Rillaboom\n|-status|p1a: Rillaboom|brn\n|\n|-heal|p1b: Terapagos|100/100|[from] Grassy Terrain\n|-heal|p1a: Rillaboom|88/100 brn|[from] Grassy Terrain\n|-damage|p1a: Rillaboom|83/100 brn|[from] brn\n|-sideend|p2: datbishgames|move: Tailwind\n|upkeep\n|turn|5\n|\n|t:|1775803284\n|move|p2a: Dialga|Hyper Voice|p1b: Terapagos|[spread] p1a,p1b\n|-activate|p1b: Terapagos|ability: Tera Shell\n|-resisted|p1b: Terapagos\n|-damage|p1a: Rillaboom|62/100 brn\n|-damage|p1b: Terapagos|91/100\n|move|p1b: Terapagos|Tera Starstorm|p2b: Ho-Oh\n|-damage|p2b: Ho-Oh|33/100\n|move|p2b: Ho-Oh|Tailwind|p2b: Ho-Oh\n|-sidestart|p2: datbishgames|move: Tailwind\n|move|p1a: Rillaboom|U-turn|p2a: Dialga\n|-resisted|p2a: Dialga\n|-damage|p2a: Dialga|88/100\n|replace|p2a: Zoroark|Zoroark-Hisui, L50, F\n|-end|p2a: Zoroark|Illusion\n|\n|t:|1775803293\n|switch|p1a: Calyrex|Calyrex-Shadow, L50|87/100|[from] U-turn\n|-ability|p1a: Calyrex|As One\n|-ability|p1a: Calyrex|Unnerve\n|\n|-heal|p2a: Zoroark|94/100|[from] Grassy Terrain\n|-heal|p1a: Calyrex|93/100|[from] Grassy Terrain\n|-heal|p1b: Terapagos|97/100|[from] Grassy Terrain\n|-heal|p1b: Terapagos|100/100|[from] item: Leftovers\n|upkeep\n|turn|6\n|\n|t:|1775803301\n|switch|p2b: Ursaluna|Ursaluna, L50, F|96/100 brn\n|move|p1a: Calyrex|Protect|p1a: Calyrex\n|-singleturn|p1a: Calyrex|Protect\n|move|p2a: Zoroark|Bitter Malice|p1a: Calyrex\n|-activate|p1a: Calyrex|move: Protect\n|move|p1b: Terapagos|Calm Mind|p1b: Terapagos\n|-boost|p1b: Terapagos|spa|1\n|-boost|p1b: Terapagos|spd|1\n|\n|-heal|p2a: Zoroark|100/100|[from] Grassy Terrain\n|-heal|p2b: Ursaluna|100/100 brn|[from] Grassy Terrain\n|-heal|p1a: Calyrex|99/100|[from] Grassy Terrain\n|-damage|p2b: Ursaluna|95/100 brn|[from] brn\n|upkeep\n|turn|7\n|inactive|dfadDADAD has 30 seconds left.\n|\n|t:|1775803331\n|move|p1b: Terapagos|Protect|p1b: Terapagos\n|-singleturn|p1b: Terapagos|Protect\n|move|p2a: Zoroark|Bitter Malice|p1a: Calyrex\n|-supereffective|p1a: Calyrex\n|-damage|p1a: Calyrex|0 fnt\n|faint|p1a: Calyrex\n|move|p2b: Ursaluna|Swords Dance|p2b: Ursaluna\n|-boost|p2b: Ursaluna|atk|2\n|\n|-heal|p2b: Ursaluna|100/100 brn|[from] Grassy Terrain\n|-damage|p2b: Ursaluna|95/100 brn|[from] brn\n|-fieldend|move: Grassy Terrain\n|upkeep\n|j| CrazyyBoi\n|\n|t:|1775803336\n|switch|p1a: Rillaboom|Rillaboom, L50, F|62/100 brn\n|-fieldstart|move: Grassy Terrain|[from] ability: Grassy Surge|[of] p1a: Rillaboom\n|turn|8\n|\n|t:|1775803348\n|-terastallize|p2b: Ursaluna|Ghost\n|move|p1a: Rillaboom|Fake Out|p2b: Ursaluna\n|-immune|p2b: Ursaluna\n|move|p2a: Zoroark|Hyper Voice|p1a: Rillaboom|[spread] p1a,p1b\n|-activate|p1b: Terapagos|ability: Tera Shell\n|-resisted|p1b: Terapagos\n|-damage|p1a: Rillaboom|39/100 brn\n|-damage|p1b: Terapagos|93/100\n|move|p2b: Ursaluna|Facade|p1b: Terapagos\n|-damage|p1b: Terapagos|0 fnt\n|faint|p1b: Terapagos\n|\n|-heal|p2b: Ursaluna|100/100 brn|[from] Grassy Terrain\n|-heal|p1a: Rillaboom|44/100 brn|[from] Grassy Terrain\n|-damage|p2b: Ursaluna|95/100 brn|[from] brn\n|-damage|p1a: Rillaboom|39/100 brn|[from] brn\n|-sideend|p2: datbishgames|move: Tailwind\n|upkeep\n|turn|9\n|-message|dfadDADAD forfeited.\n|\n|win|datbishgames\n|raw|dfadDADAD's rating: 1439 &rarr; <strong>1419</strong><br />(-20 for losing)\n|raw|datbishgames's rating: 1434 &rarr; <strong>1454</strong><br />(+20 for winning)\n|l|\u2606dfadDADAD\n|player|p1|\n|l|\u2606datbishgames\n|player|p2|\n","uploadtime":1775803517,"views":8,"formatid":"gen9vgc2026regi","rating":1419,"private":0,"password":null}