{"id":"gen9vgc2026regi-2553906987","format":"[Gen 9] VGC 2026 Reg I","players":["ppyyy","krangune\u2764"],"log":"|j|\u2606ppyyy\n|j|\u2606krangune\u2764\n|t:|1772898332\n|gametype|doubles\n|player|p1|ppyyy|elesa-gen5bw2|\n|player|p2|krangune\u2764|arezu|\n|gen|9\n|tier|[Gen 9] VGC 2026 Reg I\n|rated|Tournament battle\n|rule|Species Clause: Limit one of each Pok\u00e9mon\n|rule|Item Clause: Limit 1 of each item\n|raw|<div class=\"infobox\"><details class=\"readmore\" open><summary><strong>3 custom rules:</strong></summary> Open Team Sheets, Force Open Team Sheets, !Open Team Sheets</details></div>\n|clearpoke\n|poke|p1|Whimsicott, L50, F|\n|poke|p1|Calyrex-Shadow, L50|\n|poke|p1|Incineroar, L50, F|\n|poke|p1|Miraidon, L50|\n|poke|p1|Clefairy, L50, F|\n|poke|p1|Sneasler, L50, F|\n|poke|p2|Miraidon, L50|\n|poke|p2|Frosmoth, L50, M|\n|poke|p2|Iron Moth, L50|\n|poke|p2|Volcarona, L50, F|\n|poke|p2|Slither Wing, L50|\n|poke|p2|Koraidon, L50|\n|teampreview|4\n|showteam|p1|Whimsicott||CovertCloak|Prankster|Moonblast,Tailwind,FakeTears,Encore|||F|||50|,,,,,Water]Calyrex-Shadow||FocusSash|AsOneSpectrier|AstralBarrage,Psychic,Disable,Protect||||||50|,,,,,Ghost]Incineroar||AssaultVest|Intimidate|KnockOff,Uturn,FlareBlitz,FakeOut|||F|||50|,,,,,Bug]Miraidon||ChoiceSpecs|HadronEngine|ElectroDrift,DracoMeteor,DazzlingGleam,VoltSwitch||||||50|,,,,,Fairy]Clefairy||Eviolite|FriendGuard|AfterYou,HelpingHand,FollowMe,Protect|||F|||50|,,,,,Grass]Sneasler||ElectricSeed|Unburden|GunkShot,CloseCombat,FakeOut,ThroatChop|||F|||50|,,,,,Dark\n|showteam|p2|Miraidon||ChoiceSpecs|HadronEngine|VoltSwitch,ElectroDrift,DracoMeteor,DazzlingGleam||||||50|,,,,,Fairy]Frosmoth||ElectricSeed|IceScales|WideGuard,QuiverDance,StruggleBug,IceBeam|||M|||50|,,,,,Water]Iron Moth||LifeOrb|QuarkDrive|HeatWave,EnergyBall,Protect,AcidSpray||||||50|,,,,,Grass]Volcarona||RockyHelmet|FlameBody|RagePowder,WillOWisp,Overheat,Protect|||F|||50|,,,,,Water]Slither Wing||IronBall|Protosynthesis|TeraBlast,CloseCombat,Protect,LeechLife||||||50|,,,,,Dark]Koraidon||ClearAmulet|OrichalcumPulse|CollisionCourse,FlameCharge,FlareBlitz,Protect||||||50|,,,,,Fire\n|c|\u2606krangune\u2764|glhf\n|c|\u2606ppyyy|u2\n|j| Solarbloke\n|j|@Bright Size\n|j| hiyopon\n|\n|t:|1772898437\n|teamsize|p1|4\n|teamsize|p2|4\n|start\n|switch|p1a: Hinder Me|Calyrex-Shadow, L50|100/100\n|switch|p1b: Miraidon|Miraidon, L50|100/100\n|switch|p2a: Two moth|Iron Moth, L50|100/100\n|switch|p2b: Gespacho|Miraidon, L50|100/100\n|-ability|p1a: Hinder Me|As One\n|-ability|p1a: Hinder Me|Unnerve\n|-fieldstart|move: Electric Terrain|[from] ability: Hadron Engine|[of] p1b: Miraidon\n|-activate|p2a: Two moth|ability: Quark Drive\n|-start|p2a: Two moth|quarkdrivespe\n|-activate|p2b: Gespacho|ability: Hadron Engine\n|turn|1\n|j| hugoggg\n|\n|t:|1772898494\n|-terastallize|p2b: Gespacho|Fairy\n|move|p2a: Two moth|Protect|p2a: Two moth\n|-singleturn|p2a: Two moth|Protect\n|move|p1a: Hinder Me|Protect|p1a: Hinder Me\n|-singleturn|p1a: Hinder Me|Protect\n|move|p1b: Miraidon|Draco Meteor|p2a: Two moth\n|-activate|p2a: Two moth|move: Protect\n|move|p2b: Gespacho|Dazzling Gleam|p1a: Hinder Me|[spread] p1b\n|-activate|p1a: Hinder Me|move: Protect\n|-supereffective|p1b: Miraidon\n|-damage|p1b: Miraidon|0 fnt\n|faint|p1b: Miraidon\n|\n|upkeep\n|\n|t:|1772898505\n|switch|p1b: Whimsicott|Whimsicott, L50, F|100/100\n|turn|2\n|\n|t:|1772898522\n|-end|p2a: Two moth|Quark Drive|[silent]\n|switch|p2a: Shrimp|Koraidon, L50|100/100\n|-weather|SunnyDay|[from] ability: Orichalcum Pulse|[of] p2a: Shrimp\n|-activate|p2a: Shrimp|Orichalcum Pulse|[source]\n|switch|p2b: Blue moth|Frosmoth, L50, M, shiny|100/100\n|-enditem|p2b: Blue moth|Electric Seed\n|-boost|p2b: Blue moth|def|1|[from] item: Electric Seed\n|move|p1b: Whimsicott|Encore||[still]\n|-fail|p1b: Whimsicott\n|move|p1a: Hinder Me|Disable||[still]\n|-fail|p1a: Hinder Me\n|\n|-weather|SunnyDay|[upkeep]\n|upkeep\n|turn|3\n|c|\u2606krangune\u2764|baited\n|\n|t:|1772898544\n|-terastallize|p1b: Whimsicott|Water\n|move|p1a: Hinder Me|Protect|p1a: Hinder Me\n|-singleturn|p1a: Hinder Me|Protect\n|move|p2b: Blue moth|Wide Guard|p2b: Blue moth\n|-singleturn|p2b: Blue moth|Wide Guard\n|move|p1b: Whimsicott|Fake Tears|p2b: Blue moth\n|-unboost|p2b: Blue moth|spd|2\n|move|p2a: Shrimp|Flame Charge|p1b: Whimsicott\n|-resisted|p1b: Whimsicott\n|-damage|p1b: Whimsicott|77/100\n|-boost|p2a: Shrimp|spe|1\n|\n|-weather|SunnyDay|[upkeep]\n|upkeep\n|turn|4\n|\n|t:|1772898564\n|move|p2b: Blue moth|Wide Guard|p2b: Blue moth\n|-singleturn|p2b: Blue moth|Wide Guard\n|move|p1b: Whimsicott|Encore|p2b: Blue moth\n|-start|p2b: Blue moth|Encore\n|move|p2a: Shrimp|Flame Charge|p1a: Hinder Me\n|-damage|p1a: Hinder Me|54/100\n|-boost|p2a: Shrimp|spe|1\n|move|p1a: Hinder Me|Psychic|p2a: Shrimp\n|-supereffective|p2a: Shrimp\n|-damage|p2a: Shrimp|0 fnt\n|faint|p2a: Shrimp\n|-ability|p1a: Hinder Me|Grim Neigh|boost\n|-boost|p1a: Hinder Me|spa|1\n|\n|-weather|SunnyDay|[upkeep]\n|upkeep\n|c|\u2606krangune\u2764|wait\n|c|\u2606krangune\u2764|i read that as encore disable\n|j| Hisui4ever\n|c|\u2606krangune\u2764|oops\n|\n|t:|1772898593\n|switch|p2a: Two moth|Iron Moth, L50|100/100\n|-activate|p2a: Two moth|ability: Quark Drive\n|-start|p2a: Two moth|quarkdrivespe\n|turn|5\n|l| Hisui4ever\n|\n|t:|1772898630\n|move|p2b: Blue moth|Wide Guard|p2b: Blue moth\n|-singleturn|p2b: Blue moth|Wide Guard\n|move|p1b: Whimsicott|Fake Tears|p2b: Blue moth\n|-unboost|p2b: Blue moth|spd|2\n|move|p2a: Two moth|Energy Ball|p1b: Whimsicott\n|-supereffective|p1b: Whimsicott\n|-damage|p1b: Whimsicott|0 fnt\n|faint|p1b: Whimsicott\n|-damage|p2a: Two moth|91/100|[from] item: Life Orb\n|move|p1a: Hinder Me|Psychic|p2a: Two moth\n|-supereffective|p2a: Two moth\n|-damage|p2a: Two moth|0 fnt\n|faint|p2a: Two moth\n|-end|p2a: Two moth|Quark Drive|[silent]\n|-ability|p1a: Hinder Me|Grim Neigh|boost\n|-boost|p1a: Hinder Me|spa|1\n|\n|-weather|SunnyDay|[upkeep]\n|-fieldend|move: Electric Terrain\n|upkeep\n|\n|t:|1772898645\n|switch|p2a: Gespacho|Miraidon, L50, tera:Fairy|100/100\n|switch|p1b: Roar!|Incineroar, L50, F|100/100\n|-fieldstart|move: Electric Terrain|[from] ability: Hadron Engine|[of] p2a: Gespacho\n|-ability|p1b: Roar!|Intimidate|boost\n|-unboost|p2a: Gespacho|atk|1\n|-unboost|p2b: Blue moth|atk|1\n|turn|6\n|\n|t:|1772898654\n|move|p1b: Roar!|Fake Out|p2b: Blue moth\n|-damage|p2b: Blue moth|92/100\n|cant|p2b: Blue moth|flinch\n|move|p1a: Hinder Me|Astral Barrage|p2b: Blue moth|[spread] p2a,p2b\n|-damage|p2a: Gespacho|11/100\n|-damage|p2b: Blue moth|0 fnt\n|faint|p2b: Blue moth\n|-ability|p1a: Hinder Me|Grim Neigh|boost\n|-boost|p1a: Hinder Me|spa|1\n|move|p2a: Gespacho|Dazzling Gleam|p1b: Roar!|[spread] p1a,p1b\n|-crit|p1b: Roar!\n|-damage|p1a: Hinder Me|0 fnt\n|-damage|p1b: Roar!|41/100\n|faint|p1a: Hinder Me\n|\n|-weather|none\n|upkeep\n|turn|7\n|c|\u2606ppyyy|rip\n|\n|t:|1772898670\n|move|p2a: Gespacho|Dazzling Gleam|p1b: Roar!\n|-damage|p1b: Roar!|0 fnt\n|faint|p1b: Roar!\n|\n|win|krangune\u2764\n|n|\u2606ppyyy|ppyyy\n|n|\u2606krangune\u2764|krangune\n|n| Solarbloke|solarbloke\n|n| Bright Size|brightsize\n|n| hiyopon|hiyopon\n|n| hugoggg|hugoggg\n|c|\u2606krangune\u2764|gg\n|l| hiyopon\n|c|\u2606ppyyy|gg\n|c|\u2606krangune\u2764|im surprised i lived\n","uploadtime":1772898676,"views":16,"formatid":"gen9vgc2026regi","rating":null,"private":0,"password":null}