{"id":"gen9vgc2026regi-2550153367","format":"[Gen 9] VGC 2026 Reg I","players":["plantscience","globalfish39"],"log":"|j|\u2606plantscience\n|j|\u2606globalfish39\n|t:|1772461216\n|gametype|doubles\n|player|p1|plantscience|1|1425\n|player|p2|globalfish39|miku-fairy|1314\n|gen|9\n|tier|[Gen 9] VGC 2026 Reg I\n|rated|\n|rule|Species Clause: Limit one of each Pok\u00e9mon\n|rule|Item Clause: Limit 1 of each item\n|clearpoke\n|poke|p1|Chien-Pao, L50|\n|poke|p1|Calyrex-Shadow, L50|\n|poke|p1|Urshifu-*, L50, M|\n|poke|p1|Zamazenta-*, L50|\n|poke|p1|Weezing-Galar, L50, F|\n|poke|p1|Dragonite, L50, M|\n|poke|p2|Groudon, L50|\n|poke|p2|Incineroar, L50, M|\n|poke|p2|Amoonguss, L50, M|\n|poke|p2|Whimsicott, L50, F|\n|poke|p2|Flutter Mane, L50|\n|poke|p2|Lunala, L50|\n|teampreview|4\n|inactive|Battle timer is ON: inactive players will automatically lose when time's up. (requested by plantscience)\n|\n|t:|1772461264\n|teamsize|p1|4\n|teamsize|p2|4\n|start\n|switch|p1a: Weezing|Weezing-Galar, L50, F|100/100\n|switch|p1b: Urshifu|Urshifu-Rapid-Strike, L50, M|100/100\n|switch|p2a: Lunala|Lunala, L50|100/100\n|switch|p2b: Incineroar|Incineroar, L50, M|100/100\n|-ability|p1a: Weezing|Neutralizing Gas\n|turn|1\n|\n|t:|1772461287\n|move|p2b: Incineroar|Fake Out|p1b: Urshifu\n|-damage|p1b: Urshifu|87/100\n|cant|p1b: Urshifu|flinch\n|move|p2a: Lunala|Moonblast|p1b: Urshifu\n|-supereffective|p1b: Urshifu\n|-damage|p1b: Urshifu|0 fnt\n|faint|p1b: Urshifu\n|move|p1a: Weezing|Poison Gas|p2b: Incineroar|[spread] p2a,p2b\n|-status|p2a: Lunala|psn\n|-status|p2b: Incineroar|psn\n|\n|-damage|p2a: Lunala|88/100 psn|[from] psn\n|-damage|p2b: Incineroar|88/100 psn|[from] psn\n|upkeep\n|\n|t:|1772461302\n|switch|p1b: Zamazenta|Zamazenta-Crowned, L50|100/100\n|turn|2\n|\n|t:|1772461313\n|switch|p2b: Amoonguss|Amoonguss, L50, M|100/100\n|move|p1b: Zamazenta|Body Press|p2b: Amoonguss\n|-resisted|p2b: Amoonguss\n|-damage|p2b: Amoonguss|79/100\n|-damage|p1b: Zamazenta|84/100|[from] item: Rocky Helmet|[of] p2b: Amoonguss\n|move|p2a: Lunala|Moongeist Beam|p1b: Zamazenta\n|-damage|p1b: Zamazenta|41/100\n|move|p1a: Weezing|Taunt|p2a: Lunala\n|-start|p2a: Lunala|move: Taunt\n|\n|-damage|p2a: Lunala|76/100 psn|[from] psn\n|upkeep\n|turn|3\n|j| theodis\n|\n|t:|1772461338\n|move|p2b: Amoonguss|Protect|p2b: Amoonguss\n|-singleturn|p2b: Amoonguss|Protect\n|move|p1b: Zamazenta|Heavy Slam|p2a: Lunala\n|-damage|p2a: Lunala|37/100 psn\n|move|p2a: Lunala|Moongeist Beam|p1b: Zamazenta\n|-damage|p1b: Zamazenta|0 fnt\n|faint|p1b: Zamazenta\n|move|p1a: Weezing|Taunt|p2b: Amoonguss\n|-activate|p2b: Amoonguss|move: Protect\n|\n|-damage|p2a: Lunala|25/100 psn|[from] psn\n|upkeep\n|\n|t:|1772461341\n|switch|p1b: Calyrex|Calyrex-Shadow, L50|100/100\n|-ability|p1b: Calyrex|As One\n|-ability|p1b: Calyrex|Unnerve\n|turn|4\n|inactive|globalfish39 has 30 seconds left.\n|inactive|globalfish39 has 20 seconds left.\n|inactive|globalfish39 has 15 seconds left.\n|\n|t:|1772461384\n|switch|p2a: Incineroar|Incineroar, L50, M|88/100 psn\n|-terastallize|p1b: Calyrex|Ghost\n|move|p1b: Calyrex|Astral Barrage|p2b: Amoonguss|[spread] p2a,p2b\n|-resisted|p2a: Incineroar\n|-damage|p2a: Incineroar|69/100 psn\n|-damage|p2b: Amoonguss|26/100\n|move|p1a: Weezing|Taunt|p2b: Amoonguss\n|-start|p2b: Amoonguss|move: Taunt\n|move|p2b: Amoonguss|Seed Bomb|p1b: Calyrex\n|-damage|p1b: Calyrex|72/100\n|\n|-damage|p2a: Incineroar|56/100 psn|[from] psn\n|upkeep\n|turn|5\n|inactive|globalfish39 has 30 seconds left.\n|\n|t:|1772461411\n|switch|p2b: Lunala|Lunala, L50|25/100 psn\n|move|p1b: Calyrex|Protect|p1b: Calyrex\n|-singleturn|p1b: Calyrex|Protect\n|move|p1a: Weezing|Dazzling Gleam|p2b: Lunala|[spread] p2a,p2b\n|-damage|p2a: Incineroar|46/100 psn\n|-damage|p2b: Lunala|14/100 psn\n|move|p2a: Incineroar|Knock Off|p1b: Calyrex\n|-activate|p1b: Calyrex|move: Protect\n|\n|-damage|p2b: Lunala|1/100 psn|[from] psn\n|-damage|p2a: Incineroar|34/100 psn|[from] psn\n|upkeep\n|turn|6\n|inactive|plantscience has 30 seconds left.\n|inactive|plantscience has 20 seconds left.\n|\n|t:|1772461447\n|move|p2b: Lunala|Wide Guard|p2b: Lunala\n|-singleturn|p2b: Lunala|Wide Guard\n|move|p1b: Calyrex|Astral Barrage|p2b: Lunala|[spread] \n|-activate|p2a: Incineroar|move: Wide Guard\n|-activate|p2b: Lunala|move: Wide Guard\n|move|p2a: Incineroar|Knock Off|p1b: Calyrex\n|-supereffective|p1b: Calyrex\n|-damage|p1b: Calyrex|0 fnt\n|-enditem|p1b: Calyrex|Focus Sash|[from] move: Knock Off|[of] p2a: Incineroar\n|faint|p1b: Calyrex\n|move|p1a: Weezing|Taunt|p2b: Lunala\n|-start|p2b: Lunala|move: Taunt\n|\n|-damage|p2b: Lunala|0 fnt|[from] psn\n|faint|p2b: Lunala\n|-damage|p2a: Incineroar|21/100 psn|[from] psn\n|upkeep\n|-message|plantscience forfeited.\n|\n|win|globalfish39\n|raw|plantscience's rating: 1425 &rarr; <strong>1399</strong><br />(-26 for losing)\n|raw|globalfish39's rating: 1314 &rarr; <strong>1340</strong><br />(+26 for winning)\n|l|\u2606plantscience\n|player|p1|\n|l| theodis\n","uploadtime":1772461626,"views":12,"formatid":"gen9vgc2026regi","rating":1340,"private":0,"password":null}