{"id":"gen9vgc2026regi-2565262409","format":"[Gen 9] VGC 2026 Reg I","players":["htotoT","Billlmads"],"log":"|j|\u2606htotoT\n|j|\u2606Billlmads\n|t:|1774253810\n|gametype|doubles\n|player|p1|htotoT|102|1438\n|player|p2|Billlmads|red|1615\n|gen|9\n|tier|[Gen 9] VGC 2026 Reg I\n|rated|\n|rule|Species Clause: Limit one of each Pok\u00e9mon\n|rule|Item Clause: Limit 1 of each item\n|clearpoke\n|poke|p1|Grimmsnarl, L50, M|\n|poke|p1|Terapagos, L50, M|\n|poke|p1|Raichu, L50, M|\n|poke|p1|Ogerpon-Wellspring, L50, F|\n|poke|p1|Amoonguss, L50, F|\n|poke|p1|Kyogre, L50|\n|poke|p2|Calyrex-Ice, L50|\n|poke|p2|Miraidon, L50|\n|poke|p2|Volcarona, L50, F|\n|poke|p2|Grimmsnarl, L50, M|\n|poke|p2|Incineroar, L50, M|\n|poke|p2|Ditto, L50|\n|teampreview|4\n|inactive|Battle timer is ON: inactive players will automatically lose when time's up. (requested by htotoT)\n|\n|t:|1774253832\n|teamsize|p1|4\n|teamsize|p2|4\n|start\n|switch|p1a: Terapagos|Terapagos, L50, M|100/100\n|switch|p1b: Grimmsnarl|Grimmsnarl, L50, M|100/100\n|switch|p2a: Calyrex|Calyrex-Ice, L50|100/100\n|switch|p2b: Grimmsnarl|Grimmsnarl, L50, M, shiny|100/100\n|-activate|p1a: Terapagos|ability: Tera Shift\n|detailschange|p1a: Terapagos|Terapagos-Terastal, L50, M\n|-heal|p1a: Terapagos|100/100|[silent]\n|-ability|p2a: Calyrex|As One\n|-ability|p2a: Calyrex|Unnerve\n|turn|1\n|\n|t:|1774253844\n|move|p2b: Grimmsnarl|Thunder Wave|p1a: Terapagos\n|-status|p1a: Terapagos|par\n|move|p1b: Grimmsnarl|Foul Play|p2a: Calyrex\n|-supereffective|p2a: Calyrex\n|-damage|p2a: Calyrex|43/100\n|move|p2a: Calyrex|Leech Seed|p1a: Terapagos|[miss]\n|-miss|p2a: Calyrex|p1a: Terapagos\n|move|p1a: Terapagos|Tera Starstorm|p2a: Calyrex\n|-damage|p2a: Calyrex|11/100\n|\n|-heal|p2a: Calyrex|16/100|[from] item: Leftovers\n|upkeep\n|turn|2\n|\n|t:|1774253864\n|move|p2a: Calyrex|Protect|p2a: Calyrex\n|-singleturn|p2a: Calyrex|Protect\n|move|p2b: Grimmsnarl|Spirit Break|p1b: Grimmsnarl\n|-supereffective|p1b: Grimmsnarl\n|-damage|p1b: Grimmsnarl|47/100\n|-unboost|p1b: Grimmsnarl|spa|1\n|move|p1b: Grimmsnarl|Foul Play|p2a: Calyrex\n|-activate|p2a: Calyrex|move: Protect\n|cant|p1a: Terapagos|par\n|\n|-heal|p2a: Calyrex|22/100|[from] item: Leftovers\n|upkeep\n|turn|3\n|\n|t:|1774253885\n|move|p1b: Grimmsnarl|Reflect|p1b: Grimmsnarl\n|-sidestart|p1: htotoT|Reflect\n|move|p2b: Grimmsnarl|Spirit Break|p1b: Grimmsnarl\n|-supereffective|p1b: Grimmsnarl\n|-damage|p1b: Grimmsnarl|7/100\n|-unboost|p1b: Grimmsnarl|spa|1\n|move|p2a: Calyrex|Leech Seed|p1a: Terapagos\n|-start|p1a: Terapagos|move: Leech Seed\n|cant|p1a: Terapagos|par\n|\n|-heal|p2a: Calyrex|28/100|[from] item: Leftovers\n|-damage|p1a: Terapagos|88/100 par|[from] Leech Seed|[of] p2a: Calyrex\n|-heal|p2a: Calyrex|39/100|[silent]\n|upkeep\n|turn|4\n|\n|t:|1774253902\n|switch|p1a: Kyogre|Kyogre, L50|100/100\n|-weather|RainDance|[from] ability: Drizzle|[of] p1a: Kyogre\n|move|p2a: Calyrex|Protect|p2a: Calyrex\n|-singleturn|p2a: Calyrex|Protect\n|move|p1b: Grimmsnarl|Light Screen|p1b: Grimmsnarl\n|-sidestart|p1: htotoT|move: Light Screen\n|move|p2b: Grimmsnarl|Reflect|p2b: Grimmsnarl\n|-sidestart|p2: Billlmads|Reflect\n|\n|-weather|RainDance|[upkeep]\n|-heal|p2a: Calyrex|45/100|[from] item: Leftovers\n|upkeep\n|turn|5\n|\n|t:|1774253925\n|switch|p1b: Raichu|Raichu, L50, M|100/100\n|switch|p2a: Miraidon|Miraidon, L50|100/100\n|-fieldstart|move: Electric Terrain|[from] ability: Hadron Engine|[of] p2a: Miraidon\n|move|p2b: Grimmsnarl|Light Screen|p2b: Grimmsnarl\n|-sidestart|p2: Billlmads|move: Light Screen\n|move|p1a: Kyogre|Water Spout|p2a: Miraidon|[spread] p2a,p2b\n|-resisted|p2a: Miraidon\n|-damage|p2a: Miraidon|83/100\n|-damage|p2b: Grimmsnarl|41/100\n|\n|-weather|RainDance|[upkeep]\n|upkeep\n|turn|6\n|\n|t:|1774253941\n|switch|p2b: Ditto|Ditto, L50|100/100\n|-transform|p2b: Ditto|p1a: Kyogre|[from] ability: Imposter\n|move|p1b: Raichu|Fake Out|p2a: Miraidon\n|-damage|p2a: Miraidon|78/100\n|move|p1a: Kyogre|Water Spout|p2b: Ditto|[spread] p2a,p2b\n|-resisted|p2a: Miraidon\n|-resisted|p2b: Ditto\n|-damage|p2a: Miraidon|61/100\n|-damage|p2b: Ditto|74/100\n|cant|p2a: Miraidon|flinch\n|\n|-weather|RainDance|[upkeep]\n|upkeep\n|turn|7\n|\n|t:|1774253961\n|switch|p1a: Grimmsnarl|Grimmsnarl, L50, M|7/100\n|move|p2a: Miraidon|Snarl|p1a: Grimmsnarl|[spread] p1a,p1b\n|-resisted|p1a: Grimmsnarl\n|-crit|p1a: Grimmsnarl\n|-damage|p1a: Grimmsnarl|1/100\n|-damage|p1b: Raichu|88/100\n|-unboost|p1a: Grimmsnarl|spa|1\n|-unboost|p1b: Raichu|spa|1\n|move|p1b: Raichu|Nuzzle|p2b: Ditto\n|-supereffective|p2b: Ditto\n|-damage|p2b: Ditto|61/100\n|-status|p2b: Ditto|par\n|move|p2b: Ditto|Origin Pulse|p1b: Raichu|[spread] p1a,p1b\n|-damage|p1a: Grimmsnarl|0 fnt\n|-damage|p1b: Raichu|40/100\n|faint|p1a: Grimmsnarl\n|\n|-weather|RainDance|[upkeep]\n|upkeep\n|\n|t:|1774253977\n|switch|p1a: Kyogre|Kyogre, L50|100/100\n|turn|8\n|\n|t:|1774253987\n|-terastallize|p1a: Kyogre|Ground\n|move|p1a: Kyogre|Tera Blast|p2a: Miraidon|[anim] Tera Blast Ground\n|-supereffective|p2a: Miraidon\n|-damage|p2a: Miraidon|27/100\n|move|p2a: Miraidon|Snarl|p1a: Kyogre|[spread] p1a,p1b\n|-damage|p1a: Kyogre|90/100\n|-damage|p1b: Raichu|26/100\n|-unboost|p1a: Kyogre|spa|1\n|-unboost|p1b: Raichu|spa|1\n|move|p1b: Raichu|Volt Switch|p2b: Ditto\n|-supereffective|p2b: Ditto\n|-damage|p2b: Ditto|42/100 par\n|\n|t:|1774253994\n|switch|p1b: Terapagos|Terapagos-Terastal, L50, M|88/100 par|[from] Volt Switch\n|move|p2b: Ditto|Origin Pulse|p1a: Kyogre|[spread] p1a,p1b\n|-supereffective|p1a: Kyogre\n|-damage|p1a: Kyogre|11/100\n|-damage|p1b: Terapagos|53/100 par\n|\n|-weather|none\n|-heal|p1b: Terapagos|59/100 par|[from] item: Leftovers\n|upkeep\n|turn|9\n|inactive|htotoT has 30 seconds left.\n|\n|t:|1774254024\n|move|p1a: Kyogre|Tera Blast|p2a: Miraidon|[anim] Tera Blast Ground\n|-supereffective|p2a: Miraidon\n|-damage|p2a: Miraidon|5/100\n|move|p2a: Miraidon|Draco Meteor|p1b: Terapagos\n|-damage|p1b: Terapagos|12/100 par\n|-unboost|p2a: Miraidon|spa|2\n|cant|p2b: Ditto|par\n|move|p1b: Terapagos|Tera Starstorm|p2b: Ditto\n|-damage|p2b: Ditto|13/100 par\n|\n|-heal|p1b: Terapagos|18/100 par|[from] item: Leftovers\n|-fieldend|move: Electric Terrain\n|upkeep\n|turn|10\n|inactive|htotoT has 30 seconds left.\n|\n|t:|1774254051\n|switch|p2a: Grimmsnarl|Grimmsnarl, L50, M, shiny|41/100\n|move|p1a: Kyogre|Tera Blast|p2b: Ditto|[anim] Tera Blast Ground\n|-damage|p2b: Ditto|0 fnt\n|faint|p2b: Ditto\n|move|p1b: Terapagos|Earth Power|p2a: Grimmsnarl\n|-damage|p2a: Grimmsnarl|21/100\n|\n|-heal|p1b: Terapagos|24/100 par|[from] item: Leftovers\n|-sideend|p1: htotoT|Reflect\n|upkeep\n|\n|t:|1774254057\n|switch|p2b: Calyrex|Calyrex-Ice, L50|45/100\n|-ability|p2b: Calyrex|As One\n|-ability|p2b: Calyrex|Unnerve\n|turn|11\n|inactive|htotoT has 30 seconds left.\n|\n|t:|1774254083\n|switch|p1a: Raichu|Raichu, L50, M|26/100\n|move|p2a: Grimmsnarl|Spirit Break|p1b: Terapagos\n|-damage|p1b: Terapagos|1/100 par\n|-unboost|p1b: Terapagos|spa|1\n|move|p2b: Calyrex|Glacial Lance|p1b: Terapagos|[spread] p1a,p1b\n|-damage|p1a: Raichu|0 fnt\n|-damage|p1b: Terapagos|0 fnt\n|faint|p1a: Raichu\n|faint|p1b: Terapagos\n|-ability|p2b: Calyrex|Chilling Neigh|boost\n|-boost|p2b: Calyrex|atk|2\n|\n|-heal|p2b: Calyrex|51/100|[from] item: Leftovers\n|-sideend|p2: Billlmads|Reflect\n|-sideend|p1: htotoT|move: Light Screen\n|upkeep\n|\n|t:|1774254093\n|switch|p1b: Kyogre|Kyogre, L50, tera:Ground|11/100\n|-weather|RainDance|[from] ability: Drizzle|[of] p1b: Kyogre\n|turn|12\n|\n|t:|1774254116\n|switch|p2a: Miraidon|Miraidon, L50|5/100\n|-fieldstart|move: Electric Terrain|[from] ability: Hadron Engine|[of] p2a: Miraidon\n|move|p2b: Calyrex|Protect|p2b: Calyrex\n|-singleturn|p2b: Calyrex|Protect\n|move|p1b: Kyogre|Origin Pulse|p2b: Calyrex|[spread] p2a\n|-activate|p2b: Calyrex|move: Protect\n|-resisted|p2a: Miraidon\n|-damage|p2a: Miraidon|0 fnt\n|faint|p2a: Miraidon\n|\n|-weather|RainDance|[upkeep]\n|-heal|p2b: Calyrex|57/100|[from] item: Leftovers\n|-sideend|p2: Billlmads|move: Light Screen\n|upkeep\n|\n|t:|1774254118\n|switch|p2a: Grimmsnarl|Grimmsnarl, L50, M, shiny|21/100\n|turn|13\n|\n|t:|1774254124\n|-terastallize|p2b: Calyrex|Fairy\n|move|p2a: Grimmsnarl|Light Screen|p2a: Grimmsnarl\n|-sidestart|p2: Billlmads|move: Light Screen\n|move|p1b: Kyogre|Origin Pulse|p2b: Calyrex|[spread] p2a,p2b\n|-crit|p2b: Calyrex\n|-damage|p2a: Grimmsnarl|0 fnt\n|-damage|p2b: Calyrex|0 fnt\n|faint|p2a: Grimmsnarl\n|faint|p2b: Calyrex\n|\n|win|htotoT\n|raw|htotoT's rating: 1438 &rarr; <strong>1467</strong><br />(+29 for winning)\n|raw|Billlmads's rating: 1615 &rarr; <strong>1586</strong><br />(-29 for losing)\n|l|\u2606htotoT\n|player|p1|\n","uploadtime":1774254315,"views":14,"formatid":"gen9vgc2026regi","rating":1467,"private":0,"password":null}