{"id":"gen9vgc2026regi-2567865025","format":"[Gen 9] VGC 2026 Reg I","players":["narphase","Sunny_zong1"],"log":"|j|\u2606narphase\n|j|\u2606Sunny_zong1\n|t:|1774528713\n|gametype|doubles\n|player|p1|narphase|volkner|1271\n|player|p2|Sunny_zong1|266|1393\n|gen|9\n|tier|[Gen 9] VGC 2026 Reg I\n|rated|\n|rule|Species Clause: Limit one of each Pok\u00e9mon\n|rule|Item Clause: Limit 1 of each item\n|clearpoke\n|poke|p1|Miraidon, L50|\n|poke|p1|Calyrex-Ice, L50|\n|poke|p1|Iron Hands, L50|\n|poke|p1|Farigiraf, L50, M|\n|poke|p1|Raichu-Alola, L50, M|\n|poke|p1|Iron Treads, L50|\n|poke|p2|Glimmora, L50, F|\n|poke|p2|Eternatus, L50|\n|poke|p2|Miraidon, L50|\n|poke|p2|Urshifu-*, L50, F|\n|poke|p2|Grimmsnarl, L50, M|\n|poke|p2|Smeargle, L50, F|\n|teampreview|4\n|inactive|Battle timer is ON: inactive players will automatically lose when time's up. (requested by Sunny_zong1)\n|\n|t:|1774528738\n|teamsize|p1|4\n|teamsize|p2|4\n|start\n|switch|p1a: Miraidon|Miraidon, L50|100/100\n|switch|p1b: Raichu|Raichu-Alola, L50, M|100/100\n|switch|p2a: Smeargle|Smeargle, L50, F|100/100\n|switch|p2b: Grimmsnarl|Grimmsnarl, L50, M|100/100\n|-fieldstart|move: Electric Terrain|[from] ability: Hadron Engine|[of] p1a: Miraidon\n|turn|1\n|\n|t:|1774528759\n|move|p1b: Raichu|Fake Out|p2a: Smeargle\n|-damage|p2a: Smeargle|76/100\n|cant|p2a: Smeargle|flinch\n|move|p2b: Grimmsnarl|Light Screen|p2b: Grimmsnarl\n|-sidestart|p2: Sunny_zong1|move: Light Screen\n|move|p1a: Miraidon|Electro Drift|p2b: Grimmsnarl\n|-damage|p2b: Grimmsnarl|43/100\n|-damage|p1a: Miraidon|91/100|[from] item: Life Orb\n|\n|-ability|p2a: Smeargle|Moody|boost\n|-boost|p2a: Smeargle|def|2\n|-unboost|p2a: Smeargle|atk|1\n|upkeep\n|turn|2\n|\n|t:|1774528782\n|move|p2b: Grimmsnarl|Reflect|p2b: Grimmsnarl\n|-sidestart|p2: Sunny_zong1|Reflect\n|move|p1b: Raichu|Encore|p2b: Grimmsnarl\n|-start|p2b: Grimmsnarl|Encore\n|move|p1a: Miraidon|Electro Drift|p2a: Smeargle\n|-damage|p2a: Smeargle|0 fnt\n|faint|p2a: Smeargle\n|-damage|p1a: Miraidon|81/100|[from] item: Life Orb\n|\n|upkeep\n|\n|t:|1774528790\n|switch|p2a: Eternatus|Eternatus, L50|100/100\n|-ability|p2a: Eternatus|Pressure\n|turn|3\n|\n|t:|1774528803\n|switch|p2b: Miraidon|Miraidon, L50|100/100\n|-activate|p2b: Miraidon|ability: Hadron Engine\n|move|p1b: Raichu|Nuzzle|p2a: Eternatus\n|-resisted|p2a: Eternatus\n|-damage|p2a: Eternatus|98/100\n|-status|p2a: Eternatus|par\n|move|p1a: Miraidon|Volt Switch|p2b: Miraidon\n|-resisted|p2b: Miraidon\n|-damage|p2b: Miraidon|87/100\n|-damage|p1a: Miraidon|72/100|[from] item: Life Orb\n|\n|t:|1774528815\n|switch|p1a: Calyrex|Calyrex-Ice, L50|100/100|[from] Volt Switch\n|-ability|p1a: Calyrex|As One\n|-ability|p1a: Calyrex|Unnerve\n|move|p2a: Eternatus|Cosmic Power|p2a: Eternatus\n|-boost|p2a: Eternatus|def|1\n|-boost|p2a: Eternatus|spd|1\n|\n|-heal|p2a: Eternatus|100/100 par|[from] item: Leftovers\n|upkeep\n|turn|4\n|inactive|narphase has 30 seconds left.\n|\n|t:|1774528842\n|move|p1b: Raichu|Eerie Impulse|p2b: Miraidon\n|-unboost|p2b: Miraidon|spa|2\n|move|p2b: Miraidon|Snarl|p1b: Raichu|[spread] p1a,p1b\n|-supereffective|p1a: Calyrex\n|-supereffective|p1b: Raichu\n|-damage|p1a: Calyrex|80/100\n|-damage|p1b: Raichu|66/100\n|-unboost|p1b: Raichu|spa|1\n|move|p2a: Eternatus|Cosmic Power|p2a: Eternatus\n|-boost|p2a: Eternatus|def|1\n|-boost|p2a: Eternatus|spd|1\n|move|p1a: Calyrex|Glacial Lance|p2b: Miraidon|[spread] p2a,p2b\n|-supereffective|p2a: Eternatus\n|-supereffective|p2b: Miraidon\n|-damage|p2a: Eternatus|75/100 par\n|-damage|p2b: Miraidon|5/100\n|\n|-heal|p2a: Eternatus|81/100 par|[from] item: Leftovers\n|upkeep\n|turn|5\n|\n|t:|1774528860\n|switch|p2b: Grimmsnarl|Grimmsnarl, L50, M|43/100\n|move|p1b: Raichu|Encore|p2a: Eternatus\n|-start|p2a: Eternatus|Encore\n|move|p2a: Eternatus|Cosmic Power|p2a: Eternatus\n|-boost|p2a: Eternatus|def|1\n|-boost|p2a: Eternatus|spd|1\n|move|p1a: Calyrex|Glacial Lance|p2a: Eternatus|[spread] p2a,p2b\n|-supereffective|p2a: Eternatus\n|-damage|p2a: Eternatus|58/100 par\n|-damage|p2b: Grimmsnarl|0 fnt\n|faint|p2b: Grimmsnarl\n|-ability|p1a: Calyrex|Chilling Neigh|boost\n|-boost|p1a: Calyrex|atk|1\n|\n|-heal|p2a: Eternatus|64/100 par|[from] item: Leftovers\n|-fieldend|move: Electric Terrain\n|upkeep\n|\n|t:|1774528862\n|switch|p2b: Miraidon|Miraidon, L50|5/100\n|-fieldstart|move: Electric Terrain|[from] ability: Hadron Engine|[of] p2b: Miraidon\n|turn|6\n|\n|t:|1774528882\n|-terastallize|p2b: Miraidon|Fairy\n|move|p1b: Raichu|Eerie Impulse|p2b: Miraidon\n|-unboost|p2b: Miraidon|spa|2\n|move|p2b: Miraidon|Dazzling Gleam|p1b: Raichu|[spread] p1a,p1b\n|-damage|p1a: Calyrex|61/100\n|-damage|p1b: Raichu|28/100\n|move|p2a: Eternatus|Cosmic Power|p2a: Eternatus\n|-boost|p2a: Eternatus|def|1\n|-boost|p2a: Eternatus|spd|1\n|move|p1a: Calyrex|Glacial Lance|p2b: Miraidon|[spread] p2a,p2b\n|-supereffective|p2a: Eternatus\n|-damage|p2a: Eternatus|40/100 par\n|-damage|p2b: Miraidon|0 fnt\n|faint|p2b: Miraidon\n|-ability|p1a: Calyrex|Chilling Neigh|boost\n|-boost|p1a: Calyrex|atk|1\n|\n|-heal|p2a: Eternatus|46/100 par|[from] item: Leftovers\n|upkeep\n|turn|7\n|\n|t:|1774528905\n|move|p1b: Raichu|Eerie Impulse|p2a: Eternatus\n|-unboost|p2a: Eternatus|spa|2\n|cant|p2a: Eternatus|par\n|move|p1a: Calyrex|Glacial Lance|p2a: Eternatus\n|-supereffective|p2a: Eternatus\n|-damage|p2a: Eternatus|0 fnt\n|faint|p2a: Eternatus\n|\n|win|narphase\n|raw|narphase's rating: 1271 &rarr; <strong>1304</strong><br />(+33 for winning)\n|raw|Sunny_zong1's rating: 1393 &rarr; <strong>1366</strong><br />(-27 for losing)\n|l|\u2606Sunny_zong1\n|player|p2|\n|l|\u2606narphase\n|player|p1|\n","uploadtime":1774529153,"views":10,"formatid":"gen9vgc2026regi","rating":1304,"private":0,"password":null}