{"id":"gen9vgc2026regi-2566903552","format":"[Gen 9] VGC 2026 Reg I","players":["O Cho Taku","Sunny_zong1"],"log":"|j|\u2606O Cho Taku\n|j|\u2606Sunny_zong1\n|t:|1774427376\n|gametype|doubles\n|player|p1|O Cho Taku|gambler|1324\n|player|p2|Sunny_zong1|1|1305\n|gen|9\n|tier|[Gen 9] VGC 2026 Reg I\n|rated|\n|rule|Species Clause: Limit one of each Pok\u00e9mon\n|rule|Item Clause: Limit 1 of each item\n|clearpoke\n|poke|p1|Ho-Oh, L50|\n|poke|p1|Miraidon, L50|\n|poke|p1|Iron Hands, L50|\n|poke|p1|Farigiraf, L50, M|\n|poke|p1|Iron Bundle, L50|\n|poke|p1|Ditto, L50|\n|poke|p2|Glimmora, L50, M|\n|poke|p2|Eternatus, L50|\n|poke|p2|Miraidon, L50|\n|poke|p2|Chi-Yu, L50|\n|poke|p2|Landorus, L50, M|\n|poke|p2|Grimmsnarl, L50, M|\n|teampreview|4\n|inactive|Battle timer is ON: inactive players will automatically lose when time's up. (requested by Sunny_zong1)\n|\n|t:|1774427401\n|teamsize|p1|4\n|teamsize|p2|4\n|start\n|switch|p1a: Miraidon|Miraidon, L50|100/100\n|switch|p1b: Iron Bundle|Iron Bundle, L50|100/100\n|switch|p2a: Grimmsnarl|Grimmsnarl, L50, M|100/100\n|switch|p2b: Glimmora|Glimmora, L50, M|100/100\n|-fieldstart|move: Electric Terrain|[from] ability: Hadron Engine|[of] p1a: Miraidon\n|-activate|p1b: Iron Bundle|ability: Quark Drive\n|-start|p1b: Iron Bundle|quarkdrivespe\n|turn|1\n|\n|t:|1774427416\n|move|p2a: Grimmsnarl|Fake Out|p1a: Miraidon\n|-damage|p1a: Miraidon|92/100\n|move|p1b: Iron Bundle|Encore|p2a: Grimmsnarl\n|-start|p2a: Grimmsnarl|Encore\n|cant|p1a: Miraidon|flinch\n|move|p2b: Glimmora|Mortal Spin|p1b: Iron Bundle|[spread] p1a,p1b\n|-damage|p1a: Miraidon|87/100\n|-damage|p1b: Iron Bundle|94/100\n|-status|p1a: Miraidon|psn\n|-status|p1b: Iron Bundle|psn\n|\n|-damage|p1b: Iron Bundle|81/100 psn|[from] psn\n|-damage|p1a: Miraidon|75/100 psn|[from] psn\n|upkeep\n|turn|2\n|inactive|Sunny_zong1 has 30 seconds left.\n|\n|t:|1774427447\n|switch|p2a: Miraidon|Miraidon, L50|100/100\n|-activate|p2a: Miraidon|ability: Hadron Engine\n|move|p2b: Glimmora|Spiky Shield|p2b: Glimmora\n|-singleturn|p2b: Glimmora|move: Protect\n|move|p1b: Iron Bundle|Icy Wind|p2b: Glimmora|[spread] p2a\n|-activate|p2b: Glimmora|move: Protect\n|-supereffective|p2a: Miraidon\n|-damage|p2a: Miraidon|58/100\n|-unboost|p2a: Miraidon|spe|1\n|move|p1a: Miraidon|Electro Drift|p2b: Glimmora\n|-activate|p2b: Glimmora|move: Protect\n|-damage|p1a: Miraidon|62/100 psn|[from] Spiky Shield|[of] p2b: Glimmora\n|\n|-damage|p1b: Iron Bundle|69/100 psn|[from] psn\n|-damage|p1a: Miraidon|50/100 psn|[from] psn\n|upkeep\n|turn|3\n|\n|t:|1774427461\n|switch|p2b: Grimmsnarl|Grimmsnarl, L50, M|100/100\n|move|p1b: Iron Bundle|Freeze-Dry|p2a: Miraidon\n|-supereffective|p2a: Miraidon\n|-damage|p2a: Miraidon|0 fnt\n|faint|p2a: Miraidon\n|move|p1a: Miraidon|Electro Drift|p2b: Grimmsnarl\n|-damage|p2b: Grimmsnarl|0 fnt\n|faint|p2b: Grimmsnarl\n|-damage|p1a: Miraidon|40/100 psn|[from] item: Life Orb\n|\n|-damage|p1b: Iron Bundle|57/100 psn|[from] psn\n|-damage|p1a: Miraidon|27/100 psn|[from] psn\n|upkeep\n|\n|t:|1774427465\n|switch|p2a: Glimmora|Glimmora, L50, M|100/100\n|switch|p2b: Eternatus|Eternatus, L50|100/100\n|-ability|p2b: Eternatus|Pressure\n|turn|4\n|\n|t:|1774427485\n|move|p1b: Iron Bundle|Freeze-Dry|p2b: Eternatus\n|-supereffective|p2b: Eternatus\n|-damage|p2b: Eternatus|56/100\n|move|p1a: Miraidon|Volt Switch|p2b: Eternatus\n|-resisted|p2b: Eternatus\n|-damage|p2b: Eternatus|23/100\n|-damage|p1a: Miraidon|17/100 psn|[from] item: Life Orb\n|\n|t:|1774427493\n|switch|p1a: Ho-Oh|Ho-Oh, L50|100/100|[from] Volt Switch\n|move|p2b: Eternatus|Sludge Bomb|p1b: Iron Bundle\n|-damage|p1b: Iron Bundle|0 fnt\n|faint|p1b: Iron Bundle\n|-end|p1b: Iron Bundle|Quark Drive|[silent]\n|move|p2a: Glimmora|Sludge Bomb|p1a: Ho-Oh\n|-damage|p1a: Ho-Oh|74/100\n|\n|-heal|p2b: Eternatus|29/100|[from] item: Leftovers\n|upkeep\n|\n|t:|1774427509\n|switch|p1b: Miraidon|Miraidon, L50|17/100 psn\n|-activate|p1b: Miraidon|ability: Hadron Engine\n|turn|5\n|\n|t:|1774427522\n|switch|p1a: Ditto|Ditto, L50, shiny|100/100\n|-transform|p1a: Ditto|p2b: Eternatus|[from] ability: Imposter\n|-ability|p1a: Ditto|Pressure\n|move|p2a: Glimmora|Spiky Shield|p2a: Glimmora\n|-singleturn|p2a: Glimmora|move: Protect\n|move|p2b: Eternatus|Protect|p2b: Eternatus\n|-singleturn|p2b: Eternatus|Protect\n|move|p1b: Miraidon|Dazzling Gleam|p2b: Eternatus|[spread] \n|-activate|p2a: Glimmora|move: Protect\n|-activate|p2b: Eternatus|move: Protect\n|\n|-heal|p2b: Eternatus|35/100|[from] item: Leftovers\n|-damage|p1b: Miraidon|5/100 psn|[from] psn\n|-fieldend|move: Electric Terrain\n|upkeep\n|turn|6\n|inactive|O Cho Taku has 30 seconds left.\n|\n|t:|1774427551\n|move|p1b: Miraidon|Dazzling Gleam|p2b: Eternatus|[spread] p2a,p2b\n|-resisted|p2a: Glimmora\n|-damage|p2a: Glimmora|79/100\n|-damage|p2b: Eternatus|14/100\n|-damage|p1b: Miraidon|0 fnt|[from] item: Life Orb\n|faint|p1b: Miraidon\n|move|p2a: Glimmora|Spikes|p1a: Ditto\n|-sidestart|p1: O Cho Taku|Spikes\n|move|p2b: Eternatus|Recover|p2b: Eternatus\n|-heal|p2b: Eternatus|64/100\n|move|p1a: Ditto|Cosmic Power|p1a: Ditto\n|-boost|p1a: Ditto|def|1\n|-boost|p1a: Ditto|spd|1\n|\n|-heal|p2b: Eternatus|71/100|[from] item: Leftovers\n|upkeep\n|\n|t:|1774427560\n|switch|p1b: Ho-Oh|Ho-Oh, L50|100/100\n|turn|7\n|\n|t:|1774427570\n|move|p2b: Eternatus|Cosmic Power|p2b: Eternatus\n|-boost|p2b: Eternatus|def|1\n|-boost|p2b: Eternatus|spd|1\n|move|p2a: Glimmora|Mortal Spin|p1b: Ho-Oh|[spread] p1a,p1b\n|-resisted|p1a: Ditto\n|-damage|p1a: Ditto|99/100\n|-damage|p1b: Ho-Oh|96/100\n|move|p1a: Ditto|Sludge Bomb|p2b: Eternatus\n|-resisted|p2b: Eternatus\n|-crit|p2b: Eternatus\n|-damage|p2b: Eternatus|47/100\n|move|p1b: Ho-Oh|Brave Bird|p2b: Eternatus\n|-damage|p2b: Eternatus|23/100\n|-damage|p1b: Ho-Oh|87/100|[from] Recoil\n|\n|-heal|p2b: Eternatus|29/100|[from] item: Leftovers\n|upkeep\n|turn|8\n|\n|t:|1774427583\n|move|p2b: Eternatus|Protect|p2b: Eternatus\n|-singleturn|p2b: Eternatus|Protect\n|move|p1a: Ditto|Cosmic Power|p1a: Ditto\n|-boost|p1a: Ditto|def|1\n|-boost|p1a: Ditto|spd|1\n|move|p2a: Glimmora|Sludge Bomb|p1b: Ho-Oh\n|-damage|p1b: Ho-Oh|58/100\n|move|p1b: Ho-Oh|Tailwind|p1b: Ho-Oh\n|-sidestart|p1: O Cho Taku|move: Tailwind\n|\n|-heal|p2b: Eternatus|35/100|[from] item: Leftovers\n|upkeep\n|turn|9\n|\n|t:|1774427596\n|move|p1a: Ditto|Cosmic Power|p1a: Ditto\n|-boost|p1a: Ditto|def|1\n|-boost|p1a: Ditto|spd|1\n|move|p1b: Ho-Oh|Brave Bird|p2b: Eternatus\n|-damage|p2b: Eternatus|9/100\n|-damage|p1b: Ho-Oh|48/100|[from] Recoil\n|move|p2a: Glimmora|Sludge Bomb|p1b: Ho-Oh\n|-damage|p1b: Ho-Oh|21/100\n|move|p2b: Eternatus|Recover|p2b: Eternatus\n|-heal|p2b: Eternatus|60/100\n|\n|-heal|p2b: Eternatus|66/100|[from] item: Leftovers\n|upkeep\n|turn|10\n|\n|t:|1774427612\n|move|p1a: Ditto|Sludge Bomb|p2b: Eternatus\n|-resisted|p2b: Eternatus\n|-damage|p2b: Eternatus|55/100\n|move|p1b: Ho-Oh|Brave Bird|p2b: Eternatus\n|-damage|p2b: Eternatus|30/100\n|-damage|p1b: Ho-Oh|11/100|[from] Recoil\n|move|p2b: Eternatus|Cosmic Power|p2b: Eternatus\n|-boost|p2b: Eternatus|def|1\n|-boost|p2b: Eternatus|spd|1\n|move|p2a: Glimmora|Sludge Bomb|p1b: Ho-Oh\n|-damage|p1b: Ho-Oh|0 fnt\n|faint|p1b: Ho-Oh\n|\n|-heal|p2b: Eternatus|37/100|[from] item: Leftovers\n|upkeep\n|turn|11\n|-message|O Cho Taku forfeited.\n|\n|win|Sunny_zong1\n|raw|O Cho Taku's rating: 1324 &rarr; <strong>1303</strong><br />(-21 for losing)\n|raw|Sunny_zong1's rating: 1305 &rarr; <strong>1326</strong><br />(+21 for winning)\n|l|\u2606O Cho Taku\n|player|p1|\n|l|\u2606Sunny_zong1\n|player|p2|\n","uploadtime":1774427814,"views":17,"formatid":"gen9vgc2026regi","rating":1303,"private":0,"password":null}