{"id":"gen9vgc2026regi-2541823273","format":"[Gen 9] VGC 2026 Reg I","players":["dogpeg","kojimuranishi"],"log":"|j|\u2606dogpeg\n|j|\u2606kojimuranishi\n|t:|1771373327\n|gametype|doubles\n|player|p1|dogpeg|101|1459\n|player|p2|kojimuranishi|265|1438\n|gen|9\n|tier|[Gen 9] VGC 2026 Reg I\n|rated|\n|rule|Species Clause: Limit one of each Pok\u00e9mon\n|rule|Item Clause: Limit 1 of each item\n|clearpoke\n|poke|p1|Miraidon, L50|\n|poke|p1|Lunala, L50|\n|poke|p1|Incineroar, L50, M|\n|poke|p1|Ursaluna, L50, M|\n|poke|p1|Whimsicott, L50, F|\n|poke|p1|Urshifu-*, L50, M|\n|poke|p2|Calyrex-Ice, L50|\n|poke|p2|Indeedee-F, L50, F|\n|poke|p2|Kyogre, L50|\n|poke|p2|Pincurchin, L50, F|\n|poke|p2|Iron Jugulis, L50|\n|poke|p2|Urshifu-*, L50, F|\n|teampreview|4\n|inactive|Battle timer is ON: inactive players will automatically lose when time's up. (requested by kojimuranishi)\n|inactive|kojimuranishi has 60 seconds left.\n|\n|t:|1771373369\n|teamsize|p1|4\n|teamsize|p2|4\n|start\n|switch|p1a: Miraidon|Miraidon, L50|100/100\n|switch|p1b: Lunala|Lunala, L50|100/100\n|switch|p2a: Pincurchin|Pincurchin, L50, F|100/100\n|switch|p2b: Kyogre|Kyogre, L50|100/100\n|-fieldstart|move: Electric Terrain|[from] ability: Hadron Engine|[of] p1a: Miraidon\n|-enditem|p1b: Lunala|Electric Seed\n|-boost|p1b: Lunala|def|1|[from] item: Electric Seed\n|-weather|RainDance|[from] ability: Drizzle|[of] p2b: Kyogre\n|turn|1\n|inactive|dogpeg has 30 seconds left.\n|inactive|kojimuranishi has 30 seconds left.\n|\n|t:|1771373403\n|-terastallize|p2b: Kyogre|Fairy\n|move|p2a: Pincurchin|Protect|p2a: Pincurchin\n|-singleturn|p2a: Pincurchin|Protect\n|move|p1a: Miraidon|Draco Meteor|p2b: Kyogre\n|-immune|p2b: Kyogre\n|move|p2b: Kyogre|Water Spout|p1b: Lunala|[spread] p1a,p1b\n|-resisted|p1a: Miraidon\n|-damage|p1a: Miraidon|41/100\n|-damage|p1b: Lunala|55/100\n|move|p1b: Lunala|Trick Room|p1b: Lunala\n|-fieldstart|move: Trick Room|[of] p1b: Lunala\n|\n|-weather|RainDance|[upkeep]\n|upkeep\n|turn|2\n|inactive|kojimuranishi has 30 seconds left.\n|inactive|kojimuranishi has 20 seconds left.\n|\n|t:|1771373439\n|switch|p1a: Ursaluna|Ursaluna, L50, M|100/100\n|move|p1b: Lunala|Wide Guard|p1b: Lunala\n|-singleturn|p1b: Lunala|Wide Guard\n|move|p2a: Pincurchin|Throat Chop|p1b: Lunala\n|-supereffective|p1b: Lunala\n|-damage|p1b: Lunala|0 fnt\n|faint|p1b: Lunala\n|-damage|p2a: Pincurchin|91/100|[from] item: Life Orb\n|move|p2b: Kyogre|Water Spout|p1a: Ursaluna\n|-activate|p1a: Ursaluna|move: Wide Guard\n|\n|-weather|RainDance|[upkeep]\n|-status|p1a: Ursaluna|brn|[from] item: Flame Orb\n|upkeep\n|\n|t:|1771373447\n|switch|p1b: Incineroar|Incineroar, L50, M|100/100\n|-ability|p1b: Incineroar|Intimidate|boost\n|-unboost|p2a: Pincurchin|atk|1\n|-unboost|p2b: Kyogre|atk|1\n|turn|3\n|inactive|kojimuranishi has 30 seconds left.\n|\n|t:|1771373482\n|move|p2b: Kyogre|Protect|p2b: Kyogre\n|-singleturn|p2b: Kyogre|Protect\n|move|p1b: Incineroar|Fake Out|p2b: Kyogre\n|-activate|p2b: Kyogre|move: Protect\n|move|p2a: Pincurchin|Throat Chop|p1a: Ursaluna\n|-damage|p1a: Ursaluna|85/100 brn\n|-start|p1a: Ursaluna|Throat Chop|[silent]\n|-damage|p2a: Pincurchin|81/100|[from] item: Life Orb\n|move|p1a: Ursaluna|Facade|p2a: Pincurchin\n|-damage|p2a: Pincurchin|0 fnt\n|faint|p2a: Pincurchin\n|\n|-weather|RainDance|[upkeep]\n|-damage|p1a: Ursaluna|79/100 brn|[from] brn\n|upkeep\n|\n|t:|1771373500\n|switch|p2a: Indeedee|Indeedee-F, L50, F|100/100\n|-fieldstart|move: Psychic Terrain|[from] ability: Psychic Surge|[of] p2a: Indeedee\n|turn|4\n|inactive|dogpeg has 30 seconds left.\n|\n|t:|1771373530\n|-terastallize|p1b: Incineroar|Bug\n|move|p2a: Indeedee|Follow Me|p2a: Indeedee\n|-singleturn|p2a: Indeedee|move: Follow Me\n|move|p1a: Ursaluna|Earthquake|p2b: Kyogre|[spread] p1b,p2a,p2b\n|-resisted|p1b: Incineroar\n|-damage|p1b: Incineroar|74/100\n|-damage|p2a: Indeedee|34/100\n|-damage|p2b: Kyogre|42/100\n|move|p1b: Incineroar|U-turn|p2a: Indeedee\n|-supereffective|p2a: Indeedee\n|-damage|p2a: Indeedee|0 fnt\n|faint|p2a: Indeedee\n|\n|t:|1771373542\n|switch|p1b: Miraidon|Miraidon, L50|41/100|[from] U-turn\n|-fieldstart|move: Electric Terrain|[from] ability: Hadron Engine|[of] p1b: Miraidon\n|move|p2b: Kyogre|Water Spout|p1b: Miraidon|[spread] p1a,p1b\n|-supereffective|p1a: Ursaluna\n|-resisted|p1b: Miraidon\n|-crit|p1b: Miraidon\n|-damage|p1a: Ursaluna|0 fnt\n|-damage|p1b: Miraidon|9/100\n|faint|p1a: Ursaluna\n|\n|-weather|RainDance|[upkeep]\n|upkeep\n|\n|t:|1771373554\n|switch|p1a: Incineroar|Incineroar, L50, M, tera:Bug|74/100\n|switch|p2a: Calyrex|Calyrex-Ice, L50|100/100\n|-ability|p2a: Calyrex|As One\n|-ability|p2a: Calyrex|Unnerve\n|-ability|p1a: Incineroar|Intimidate|boost\n|-unboost|p2a: Calyrex|atk|1\n|-unboost|p2b: Kyogre|atk|1\n|turn|5\n|\n|t:|1771373568\n|move|p1a: Incineroar|Fake Out|p2a: Calyrex\n|-damage|p2a: Calyrex|93/100\n|cant|p2a: Calyrex|flinch\n|move|p2b: Kyogre|Water Spout|p1a: Incineroar|[spread] p1a,p1b\n|-resisted|p1b: Miraidon\n|-damage|p1a: Incineroar|40/100\n|-damage|p1b: Miraidon|0 fnt\n|faint|p1b: Miraidon\n|\n|-weather|none\n|-fieldend|move: Trick Room\n|upkeep\n|turn|6\n|\n|t:|1771373581\n|move|p2b: Kyogre|Origin Pulse|p1a: Incineroar\n|-damage|p1a: Incineroar|0 fnt\n|faint|p1a: Incineroar\n|\n|win|kojimuranishi\n|raw|dogpeg's rating: 1459 &rarr; <strong>1438</strong><br />(-21 for losing)\n|raw|kojimuranishi's rating: 1438 &rarr; <strong>1459</strong><br />(+21 for winning)\n|l|\u2606kojimuranishi\n|player|p2|\n","uploadtime":1771373799,"views":24,"formatid":"gen9vgc2026regi","rating":1438,"private":0,"password":null}