{"id":"gen9vgc2026regi-2589255235","format":"[Gen 9] VGC 2026 Reg I","players":["ranbattorank1","JoeBro8"],"log":"|j|\u2606ranbattorank1\n|j|\u2606JoeBro8\n|t:|1776709691\n|gametype|doubles\n|player|p1|ranbattorank1|n|1517\n|player|p2|JoeBro8|n|1574\n|gen|9\n|tier|[Gen 9] VGC 2026 Reg I\n|rated|\n|rule|Species Clause: Limit one of each Pok\u00e9mon\n|rule|Item Clause: Limit 1 of each item\n|clearpoke\n|poke|p1|Smeargle, L50, F|\n|poke|p1|Calyrex-Ice, L50|\n|poke|p1|Lunala, L50|\n|poke|p1|Indeedee-F, L50, F|\n|poke|p1|Incineroar, L50, F|\n|poke|p1|Gastrodon, L50, F|\n|poke|p2|Miraidon, L50|\n|poke|p2|Whimsicott, L50, F|\n|poke|p2|Zamazenta-*, L50|\n|poke|p2|Chien-Pao, L50|\n|poke|p2|Volcarona, L50, F|\n|poke|p2|Iron Hands, L50|\n|teampreview|4\n|inactive|Battle timer is ON: inactive players will automatically lose when time's up. (requested by ranbattorank1)\n|inactive|ranbattorank1 has 60 seconds left.\n|\n|t:|1776709741\n|teamsize|p1|4\n|teamsize|p2|4\n|start\n|switch|p1a: Incineroar|Incineroar, L50, F|100/100\n|switch|p1b: Calyrex|Calyrex-Ice, L50|100/100\n|switch|p2a: Ace of Spades|Miraidon, L50|100/100\n|switch|p2b: Jack of Spades|Iron Hands, L50|100/100\n|-ability|p1b: Calyrex|As One\n|-ability|p1b: Calyrex|Unnerve\n|-fieldstart|move: Electric Terrain|[from] ability: Hadron Engine|[of] p2a: Ace of Spades\n|-activate|p2b: Jack of Spades|ability: Quark Drive\n|-start|p2b: Jack of Spades|quarkdriveatk\n|-ability|p1a: Incineroar|Intimidate|boost\n|-unboost|p2a: Ace of Spades|atk|1\n|-unboost|p2b: Jack of Spades|atk|1\n|turn|1\n|inactive|ranbattorank1 has 30 seconds left.\n|\n|t:|1776709768\n|switch|p2a: Queen of Diamonds|Volcarona, L50, F|100/100\n|-enditem|p2a: Queen of Diamonds|Electric Seed\n|-boost|p2a: Queen of Diamonds|def|1|[from] item: Electric Seed\n|move|p1b: Calyrex|Protect|p1b: Calyrex\n|-singleturn|p1b: Calyrex|Protect\n|move|p2b: Jack of Spades|Fake Out|p1b: Calyrex\n|-activate|p1b: Calyrex|move: Protect\n|move|p1a: Incineroar|U-turn|p2a: Queen of Diamonds\n|-resisted|p2a: Queen of Diamonds\n|-damage|p2a: Queen of Diamonds|93/100\n|\n|t:|1776709778\n|switch|p1a: Lunala|Lunala, L50|100/100|[from] U-turn\n|\n|upkeep\n|turn|2\n|\n|t:|1776709790\n|move|p2a: Queen of Diamonds|Struggle Bug|p1a: Lunala|[spread] p1a,p1b\n|-supereffective|p1b: Calyrex\n|-damage|p1a: Lunala|94/100\n|-damage|p1b: Calyrex|77/100\n|-unboost|p1a: Lunala|spa|1\n|move|p1a: Lunala|Meteor Beam||[still]\n|-prepare|p1a: Lunala|Meteor Beam\n|-boost|p1a: Lunala|spa|1\n|-enditem|p1a: Lunala|Power Herb\n|-anim|p1a: Lunala|Meteor Beam|p2a: Queen of Diamonds\n|-supereffective|p2a: Queen of Diamonds\n|-damage|p2a: Queen of Diamonds|0 fnt\n|faint|p2a: Queen of Diamonds\n|move|p2b: Jack of Spades|Low Kick|p1b: Calyrex\n|-damage|p1b: Calyrex|41/100\n|move|p1b: Calyrex|Trick Room|p1b: Calyrex\n|-fieldstart|move: Trick Room|[of] p1b: Calyrex\n|\n|upkeep\n|\n|t:|1776709802\n|switch|p2a: King of Spades|Zamazenta-Crowned, L50|100/100\n|-ability|p2a: King of Spades|Dauntless Shield|boost\n|-boost|p2a: King of Spades|def|1\n|turn|3\n|\n|t:|1776709822\n|move|p1b: Calyrex|Close Combat|p2a: King of Spades\n|-supereffective|p2a: King of Spades\n|-damage|p2a: King of Spades|60/100\n|-unboost|p1b: Calyrex|def|1\n|-unboost|p1b: Calyrex|spd|1\n|move|p2b: Jack of Spades|Wild Charge|p1a: Lunala\n|-damage|p1a: Lunala|51/100\n|-damage|p2b: Jack of Spades|90/100|[from] Recoil\n|move|p1a: Lunala|Expanding Force|p2b: Jack of Spades\n|-supereffective|p2b: Jack of Spades\n|-damage|p2b: Jack of Spades|42/100\n|move|p2a: King of Spades|Body Press|p1b: Calyrex\n|-damage|p1b: Calyrex|0 fnt\n|faint|p1b: Calyrex\n|\n|upkeep\n|\n|t:|1776709836\n|switch|p1b: Incineroar|Incineroar, L50, F|100/100\n|-ability|p1b: Incineroar|Intimidate|boost\n|-unboost|p2a: King of Spades|atk|1\n|-unboost|p2b: Jack of Spades|atk|1\n|turn|4\n|\n|t:|1776709840\n|switch|p1b: Indeedee|Indeedee-F, L50, F|100/100\n|-fieldstart|move: Psychic Terrain|[from] ability: Psychic Surge|[of] p1b: Indeedee\n|-end|p2b: Jack of Spades|Quark Drive\n|move|p2a: King of Spades|Protect|p2a: King of Spades\n|-singleturn|p2a: King of Spades|Protect\n|move|p2b: Jack of Spades|Drain Punch|p1b: Indeedee\n|-damage|p1b: Indeedee|80/100\n|-heal|p2b: Jack of Spades|49/100|[from] drain|[of] p1b: Indeedee\n|move|p1a: Lunala|Expanding Force|p2a: King of Spades|[spread] p2b\n|-activate|p2a: King of Spades|move: Protect\n|-supereffective|p2b: Jack of Spades\n|-damage|p2b: Jack of Spades|0 fnt\n|faint|p2b: Jack of Spades\n|-end|p2b: Jack of Spades|Quark Drive|[silent]\n|\n|upkeep\n|\n|t:|1776709843\n|switch|p2b: Ace of Spades|Miraidon, L50|100/100\n|-fieldstart|move: Electric Terrain|[from] ability: Hadron Engine|[of] p2b: Ace of Spades\n|turn|5\n|inactive|ranbattorank1 has 30 seconds left.\n|\n|t:|1776709871\n|-terastallize|p1b: Indeedee|Ground\n|move|p1b: Indeedee|Helping Hand|p1a: Lunala\n|-singleturn|p1a: Lunala|Helping Hand|[of] p1b: Indeedee\n|move|p1a: Lunala|Moongeist Beam|p2a: King of Spades\n|-damage|p2a: King of Spades|0 fnt\n|faint|p2a: King of Spades\n|move|p2b: Ace of Spades|Electro Drift|p1a: Lunala\n|-damage|p1a: Lunala|0 fnt\n|faint|p1a: Lunala\n|\n|upkeep\n|\n|t:|1776709881\n|switch|p1a: Incineroar|Incineroar, L50, F|100/100\n|-ability|p1a: Incineroar|Intimidate|boost\n|-unboost|p2b: Ace of Spades|atk|1\n|turn|6\n|-message|JoeBro8 forfeited.\n|\n|win|ranbattorank1\n|raw|ranbattorank1's rating: 1517 &rarr; <strong>1540</strong><br />(+23 for winning)\n|raw|JoeBro8's rating: 1574 &rarr; <strong>1551</strong><br />(-23 for losing)\n|l|\u2606JoeBro8\n|player|p2|\n|l|\u2606ranbattorank1\n|player|p1|\n","uploadtime":1776710140,"views":7,"formatid":"gen9vgc2026regi","rating":1540,"private":0,"password":null}