{"id":"gen9vgc2026regi-2581058443","format":"[Gen 9] VGC 2026 Reg I","players":["kojimuranishi","kyoshi4"],"log":"|j|\u2606kojimuranishi\n|j|\u2606kyoshi4\n|t:|1775955928\n|gametype|doubles\n|player|p1|kojimuranishi|101|1565\n|player|p2|kyoshi4|cynthia-gen4|1421\n|gen|9\n|tier|[Gen 9] VGC 2026 Reg I\n|rated|\n|rule|Species Clause: Limit one of each Pok\u00e9mon\n|rule|Item Clause: Limit 1 of each item\n|clearpoke\n|poke|p1|Whimsicott, L50, F|\n|poke|p1|Calyrex-Ice, L50|\n|poke|p1|Miraidon, L50|\n|poke|p1|Chi-Yu, L50|\n|poke|p1|Landorus, L50, M|\n|poke|p1|Farigiraf, L50, F|\n|poke|p2|Kyogre, L50|\n|poke|p2|Iron Jugulis, L50|\n|poke|p2|Zamazenta-*, L50|\n|poke|p2|Chien-Pao, L50|\n|poke|p2|Landorus, L50, M|\n|poke|p2|Amoonguss, L50, M|\n|teampreview|4\n|inactive|Battle timer is ON: inactive players will automatically lose when time's up. (requested by kojimuranishi)\n|l|\u2606kyoshi4\n|inactive|kyoshi4 disconnected and has a minute to reconnect!\n|player|p2|\n|j|\u2606kyoshi4\n|inactive|kyoshi4 reconnected and has 65 seconds left.\n|player|p2|kyoshi4|cynthia-gen4|\n|inactive|kyoshi4 has 60 seconds left.\n|\n|t:|1775955962\n|teamsize|p1|4\n|teamsize|p2|4\n|start\n|switch|p1a: Whimsicott|Whimsicott, L50, F|100/100\n|switch|p1b: Calyrex|Calyrex-Ice, L50|100/100\n|switch|p2a: Kyogre|Kyogre, L50|100/100\n|switch|p2b: Amoonguss|Amoonguss, L50, M|100/100\n|-ability|p1b: Calyrex|As One\n|-ability|p1b: Calyrex|Unnerve\n|-weather|RainDance|[from] ability: Drizzle|[of] p2a: Kyogre\n|turn|1\n|\n|t:|1775955984\n|-terastallize|p1b: Calyrex|Ice\n|-terastallize|p2b: Amoonguss|Fire\n|move|p1a: Whimsicott|Tailwind|p1a: Whimsicott\n|-sidestart|p1: kojimuranishi|move: Tailwind\n|move|p1b: Calyrex|Glacial Lance|p2a: Kyogre|[spread] p2a,p2b\n|-resisted|p2a: Kyogre\n|-resisted|p2b: Amoonguss\n|-damage|p2a: Kyogre|49/100\n|-damage|p2b: Amoonguss|56/100\n|move|p2a: Kyogre|Water Spout|p1b: Calyrex|[spread] p1a,p1b\n|-resisted|p1a: Whimsicott\n|-damage|p1a: Whimsicott|56/100\n|-damage|p1b: Calyrex|49/100\n|move|p2b: Amoonguss|Spore|p1b: Calyrex\n|-status|p1b: Calyrex|slp|[from] move: Spore\n|\n|-weather|RainDance|[upkeep]\n|upkeep\n|turn|2\n|\n|t:|1775956005\n|move|p1a: Whimsicott|Encore|p2b: Amoonguss\n|-start|p2b: Amoonguss|Encore\n|cant|p1b: Calyrex|slp\n|move|p2a: Kyogre|Origin Pulse|p1a: Whimsicott|[spread] p1b\n|-miss|p2a: Kyogre|p1a: Whimsicott\n|-damage|p1b: Calyrex|0 fnt\n|faint|p1b: Calyrex\n|move|p2b: Amoonguss|Spore|p1a: Whimsicott\n|-immune|p1a: Whimsicott\n|\n|-weather|RainDance|[upkeep]\n|upkeep\n|\n|t:|1775956018\n|switch|p1b: Landorus|Landorus, L50, M|100/100\n|turn|3\n|\n|t:|1775956034\n|move|p1a: Whimsicott|Moonblast|p2a: Kyogre\n|-damage|p2a: Kyogre|20/100\n|move|p1b: Landorus|Sandsear Storm|p2b: Amoonguss|[spread] p2a,p2b\n|-supereffective|p2b: Amoonguss\n|-damage|p2a: Kyogre|0 fnt\n|-damage|p2b: Amoonguss|0 fnt\n|faint|p2a: Kyogre\n|faint|p2b: Amoonguss\n|\n|-weather|RainDance|[upkeep]\n|upkeep\n|\n|t:|1775956040\n|switch|p2a: Chien-Pao|Chien-Pao, L50|100/100\n|switch|p2b: Zamazenta|Zamazenta-Crowned, L50|100/100\n|-ability|p2a: Chien-Pao|Sword of Ruin\n|-ability|p2b: Zamazenta|Dauntless Shield|boost\n|-boost|p2b: Zamazenta|def|1\n|turn|4\n|\n|t:|1775956055\n|move|p2b: Zamazenta|Protect|p2b: Zamazenta\n|-singleturn|p2b: Zamazenta|Protect\n|move|p1a: Whimsicott|Moonblast|p2a: Chien-Pao\n|-supereffective|p2a: Chien-Pao\n|-enditem|p2a: Chien-Pao|Focus Sash\n|-damage|p2a: Chien-Pao|1/100\n|move|p1b: Landorus|Sandsear Storm|p2b: Zamazenta|[spread] p2a\n|-activate|p2b: Zamazenta|move: Protect\n|-damage|p2a: Chien-Pao|0 fnt\n|faint|p2a: Chien-Pao\n|\n|-weather|RainDance|[upkeep]\n|-sideend|p1: kojimuranishi|move: Tailwind\n|upkeep\n|turn|5\n|\n|t:|1775956074\n|move|p1a: Whimsicott|Encore|p2b: Zamazenta\n|-start|p2b: Zamazenta|Encore\n|move|p2b: Zamazenta|Protect||[still]\n|-fail|p2b: Zamazenta\n|move|p1b: Landorus|Earth Power|p2b: Zamazenta\n|-supereffective|p2b: Zamazenta\n|-damage|p2b: Zamazenta|0 fnt\n|faint|p2b: Zamazenta\n|\n|win|kojimuranishi\n|raw|kojimuranishi's rating: 1565 &rarr; <strong>1577</strong><br />(+12 for winning)\n|raw|kyoshi4's rating: 1421 &rarr; <strong>1409</strong><br />(-12 for losing)\n","uploadtime":1775956079,"views":197,"formatid":"gen9vgc2026regi","rating":1409,"private":0,"password":null}