{"id":"gen9vgc2026regi-2569723538","format":"[Gen 9] VGC 2026 Reg I","players":["realcomrade379","yagostik"],"log":"|j|\u2606realcomrade379\n|j|\u2606yagostik\n|html|<table width=\"100%\"><tr><td align=\"left\">realcomrade379</td><td align=\"right\">yagostik</tr><tr><td align=\"left\"><i class=\"fa fa-circle-o\"></i> <i class=\"fa fa-circle-o\"></i> </td><td align=\"right\"><i class=\"fa fa-circle-o\"></i> <i class=\"fa fa-circle\"></i> </tr></table>\n|uhtml|bestof|<h2><strong>Game 2</strong> of <a href=\"/game-bestof3-gen9vgc2026regi-2569722882\">a best-of-3</a></h2>\n|t:|1774726517\n|gametype|doubles\n|player|p1|realcomrade379|shadowtriad|\n|player|p2|yagostik|101|\n|gen|9\n|tier|[Gen 9] VGC 2026 Reg I\n|rated|Tournament battle\n|rule|Species Clause: Limit one of each Pok\u00e9mon\n|rule|Item Clause: Limit 1 of each item\n|raw|<div class=\"infobox\"><details class=\"readmore\" open><summary><strong>4 custom rules:</strong></summary> Open Team Sheets, Force Open Team Sheets, !Open Team Sheets, Best of = 3</details></div>\n|clearpoke\n|poke|p1|Miraidon, L50|\n|poke|p1|Calyrex-Ice, L50|\n|poke|p1|Landorus, L50, M|\n|poke|p1|Urshifu-*, L50, F|\n|poke|p1|Whimsicott, L50, F|\n|poke|p1|Incineroar, L50, F|\n|poke|p2|Calyrex-Shadow, L50|\n|poke|p2|Clefairy, L50, F|\n|poke|p2|Zacian-*, L50|\n|poke|p2|Rillaboom, L50, M|\n|poke|p2|Tornadus, L50, M|\n|poke|p2|Urshifu-*, L50, M|\n|teampreview|4\n|showteam|p1|Miraidon||ChoiceSpecs|HadronEngine|ElectroDrift,VoltSwitch,DracoMeteor,DazzlingGleam||||||50|,,,,,Fairy]Calyrex-Ice||Leftovers|AsOneGlastrier|Protect,TrickRoom,LeechSeed,GlacialLance||||||50|,,,,,Water]Landorus||LifeOrb|SheerForce|Protect,Taunt,SludgeBomb,EarthPower|||M|||50|,,,,,Water]Urshifu-Rapid-Strike||ChoiceBand|UnseenFist|SurgingStrikes,CloseCombat,Uturn,AquaJet|||F|||50|,,,,,Ghost]Whimsicott||CovertCloak|Prankster|Moonblast,Tailwind,Encore,LightScreen|||F|||50|,,,,,Dark]Incineroar||AssaultVest|Intimidate|FlareBlitz,KnockOff,Uturn,FakeOut|||F|||50|,,,,,Grass\n|showteam|p2|Calyrex-Shadow||FocusSash|AsOneSpectrier|AstralBarrage,Protect,NastyPlot,PollenPuff||||||50|,,,,,Ghost]Clefairy||Eviolite|FriendGuard|FollowMe,HelpingHand,Protect,AfterYou|||F|||50|,,,,,Steel]Zacian-Crowned||RustedSword|IntrepidSword|SacredSword,behemothblade,PlayRough,Protect||||||50|,,,,,Flying]Rillaboom||AssaultVest|GrassySurge|WoodHammer,FakeOut,Uturn,GrassyGlide|||M|||50|,,,,,Fire]Tornadus||CovertCloak|Prankster|Tailwind,BleakwindStorm,RainDance,Taunt|||M|||50|,,,,,Dark]Urshifu-Rapid-Strike||ChoiceScarf|UnseenFist|Uturn,SurgingStrikes,CloseCombat,AquaJet|||M|||50|,,,,,Water\n|inactive|Battle timer is ON: inactive players will automatically lose when time's up. (requested by yagostik)\n|inactive|realcomrade379 also wants the timer to be on.\n|\n|t:|1774726540\n|teamsize|p1|4\n|teamsize|p2|4\n|start\n|switch|p1a: Whimsicott|Whimsicott, L50, F|100/100\n|switch|p1b: Miraidon|Miraidon, L50|100/100\n|switch|p2a: Calyrex|Calyrex-Shadow, L50|100/100\n|switch|p2b: Clefairy|Clefairy, L50, F|100/100\n|-ability|p2a: Calyrex|As One\n|-ability|p2a: Calyrex|Unnerve\n|-fieldstart|move: Electric Terrain|[from] ability: Hadron Engine|[of] p1b: Miraidon\n|turn|1\n|\n|t:|1774726558\n|-terastallize|p2a: Calyrex|Ghost\n|-terastallize|p1b: Miraidon|Fairy\n|move|p2b: Clefairy|Follow Me|p2b: Clefairy\n|-singleturn|p2b: Clefairy|move: Follow Me\n|move|p1a: Whimsicott|Light Screen|p1a: Whimsicott\n|-sidestart|p1: realcomrade379|move: Light Screen\n|move|p2a: Calyrex|Astral Barrage|p1a: Whimsicott|[spread] p1a,p1b\n|-damage|p1a: Whimsicott|45/100\n|-damage|p1b: Miraidon|66/100\n|move|p1b: Miraidon|Dazzling Gleam|p2b: Clefairy|[spread] p2a,p2b\n|-damage|p2a: Calyrex|57/100\n|-damage|p2b: Clefairy|53/100\n|\n|upkeep\n|turn|2\n|\n|t:|1774726571\n|move|p2b: Clefairy|Helping Hand|p2a: Calyrex\n|-singleturn|p2a: Calyrex|Helping Hand|[of] p2b: Clefairy\n|move|p1a: Whimsicott|Tailwind|p1a: Whimsicott\n|-sidestart|p1: realcomrade379|move: Tailwind\n|move|p1b: Miraidon|Dazzling Gleam|p2b: Clefairy|[spread] p2a,p2b\n|-damage|p2a: Calyrex|9/100\n|-damage|p2b: Clefairy|4/100\n|move|p2a: Calyrex|Astral Barrage|p1b: Miraidon|[spread] p1a,p1b\n|-crit|p1a: Whimsicott\n|-damage|p1a: Whimsicott|0 fnt\n|-damage|p1b: Miraidon|13/100\n|faint|p1a: Whimsicott\n|-ability|p2a: Calyrex|Grim Neigh|boost\n|-boost|p2a: Calyrex|spa|1\n|\n|upkeep\n|\n|t:|1774726584\n|switch|p1a: Urshifu|Urshifu-Rapid-Strike, L50, F|100/100\n|turn|3\n|\n|t:|1774726591\n|move|p2a: Calyrex|Protect|p2a: Calyrex\n|-singleturn|p2a: Calyrex|Protect\n|move|p2b: Clefairy|Follow Me|p2b: Clefairy\n|-singleturn|p2b: Clefairy|move: Follow Me\n|move|p1b: Miraidon|Dazzling Gleam|p2b: Clefairy|[spread] p2b\n|-activate|p2a: Calyrex|move: Protect\n|-damage|p2b: Clefairy|0 fnt\n|faint|p2b: Clefairy\n|move|p1a: Urshifu|Surging Strikes|p2a: Calyrex\n|-crit|p2a: Calyrex\n|-damage|p2a: Calyrex|0 fnt\n|faint|p2a: Calyrex\n|-hitcount|p2: Calyrex|1\n|\n|upkeep\n|\n|t:|1774726599\n|switch|p2a: Zacian|Zacian-Crowned, L50|100/100\n|switch|p2b: Urshifu|Urshifu-Rapid-Strike, L50, M|100/100\n|-ability|p2a: Zacian|Intrepid Sword|boost\n|-boost|p2a: Zacian|atk|1\n|turn|4\n|\n|t:|1774726622\n|switch|p1b: Incineroar|Incineroar, L50, F|100/100\n|-ability|p1b: Incineroar|Intimidate|boost\n|-unboost|p2a: Zacian|atk|1\n|-unboost|p2b: Urshifu|atk|1\n|move|p2b: Urshifu|Aqua Jet|p1b: Incineroar\n|-supereffective|p1b: Incineroar\n|-damage|p1b: Incineroar|71/100\n|move|p1a: Urshifu|Surging Strikes|p2a: Zacian\n|-crit|p2a: Zacian\n|-damage|p2a: Zacian|71/100\n|-crit|p2a: Zacian\n|-damage|p2a: Zacian|40/100\n|-crit|p2a: Zacian\n|-damage|p2a: Zacian|11/100\n|-hitcount|p2a: Zacian|3\n|move|p2a: Zacian|Play Rough|p1a: Urshifu\n|-supereffective|p1a: Urshifu\n|-damage|p1a: Urshifu|0 fnt\n|faint|p1a: Urshifu\n|\n|upkeep\n|\n|t:|1774726636\n|switch|p1a: Miraidon|Miraidon, L50, tera:Fairy|13/100\n|-activate|p1a: Miraidon|ability: Hadron Engine\n|turn|5\n|\n|t:|1774726646\n|move|p2a: Zacian|Protect|p2a: Zacian\n|-singleturn|p2a: Zacian|Protect\n|move|p1b: Incineroar|Fake Out|p2b: Urshifu\n|-damage|p2b: Urshifu|89/100\n|cant|p2b: Urshifu|flinch\n|move|p1a: Miraidon|Dazzling Gleam|p2a: Zacian|[spread] p2b\n|-activate|p2a: Zacian|move: Protect\n|-supereffective|p2b: Urshifu\n|-damage|p2b: Urshifu|0 fnt\n|faint|p2b: Urshifu\n|\n|-sideend|p1: realcomrade379|move: Light Screen\n|-sideend|p1: realcomrade379|move: Tailwind\n|-fieldend|move: Electric Terrain\n|upkeep\n|turn|6\n|\n|t:|1774726656\n|move|p2a: Zacian|Sacred Sword|p1b: Incineroar\n|-supereffective|p1b: Incineroar\n|-damage|p1b: Incineroar|9/100\n|move|p1a: Miraidon|Dazzling Gleam|p2a: Zacian\n|-resisted|p2a: Zacian\n|-damage|p2a: Zacian|0 fnt\n|faint|p2a: Zacian\n|\n|win|realcomrade379\n|l|\u2606yagostik\n|player|p2|\n","uploadtime":1774726661,"views":12,"formatid":"gen9vgc2026regi","rating":null,"private":0,"password":null}