{"id":"gen9vgc2026regi-2560210195","format":"[Gen 9] VGC 2026 Reg I","players":["Billlmads","fu1111111"],"log":"|j|\u2606Billlmads\n|j|\u2606fu1111111\n|t:|1773666577\n|gametype|doubles\n|player|p1|Billlmads|red|1486\n|player|p2|fu1111111|101|1371\n|gen|9\n|tier|[Gen 9] VGC 2026 Reg I\n|rated|\n|rule|Species Clause: Limit one of each Pok\u00e9mon\n|rule|Item Clause: Limit 1 of each item\n|clearpoke\n|poke|p1|Calyrex-Ice, L50|\n|poke|p1|Miraidon, L50|\n|poke|p1|Volcarona, L50, F|\n|poke|p1|Grimmsnarl, L50, M|\n|poke|p1|Incineroar, L50, M|\n|poke|p1|Ditto, L50|\n|poke|p2|Whimsicott, L50, F|\n|poke|p2|Flutter Mane, L50|\n|poke|p2|Calyrex-Shadow, L50|\n|poke|p2|Raichu, L50, M|\n|poke|p2|Kyogre, L50|\n|poke|p2|Urshifu-*, L50, F|\n|teampreview|4\n|\n|t:|1773666603\n|teamsize|p1|4\n|teamsize|p2|4\n|start\n|switch|p1a: Miraidon|Miraidon, L50|100/100\n|switch|p1b: Grimmsnarl|Grimmsnarl, L50, M, shiny|100/100\n|switch|p2a: Raichu|Raichu, L50, M|100/100\n|switch|p2b: Urshifu|Urshifu, L50, F|100/100\n|-fieldstart|move: Electric Terrain|[from] ability: Hadron Engine|[of] p1a: Miraidon\n|turn|1\n|\n|t:|1773666628\n|switch|p1a: Ditto|Ditto, L50|100/100\n|-transform|p1a: Ditto|p2b: Urshifu|[from] ability: Imposter\n|-terastallize|p2b: Urshifu|Dark\n|move|p2a: Raichu|Helping Hand|p2b: Urshifu\n|-singleturn|p2b: Urshifu|Helping Hand|[of] p2a: Raichu\n|move|p2b: Urshifu|Wicked Blow|p1a: Ditto\n|-resisted|p1a: Ditto\n|-crit|p1a: Ditto\n|-damage|p1a: Ditto|60/100\n|move|p1b: Grimmsnarl|Spirit Break|p2b: Urshifu\n|-supereffective|p2b: Urshifu\n|-damage|p2b: Urshifu|46/100\n|-unboost|p2b: Urshifu|spa|1\n|\n|upkeep\n|turn|2\n|\n|t:|1773666664\n|switch|p2b: Kyogre|Kyogre, L50|100/100\n|-weather|RainDance|[from] ability: Drizzle|[of] p2b: Kyogre\n|move|p1b: Grimmsnarl|Reflect|p1b: Grimmsnarl\n|-sidestart|p1: Billlmads|Reflect\n|move|p1a: Ditto|Drain Punch|p2b: Kyogre\n|-damage|p2b: Kyogre|64/100\n|-heal|p1a: Ditto|81/100|[from] drain|[of] p2b: Kyogre\n|move|p2a: Raichu|Brick Break|p1a: Ditto\n|-sideend|p1: Billlmads|Reflect\n|-supereffective|p1a: Ditto\n|-damage|p1a: Ditto|44/100\n|\n|-weather|RainDance|[upkeep]\n|upkeep\n|turn|3\n|\n|t:|1773666694\n|move|p2b: Kyogre|Helping Hand|p2a: Raichu\n|-singleturn|p2a: Raichu|Helping Hand|[of] p2b: Kyogre\n|move|p1b: Grimmsnarl|Light Screen|p1b: Grimmsnarl\n|-sidestart|p1: Billlmads|move: Light Screen\n|move|p1a: Ditto|Wicked Blow|p2b: Kyogre\n|-crit|p2b: Kyogre\n|-damage|p2b: Kyogre|11/100\n|move|p2a: Raichu|Brick Break|p1a: Ditto\n|-sideend|p1: Billlmads|move: Light Screen\n|-supereffective|p1a: Ditto\n|-damage|p1a: Ditto|0 fnt\n|faint|p1a: Ditto\n|\n|-weather|RainDance|[upkeep]\n|upkeep\n|\n|t:|1773666711\n|switch|p1a: Calyrex|Calyrex-Ice, L50|100/100\n|-ability|p1a: Calyrex|As One\n|-ability|p1a: Calyrex|Unnerve\n|turn|4\n|\n|t:|1773666742\n|move|p2a: Raichu|Brick Break|p1a: Calyrex\n|-damage|p1a: Calyrex|90/100\n|move|p1b: Grimmsnarl|Spirit Break|p2a: Raichu\n|-damage|p2a: Raichu|52/100\n|-unboost|p2a: Raichu|spa|1\n|move|p2b: Kyogre|Tera Blast|p1a: Calyrex\n|-damage|p1a: Calyrex|72/100\n|move|p1a: Calyrex|Trick Room|p1a: Calyrex\n|-fieldstart|move: Trick Room|[of] p1a: Calyrex\n|\n|-weather|RainDance|[upkeep]\n|-heal|p1a: Calyrex|77/100|[from] item: Leftovers\n|upkeep\n|turn|5\n|-message|fu1111111 forfeited.\n|\n|win|Billlmads\n|raw|Billlmads's rating: 1486 &rarr; <strong>1500</strong><br />(+14 for winning)\n|raw|fu1111111's rating: 1371 &rarr; <strong>1357</strong><br />(-14 for losing)\n|l|\u2606fu1111111\n|player|p2|\n","uploadtime":1773667034,"views":9,"formatid":"gen9vgc2026regi","rating":1357,"private":0,"password":null}