{"id":"gen9vgc2026regi-2578938811","format":"[Gen 9] VGC 2026 Reg I","players":["Slackermaru","buggybrain"],"log":"|j|\u2606Slackermaru\n|j|\u2606buggybrain\n|t:|1775738525\n|gametype|doubles\n|player|p1|Slackermaru|workerice|1555\n|player|p2|buggybrain|hiker-gen4|1592\n|gen|9\n|tier|[Gen 9] VGC 2026 Reg I\n|rated|\n|rule|Species Clause: Limit one of each Pok\u00e9mon\n|rule|Item Clause: Limit 1 of each item\n|clearpoke\n|poke|p1|Calyrex-Ice, L50|\n|poke|p1|Koraidon, L50|\n|poke|p1|Landorus, L50, M|\n|poke|p1|Rillaboom, L50, M|\n|poke|p1|Incineroar, L50, F|\n|poke|p1|Smeargle, L50, M|\n|poke|p2|Chien-Pao, L50|\n|poke|p2|Zacian-*, L50|\n|poke|p2|Kyogre, L50|\n|poke|p2|Urshifu-*, L50, M|\n|poke|p2|Roaring Moon, L50|\n|poke|p2|Amoonguss, L50, M|\n|teampreview|4\n|\n|t:|1775738560\n|teamsize|p1|4\n|teamsize|p2|4\n|start\n|switch|p1a: Landorus|Landorus, L50, M|100/100\n|switch|p1b: Incineroar|Incineroar, L50, F, shiny|100/100\n|switch|p2a: Vulcan|Urshifu-Rapid-Strike, L50, M|100/100\n|switch|p2b: Prince|Zacian-Crowned, L50, shiny|100/100\n|-ability|p2b: Prince|Intrepid Sword|boost\n|-boost|p2b: Prince|atk|1\n|-ability|p1b: Incineroar|Intimidate|boost\n|-unboost|p2a: Vulcan|atk|1\n|-unboost|p2b: Prince|atk|1\n|turn|1\n|\n|t:|1775738599\n|-terastallize|p1a: Landorus|Water\n|move|p1b: Incineroar|Fake Out|p2a: Vulcan\n|-damage|p2a: Vulcan|91/100\n|move|p2b: Prince|Behemoth Blade|p1a: Landorus\n|-resisted|p1a: Landorus\n|-damage|p1a: Landorus|74/100\n|cant|p2a: Vulcan|flinch\n|move|p1a: Landorus|Sandsear Storm|p2b: Prince|[spread] \n|-miss|p1a: Landorus|p2a: Vulcan\n|-miss|p1a: Landorus|p2b: Prince\n|\n|upkeep\n|turn|2\n|\n|t:|1775738633\n|switch|p1b: Rillaboom|Rillaboom, L50, M, shiny|100/100\n|-fieldstart|move: Grassy Terrain|[from] ability: Grassy Surge|[of] p1b: Rillaboom\n|move|p1a: Landorus|Protect|p1a: Landorus\n|-singleturn|p1a: Landorus|Protect\n|move|p2b: Prince|Play Rough|p1a: Landorus\n|-activate|p1a: Landorus|move: Protect\n|move|p2a: Vulcan|Surging Strikes|p1a: Landorus\n|-resisted|p1a: Landorus\n|-crit|p1a: Landorus\n|-damage|p1a: Landorus|63/100\n|-resisted|p1a: Landorus\n|-crit|p1a: Landorus\n|-damage|p1a: Landorus|51/100\n|-resisted|p1a: Landorus\n|-crit|p1a: Landorus\n|-damage|p1a: Landorus|39/100\n|-hitcount|p1a: Landorus|3\n|\n|-heal|p2a: Vulcan|97/100|[from] Grassy Terrain\n|-heal|p1a: Landorus|46/100|[from] Grassy Terrain\n|upkeep\n|turn|3\n|\n|t:|1775738660\n|switch|p2a: METAVISION|Amoonguss, L50, M, shiny|100/100\n|move|p2b: Prince|Protect|p2b: Prince\n|-singleturn|p2b: Prince|Protect\n|move|p1b: Rillaboom|Fake Out|p2b: Prince\n|-activate|p2b: Prince|move: Protect\n|move|p1a: Landorus|Earth Power|p2a: METAVISION\n|-damage|p2a: METAVISION|37/100\n|\n|-heal|p1a: Landorus|52/100|[from] Grassy Terrain\n|-heal|p2a: METAVISION|43/100|[from] Grassy Terrain\n|upkeep\n|turn|4\n|\n|t:|1775738691\n|switch|p1a: Incineroar|Incineroar, L50, F, shiny|100/100\n|-ability|p1a: Incineroar|Intimidate|boost\n|-unboost|p2a: METAVISION|atk|1\n|-unboost|p2b: Prince|atk|1\n|switch|p2a: Vulcan|Urshifu-Rapid-Strike, L50, M|97/100\n|-terastallize|p2b: Prince|Fairy\n|move|p2b: Prince|Play Rough|p1a: Incineroar\n|-damage|p1a: Incineroar|67/100\n|move|p1b: Rillaboom|U-turn|p2b: Prince\n|-resisted|p2b: Prince\n|-damage|p2b: Prince|92/100\n|\n|t:|1775738722\n|switch|p1b: Landorus|Landorus, L50, M, tera:Water|52/100|[from] U-turn\n|\n|-heal|p2b: Prince|98/100|[from] Grassy Terrain\n|-heal|p2a: Vulcan|100/100|[from] Grassy Terrain\n|-heal|p1b: Landorus|58/100|[from] Grassy Terrain\n|-heal|p1a: Incineroar|73/100|[from] Grassy Terrain\n|upkeep\n|turn|5\n|\n|t:|1775738732\n|move|p2b: Prince|Protect|p2b: Prince\n|-singleturn|p2b: Prince|Protect\n|move|p2a: Vulcan|Detect|p2a: Vulcan\n|-singleturn|p2a: Vulcan|Protect\n|move|p1a: Incineroar|Fake Out|p2b: Prince\n|-activate|p2b: Prince|move: Protect\n|move|p1b: Landorus|Sandsear Storm|p2b: Prince|[spread] \n|-activate|p2a: Vulcan|move: Protect\n|-activate|p2b: Prince|move: Protect\n|\n|-heal|p2b: Prince|100/100|[from] Grassy Terrain\n|-heal|p1b: Landorus|64/100|[from] Grassy Terrain\n|-heal|p1a: Incineroar|79/100|[from] Grassy Terrain\n|upkeep\n|turn|6\n|\n|t:|1775738767\n|switch|p1a: Rillaboom|Rillaboom, L50, M, shiny|100/100\n|move|p2b: Prince|Play Rough|p1b: Landorus\n|-damage|p1b: Landorus|23/100\n|move|p2a: Vulcan|Surging Strikes|p1b: Landorus\n|-resisted|p1b: Landorus\n|-crit|p1b: Landorus\n|-damage|p1b: Landorus|12/100\n|-resisted|p1b: Landorus\n|-crit|p1b: Landorus\n|-damage|p1b: Landorus|1/100\n|-resisted|p1b: Landorus\n|-crit|p1b: Landorus\n|-damage|p1b: Landorus|0 fnt\n|faint|p1b: Landorus\n|-hitcount|p1: Landorus|3\n|\n|-fieldend|move: Grassy Terrain\n|upkeep\n|\n|t:|1775738782\n|switch|p1b: Koraidon|Koraidon, L50|100/100\n|-weather|SunnyDay|[from] ability: Orichalcum Pulse|[of] p1b: Koraidon\n|-activate|p1b: Koraidon|Orichalcum Pulse|[source]\n|turn|7\n|\n|t:|1775738802\n|switch|p1a: Incineroar|Incineroar, L50, F, shiny|79/100\n|-ability|p1a: Incineroar|Intimidate|boost\n|-unboost|p2a: Vulcan|atk|1\n|-unboost|p2b: Prince|atk|1\n|switch|p2a: Runaway|Kyogre, L50, shiny|100/100\n|-weather|RainDance|[from] ability: Drizzle|[of] p2a: Runaway\n|move|p2b: Prince|Play Rough|p1b: Koraidon\n|-supereffective|p1b: Koraidon\n|-damage|p1b: Koraidon|0 fnt\n|faint|p1b: Koraidon\n|\n|-weather|RainDance|[upkeep]\n|upkeep\n|-message|Slackermaru forfeited.\n|\n|win|buggybrain\n|raw|Slackermaru's rating: 1555 &rarr; <strong>1537</strong><br />(-18 for losing)\n|raw|buggybrain's rating: 1592 &rarr; <strong>1610</strong><br />(+18 for winning)\n|l|\u2606Slackermaru\n|player|p1|\n|l|\u2606buggybrain\n|player|p2|\n","uploadtime":1775738998,"views":15,"formatid":"gen9vgc2026regi","rating":1537,"private":0,"password":null}