{"id":"gen9vgc2026regi-2538720245","format":"[Gen 9] VGC 2026 Reg I","players":["blackred123","Koishiiiiiiiiii"],"log":"|j|\u2606blackred123\n|j|\u2606Koishiiiiiiiiii\n|t:|1770962465\n|gametype|doubles\n|player|p1|blackred123|iono-masters|1391\n|player|p2|Koishiiiiiiiiii|caitlin|1265\n|gen|9\n|tier|[Gen 9] VGC 2026 Reg I\n|rated|\n|rule|Species Clause: Limit one of each Pok\u00e9mon\n|rule|Item Clause: Limit 1 of each item\n|clearpoke\n|poke|p1|Miraidon, L50|\n|poke|p1|Calyrex-Ice, L50|\n|poke|p1|Whimsicott, L50, F|\n|poke|p1|Volcarona, L50, M|\n|poke|p1|Incineroar, L50, M|\n|poke|p1|Urshifu-*, L50, M|\n|poke|p2|Calyrex-Shadow, L50|\n|poke|p2|Koraidon, L50|\n|poke|p2|Flutter Mane, L50|\n|poke|p2|Chi-Yu, L50|\n|poke|p2|Chien-Pao, L50|\n|poke|p2|Urshifu-*, L50, M|\n|teampreview|4\n|inactive|Battle timer is ON: inactive players will automatically lose when time's up. (requested by blackred123)\n|\n|t:|1770962475\n|teamsize|p1|4\n|teamsize|p2|4\n|start\n|switch|p1a: Miraidon|Miraidon, L50, shiny|100/100\n|switch|p1b: Whimsicott|Whimsicott, L50, F|100/100\n|switch|p2a: Chi-Yu|Chi-Yu, L50|100/100\n|switch|p2b: Flutter Mane|Flutter Mane, L50|100/100\n|-ability|p2a: Chi-Yu|Beads of Ruin\n|-fieldstart|move: Electric Terrain|[from] ability: Hadron Engine|[of] p1a: Miraidon\n|-enditem|p2b: Flutter Mane|Booster Energy\n|-activate|p2b: Flutter Mane|ability: Protosynthesis|[fromitem]\n|-start|p2b: Flutter Mane|protosynthesisspe\n|turn|1\n|\n|t:|1770962496\n|-terastallize|p1a: Miraidon|Electric\n|move|p1b: Whimsicott|Tailwind|p1b: Whimsicott\n|-sidestart|p1: blackred123|move: Tailwind\n|move|p1a: Miraidon|Volt Switch|p2b: Flutter Mane\n|-damage|p2b: Flutter Mane|0 fnt\n|faint|p2b: Flutter Mane\n|-end|p2b: Flutter Mane|Protosynthesis|[silent]\n|\n|t:|1770962504\n|switch|p1a: Incineroar|Incineroar, L50, M|100/100|[from] Volt Switch\n|-ability|p1a: Incineroar|Intimidate|boost\n|-unboost|p2a: Chi-Yu|atk|1\n|move|p2a: Chi-Yu|Overheat|p1a: Incineroar\n|-resisted|p1a: Incineroar\n|-damage|p1a: Incineroar|75/100\n|-unboost|p2a: Chi-Yu|spa|2\n|\n|upkeep\n|\n|t:|1770962513\n|switch|p2b: Koraidon|Koraidon, L50|100/100\n|-weather|SunnyDay|[from] ability: Orichalcum Pulse|[of] p2b: Koraidon\n|-activate|p2b: Koraidon|Orichalcum Pulse|[source]\n|turn|2\n|\n|t:|1770962533\n|-terastallize|p2b: Koraidon|Fire\n|move|p1b: Whimsicott|Encore|p2a: Chi-Yu\n|-hint|Since gen 7, Dark is immune to Prankster moves.\n|-immune|p2a: Chi-Yu\n|move|p2b: Koraidon|Flame Charge|p1b: Whimsicott\n|-supereffective|p1b: Whimsicott\n|-enditem|p1b: Whimsicott|Focus Sash\n|-damage|p1b: Whimsicott|1/100\n|-boost|p2b: Koraidon|spe|1\n|move|p1a: Incineroar|Knock Off|p2b: Koraidon\n|-damage|p2b: Koraidon|65/100\n|-enditem|p2b: Koraidon|Clear Amulet|[from] move: Knock Off|[of] p1a: Incineroar\n|move|p2a: Chi-Yu|Nasty Plot|p2a: Chi-Yu\n|-boost|p2a: Chi-Yu|spa|2\n|\n|-weather|SunnyDay|[upkeep]\n|upkeep\n|turn|3\n|inactive|Koishiiiiiiiiii has 30 seconds left.\n|inactive|blackred123 has 30 seconds left.\n|inactive|Koishiiiiiiiiii has 20 seconds left.\n|\n|t:|1770962573\n|move|p1b: Whimsicott|Light Screen|p1b: Whimsicott\n|-sidestart|p1: blackred123|move: Light Screen\n|move|p2b: Koraidon|Collision Course|p1a: Incineroar\n|-supereffective|p1a: Incineroar\n|-damage|p1a: Incineroar|0 fnt\n|faint|p1a: Incineroar\n|move|p2a: Chi-Yu|Heat Wave|p1b: Whimsicott\n|-supereffective|p1b: Whimsicott\n|-damage|p1b: Whimsicott|0 fnt\n|faint|p1b: Whimsicott\n|\n|-weather|SunnyDay|[upkeep]\n|upkeep\n|\n|t:|1770962578\n|switch|p1b: Miraidon|Miraidon, L50, shiny, tera:Electric|100/100\n|switch|p1a: Calyrex|Calyrex-Ice, L50|100/100\n|-ability|p1a: Calyrex|As One\n|-ability|p1a: Calyrex|Unnerve\n|-activate|p1b: Miraidon|ability: Hadron Engine\n|turn|4\n|inactive|Koishiiiiiiiiii has 30 seconds left.\n|inactive|Koishiiiiiiiiii has 20 seconds left.\n|inactive|Koishiiiiiiiiii has 15 seconds left.\n|\n|t:|1770962620\n|move|p1b: Miraidon|Electro Drift|p2b: Koraidon\n|-damage|p2b: Koraidon|0 fnt\n|faint|p2b: Koraidon\n|move|p2a: Chi-Yu|Overheat|p1a: Calyrex\n|-supereffective|p1a: Calyrex\n|-damage|p1a: Calyrex|0 fnt\n|-unboost|p2a: Chi-Yu|spa|2\n|faint|p1a: Calyrex\n|\n|-weather|SunnyDay|[upkeep]\n|-sideend|p1: blackred123|move: Tailwind\n|upkeep\n|\n|t:|1770962623\n|switch|p2b: Calyrex|Calyrex-Shadow, L50|100/100\n|-ability|p2b: Calyrex|As One\n|-ability|p2b: Calyrex|Unnerve\n|turn|5\n|\n|t:|1770962648\n|move|p2b: Calyrex|Astral Barrage|p1b: Miraidon\n|-damage|p1b: Miraidon|35/100\n|-damage|p2b: Calyrex|91/100|[from] item: Life Orb\n|move|p2a: Chi-Yu|Nasty Plot|p2a: Chi-Yu\n|-boost|p2a: Chi-Yu|spa|2\n|move|p1b: Miraidon|Snarl|p2b: Calyrex|[spread] p2a,p2b\n|-resisted|p2a: Chi-Yu\n|-supereffective|p2b: Calyrex\n|-damage|p2a: Chi-Yu|89/100\n|-damage|p2b: Calyrex|0 fnt\n|faint|p2b: Calyrex\n|\n|-weather|SunnyDay|[upkeep]\n|-fieldend|move: Electric Terrain\n|upkeep\n|turn|6\n|\n|t:|1770962662\n|move|p2a: Chi-Yu|Dark Pulse|p1b: Miraidon\n|-damage|p1b: Miraidon|5/100\n|move|p1b: Miraidon|Electro Drift|p2a: Chi-Yu\n|-damage|p2a: Chi-Yu|4/100\n|\n|-weather|none\n|upkeep\n|turn|7\n|\n|t:|1770962670\n|move|p2a: Chi-Yu|Dark Pulse|p1b: Miraidon\n|-damage|p1b: Miraidon|0 fnt\n|faint|p1b: Miraidon\n|\n|win|Koishiiiiiiiiii\n|raw|blackred123's rating: 1391 &rarr; <strong>1364</strong><br />(-27 for losing)\n|raw|Koishiiiiiiiiii's rating: 1265 &rarr; <strong>1299</strong><br />(+34 for winning)\n","uploadtime":1770962674,"views":32,"formatid":"gen9vgc2026regi","rating":1299,"private":0,"password":null}