{"id":"gen9vgc2026regi-2547904927","format":"[Gen 9] VGC 2026 Reg I","players":["Lowpass","cdogp3"],"log":"|j|\u2606Lowpass\n|j|\u2606cdogp3\n|t:|1772143401\n|gametype|doubles\n|player|p1|Lowpass|lance|1416\n|player|p2|cdogp3|hoopster|1696\n|gen|9\n|tier|[Gen 9] VGC 2026 Reg I\n|rated|\n|rule|Species Clause: Limit one of each Pok\u00e9mon\n|rule|Item Clause: Limit 1 of each item\n|clearpoke\n|poke|p1|Lugia, L50|\n|poke|p1|Groudon, L50|\n|poke|p1|Iron Valiant, L50|\n|poke|p1|Incineroar, L50, F|\n|poke|p1|Jumpluff, L50, F|\n|poke|p1|Walking Wake, L50|\n|poke|p2|Sneasler, L50, F|\n|poke|p2|Ditto, L50|\n|poke|p2|Calyrex-Ice, L50|\n|poke|p2|Miraidon, L50|\n|poke|p2|Urshifu-*, L50, F|\n|poke|p2|Incineroar, L50, F|\n|teampreview|4\n|inactive|Battle timer is ON: inactive players will automatically lose when time's up. (requested by cdogp3)\n|inactive|Lowpass also wants the timer to be on.\n|\n|t:|1772143426\n|teamsize|p1|4\n|teamsize|p2|4\n|start\n|switch|p1a: Iron Valiant|Iron Valiant, L50|100/100\n|switch|p1b: Groudon|Groudon, L50, shiny|100/100\n|switch|p2a: Calyrex|Calyrex-Ice, L50|100/100\n|switch|p2b: Miraidon|Miraidon, L50|100/100\n|-ability|p2a: Calyrex|As One\n|-ability|p2a: Calyrex|Unnerve\n|-fieldstart|move: Electric Terrain|[from] ability: Hadron Engine|[of] p2b: Miraidon\n|-activate|p1a: Iron Valiant|ability: Quark Drive\n|-start|p1a: Iron Valiant|quarkdrivespe\n|-weather|SunnyDay|[from] ability: Drought|[of] p1b: Groudon\n|turn|1\n|\n|t:|1772143441\n|-terastallize|p1b: Groudon|Fire\n|move|p1a: Iron Valiant|Spirit Break|p2b: Miraidon\n|-supereffective|p2b: Miraidon\n|-damage|p2b: Miraidon|34/100\n|-unboost|p2b: Miraidon|spa|1\n|move|p2b: Miraidon|Volt Switch|p1a: Iron Valiant\n|-damage|p1a: Iron Valiant|6/100\n|-damage|p2b: Miraidon|24/100|[from] item: Life Orb\n|\n|t:|1772143451\n|switch|p2b: Incineroar|Incineroar, L50, F|100/100|[from] Volt Switch\n|-ability|p2b: Incineroar|Intimidate|boost\n|-unboost|p1a: Iron Valiant|atk|1\n|-unboost|p1b: Groudon|atk|1\n|move|p1b: Groudon|Precipice Blades|p2b: Incineroar|[spread] p2b\n|-miss|p1b: Groudon|p2a: Calyrex\n|-supereffective|p2b: Incineroar\n|-damage|p2b: Incineroar|43/100\n|move|p2a: Calyrex|Glacial Lance|p1b: Groudon|[spread] p1a,p1b\n|-resisted|p1b: Groudon\n|-damage|p1a: Iron Valiant|0 fnt\n|-damage|p1b: Groudon|83/100\n|faint|p1a: Iron Valiant\n|-end|p1a: Iron Valiant|Quark Drive|[silent]\n|-ability|p2a: Calyrex|Chilling Neigh|boost\n|-boost|p2a: Calyrex|atk|1\n|\n|-weather|SunnyDay|[upkeep]\n|upkeep\n|\n|t:|1772143464\n|switch|p1a: Incineroar|Incineroar, L50, F|100/100\n|-ability|p1a: Incineroar|Intimidate|boost\n|-fail|p2a: Calyrex|unboost|[from] item: Clear Amulet|[of] p2a: Calyrex\n|-unboost|p2b: Incineroar|atk|1\n|turn|2\n|\n|t:|1772143469\n|switch|p1b: Walking Wake|Walking Wake, L50|100/100\n|-activate|p1b: Walking Wake|ability: Protosynthesis\n|-start|p1b: Walking Wake|protosynthesisspe\n|move|p2b: Incineroar|Fake Out|p1a: Incineroar\n|-damage|p1a: Incineroar|94/100\n|cant|p1a: Incineroar|flinch\n|move|p2a: Calyrex|High Horsepower|p1a: Incineroar|[miss]\n|-miss|p2a: Calyrex|p1a: Incineroar\n|\n|-weather|SunnyDay|[upkeep]\n|upkeep\n|turn|3\n|\n|t:|1772143485\n|move|p2a: Calyrex|Protect|p2a: Calyrex\n|-singleturn|p2a: Calyrex|Protect\n|move|p1b: Walking Wake|Hydro Steam|p2a: Calyrex\n|-activate|p2a: Calyrex|move: Protect\n|move|p2b: Incineroar|Knock Off|p1b: Walking Wake\n|-damage|p1b: Walking Wake|70/100\n|-enditem|p1b: Walking Wake|Life Orb|[from] move: Knock Off|[of] p2b: Incineroar\n|move|p1a: Incineroar|Flare Blitz|p2a: Calyrex\n|-activate|p2a: Calyrex|move: Protect\n|\n|-weather|SunnyDay|[upkeep]\n|upkeep\n|turn|4\n|\n|t:|1772143511\n|-terastallize|p2a: Calyrex|Water\n|move|p1b: Walking Wake|Hydro Steam|p2a: Calyrex\n|-resisted|p2a: Calyrex\n|-damage|p2a: Calyrex|81/100\n|move|p2b: Incineroar|U-turn|p1b: Walking Wake\n|-damage|p1b: Walking Wake|54/100\n|\n|t:|1772143515\n|switch|p2b: Miraidon|Miraidon, L50|24/100|[from] U-turn\n|-activate|p2b: Miraidon|ability: Hadron Engine\n|move|p1a: Incineroar|Flare Blitz|p2a: Calyrex\n|-resisted|p2a: Calyrex\n|-damage|p2a: Calyrex|60/100\n|-damage|p1a: Incineroar|87/100|[from] Recoil\n|move|p2a: Calyrex|Trick Room|p2a: Calyrex\n|-fieldstart|move: Trick Room|[of] p2a: Calyrex\n|\n|-weather|SunnyDay|[upkeep]\n|upkeep\n|turn|5\n|\n|t:|1772143530\n|move|p2a: Calyrex|High Horsepower|p1a: Incineroar\n|-supereffective|p1a: Incineroar\n|-damage|p1a: Incineroar|1/100\n|move|p1a: Incineroar|Knock Off|p2b: Miraidon\n|-damage|p2b: Miraidon|0 fnt\n|-enditem|p2b: Miraidon|Life Orb|[from] move: Knock Off|[of] p1a: Incineroar\n|faint|p2b: Miraidon\n|move|p1b: Walking Wake|Draco Meteor|p2a: Calyrex\n|-damage|p2a: Calyrex|20/100\n|-unboost|p1b: Walking Wake|spa|2\n|\n|-weather|none\n|-end|p1b: Walking Wake|Protosynthesis\n|-fieldend|move: Electric Terrain\n|upkeep\n|\n|t:|1772143539\n|switch|p2b: Sneasler|Sneasler, L50, F|100/100\n|turn|6\n|\n|t:|1772143547\n|switch|p1a: Groudon|Groudon, L50, shiny, tera:Fire|83/100\n|-weather|SunnyDay|[from] ability: Drought|[of] p1a: Groudon\n|-activate|p1b: Walking Wake|ability: Protosynthesis\n|-start|p1b: Walking Wake|protosynthesisspe\n|move|p1b: Walking Wake|Protect|p1b: Walking Wake\n|-singleturn|p1b: Walking Wake|Protect\n|move|p2a: Calyrex|Glacial Lance|p1b: Walking Wake|[spread] p1a\n|-activate|p1b: Walking Wake|move: Protect\n|-resisted|p1a: Groudon\n|-damage|p1a: Groudon|56/100\n|move|p2b: Sneasler|Low Kick|p1a: Groudon\n|-damage|p1a: Groudon|15/100\n|\n|-weather|SunnyDay|[upkeep]\n|upkeep\n|turn|7\n|\n|t:|1772143563\n|move|p2a: Calyrex|Glacial Lance|p1b: Walking Wake|[spread] p1a,p1b\n|-resisted|p1a: Groudon\n|-damage|p1a: Groudon|0 fnt\n|-damage|p1b: Walking Wake|0 fnt\n|faint|p1a: Groudon\n|faint|p1b: Walking Wake\n|-end|p1b: Walking Wake|Protosynthesis|[silent]\n|-ability|p2a: Calyrex|Chilling Neigh|boost\n|-boost|p2a: Calyrex|atk|2\n|move|p2b: Sneasler|Dire Claw|p1: Groudon|[notarget]\n|-fail|p2b: Sneasler\n|\n|-weather|SunnyDay|[upkeep]\n|upkeep\n|-message|Lowpass forfeited.\n|\n|win|cdogp3\n|raw|Lowpass's rating: 1416 &rarr; <strong>1409</strong><br />(-7 for losing)\n|raw|cdogp3's rating: 1696 &rarr; <strong>1703</strong><br />(+7 for winning)\n|l|\u2606Lowpass\n|player|p1|\n|l|\u2606cdogp3\n|player|p2|\n","uploadtime":1772143712,"views":13,"formatid":"gen9vgc2026regi","rating":1409,"private":0,"password":null}