{"id":"gen9vgc2026regi-2548243887","format":"[Gen 9] VGC 2026 Reg I","players":["Hrivik","ky123456"],"log":"|j|\u2606Hrivik\n|j|\u2606ky123456\n|t:|1772193056\n|gametype|doubles\n|player|p1|Hrivik|lance|1272\n|player|p2|ky123456|cynthia-gen4|1568\n|gen|9\n|tier|[Gen 9] VGC 2026 Reg I\n|rated|\n|rule|Species Clause: Limit one of each Pok\u00e9mon\n|rule|Item Clause: Limit 1 of each item\n|clearpoke\n|poke|p1|Chi-Yu, L50|\n|poke|p1|Calyrex-Shadow, L50|\n|poke|p1|Koraidon, L50|\n|poke|p1|Whimsicott, L50, F|\n|poke|p1|Houndstone, L50, M|\n|poke|p1|Scovillain, L50, M|\n|poke|p2|Kyogre, L50|\n|poke|p2|Calyrex-Ice, L50|\n|poke|p2|Grimmsnarl, L50, M|\n|poke|p2|Rillaboom, L50, F|\n|poke|p2|Landorus, L50, M|\n|poke|p2|Urshifu-*, L50, M|\n|teampreview|4\n|\n|t:|1772193080\n|teamsize|p1|4\n|teamsize|p2|4\n|start\n|switch|p1a: Scovillain|Scovillain, L50, M|100/100\n|switch|p1b: Calyrex|Calyrex-Shadow, L50|100/100\n|switch|p2a: Calyrex|Calyrex-Ice, L50|100/100\n|switch|p2b: Grimmsnarl|Grimmsnarl, L50, M|100/100\n|-ability|p1b: Calyrex|As One\n|-ability|p1b: Calyrex|Unnerve\n|-ability|p2a: Calyrex|As One\n|-ability|p2a: Calyrex|Unnerve\n|turn|1\n|\n|t:|1772193110\n|-terastallize|p1b: Calyrex|Dark\n|-terastallize|p2a: Calyrex|Grass\n|move|p1a: Scovillain|Helping Hand|p1b: Calyrex\n|-singleturn|p1b: Calyrex|Helping Hand|[of] p1a: Scovillain\n|move|p2b: Grimmsnarl|Light Screen|p2b: Grimmsnarl\n|-sidestart|p2: ky123456|move: Light Screen\n|move|p1b: Calyrex|Astral Barrage|p2a: Calyrex|[spread] p2a,p2b\n|-resisted|p2b: Grimmsnarl\n|-damage|p2a: Calyrex|69/100\n|-damage|p2b: Grimmsnarl|70/100\n|move|p2a: Calyrex|Trick Room|p2a: Calyrex\n|-fieldstart|move: Trick Room|[of] p2a: Calyrex\n|\n|-heal|p2a: Calyrex|74/100|[from] item: Leftovers\n|upkeep\n|turn|2\n|\n|t:|1772193134\n|move|p1a: Scovillain|Protect|p1a: Scovillain\n|-singleturn|p1a: Scovillain|Protect\n|move|p1b: Calyrex|Protect|p1b: Calyrex\n|-singleturn|p1b: Calyrex|Protect\n|move|p2a: Calyrex|Glacial Lance|p1b: Calyrex|[spread] \n|-activate|p1a: Scovillain|move: Protect\n|-activate|p1b: Calyrex|move: Protect\n|move|p2b: Grimmsnarl|Foul Play|p1a: Scovillain\n|-activate|p1a: Scovillain|move: Protect\n|\n|-heal|p2a: Calyrex|80/100|[from] item: Leftovers\n|upkeep\n|turn|3\n|\n|t:|1772193147\n|move|p1a: Scovillain|Helping Hand|p1b: Calyrex\n|-singleturn|p1b: Calyrex|Helping Hand|[of] p1a: Scovillain\n|move|p2a: Calyrex|Glacial Lance|p1b: Calyrex|[spread] p1a,p1b\n|-crit|p1b: Calyrex\n|-damage|p1a: Scovillain|0 fnt\n|-damage|p1b: Calyrex|7/100\n|faint|p1a: Scovillain\n|-ability|p2a: Calyrex|Chilling Neigh|boost\n|-boost|p2a: Calyrex|atk|1\n|move|p2b: Grimmsnarl|Foul Play|p1b: Calyrex\n|-resisted|p1b: Calyrex\n|-damage|p1b: Calyrex|0 fnt\n|faint|p1b: Calyrex\n|\n|-heal|p2a: Calyrex|86/100|[from] item: Leftovers\n|upkeep\n|\n|t:|1772193155\n|switch|p1a: Koraidon|Koraidon, L50|100/100\n|switch|p1b: Chi-Yu|Chi-Yu, L50|100/100\n|-ability|p1b: Chi-Yu|Beads of Ruin\n|-weather|SunnyDay|[from] ability: Orichalcum Pulse|[of] p1a: Koraidon\n|-activate|p1a: Koraidon|Orichalcum Pulse|[source]\n|turn|4\n|\n|t:|1772193163\n|move|p1b: Chi-Yu|Protect|p1b: Chi-Yu\n|-singleturn|p1b: Chi-Yu|Protect\n|move|p1a: Koraidon|Protect|p1a: Koraidon\n|-singleturn|p1a: Koraidon|Protect\n|move|p2b: Grimmsnarl|Reflect|p2b: Grimmsnarl\n|-sidestart|p2: ky123456|Reflect\n|move|p2a: Calyrex|Glacial Lance|p1a: Koraidon|[spread] \n|-activate|p1a: Koraidon|move: Protect\n|-activate|p1b: Chi-Yu|move: Protect\n|\n|-weather|SunnyDay|[upkeep]\n|-heal|p2a: Calyrex|92/100|[from] item: Leftovers\n|upkeep\n|turn|5\n|\n|t:|1772193175\n|move|p1a: Koraidon|Protect||[still]\n|-fail|p1a: Koraidon\n|move|p2b: Grimmsnarl|Thunder Wave|p1a: Koraidon\n|-status|p1a: Koraidon|par\n|move|p2a: Calyrex|Glacial Lance|p1a: Koraidon|[spread] p1a,p1b\n|-supereffective|p1a: Koraidon\n|-resisted|p1b: Chi-Yu\n|-damage|p1a: Koraidon|0 fnt\n|-damage|p1b: Chi-Yu|32/100\n|faint|p1a: Koraidon\n|-ability|p2a: Calyrex|Chilling Neigh|boost\n|-boost|p2a: Calyrex|atk|1\n|move|p1b: Chi-Yu|Heat Wave|p2b: Grimmsnarl|[spread] p2a\n|-miss|p1b: Chi-Yu|p2b: Grimmsnarl\n|-supereffective|p2a: Calyrex\n|-damage|p2a: Calyrex|26/100\n|\n|-weather|SunnyDay|[upkeep]\n|-heal|p2a: Calyrex|31/100|[from] item: Leftovers\n|-fieldend|move: Trick Room\n|upkeep\n|turn|6\n|-message|Hrivik forfeited.\n|\n|win|ky123456\n|raw|Hrivik's rating: 1272 &rarr; <strong>1264</strong><br />(-8 for losing)\n|raw|ky123456's rating: 1568 &rarr; <strong>1574</strong><br />(+6 for winning)\n|l|\u2606Hrivik\n|player|p1|\n|l|\u2606ky123456\n|player|p2|\n","uploadtime":1772193362,"views":14,"formatid":"gen9vgc2026regi","rating":1264,"private":0,"password":null}