{"id":"gen9vgc2026regi-2567094348","format":"[Gen 9] VGC 2026 Reg I","players":["Vulpisfoglia","blackred123"],"log":"|j|\u2606Vulpisfoglia\n|j|\u2606blackred123\n|t:|1774448604\n|gametype|doubles\n|player|p1|Vulpisfoglia|kunoichi2-conquest|1470\n|player|p2|blackred123|iono-masters|1453\n|gen|9\n|tier|[Gen 9] VGC 2026 Reg I\n|rated|\n|rule|Species Clause: Limit one of each Pok\u00e9mon\n|rule|Item Clause: Limit 1 of each item\n|clearpoke\n|poke|p1|Calyrex-Shadow, L50|\n|poke|p1|Zamazenta-*, L50|\n|poke|p1|Rillaboom, L50, F|\n|poke|p1|Clefairy, L50, M|\n|poke|p1|Incineroar, L50, F|\n|poke|p1|Regieleki, L50|\n|poke|p2|Amoonguss, L50, F|\n|poke|p2|Calyrex-Ice, L50|\n|poke|p2|Kyogre, L50|\n|poke|p2|Grimmsnarl, L50, M|\n|poke|p2|Flutter Mane, L50|\n|poke|p2|Basculegion, L50, M|\n|teampreview|4\n|inactive|Battle timer is ON: inactive players will automatically lose when time's up. (requested by blackred123)\n|\n|t:|1774448632\n|teamsize|p1|4\n|teamsize|p2|4\n|start\n|switch|p1a: Calyrex|Calyrex-Shadow, L50|100/100\n|switch|p1b: Incineroar|Incineroar, L50, F|100/100\n|switch|p2a: Calyrex|Calyrex-Ice, L50|100/100\n|switch|p2b: Grimmsnarl|Grimmsnarl, L50, M|100/100\n|-ability|p1a: Calyrex|As One\n|-ability|p1a: Calyrex|Unnerve\n|-ability|p2a: Calyrex|As One\n|-ability|p2a: Calyrex|Unnerve\n|-ability|p1b: Incineroar|Intimidate|boost\n|-unboost|p2a: Calyrex|atk|1\n|-unboost|p2b: Grimmsnarl|atk|1\n|turn|1\n|j| Harrie Harktand\n|\n|t:|1774448646\n|move|p2a: Calyrex|Protect|p2a: Calyrex\n|-singleturn|p2a: Calyrex|Protect\n|move|p2b: Grimmsnarl|Sucker Punch||[still]\n|-fail|p2b: Grimmsnarl\n|move|p1a: Calyrex|Nasty Plot|p1a: Calyrex\n|-boost|p1a: Calyrex|spa|2\n|move|p1b: Incineroar|Taunt|p2a: Calyrex\n|-activate|p2a: Calyrex|move: Protect\n|\n|upkeep\n|turn|2\n|\n|t:|1774448662\n|-terastallize|p1a: Calyrex|Dark\n|-terastallize|p2a: Calyrex|Fairy\n|move|p2b: Grimmsnarl|Light Screen|p2b: Grimmsnarl\n|-sidestart|p2: blackred123|move: Light Screen\n|move|p1a: Calyrex|Astral Barrage|p2b: Grimmsnarl|[spread] p2a,p2b\n|-resisted|p2b: Grimmsnarl\n|-damage|p2a: Calyrex|48/100\n|-damage|p2b: Grimmsnarl|63/100\n|-damage|p1a: Calyrex|91/100|[from] item: Life Orb\n|move|p1b: Incineroar|Taunt|p2a: Calyrex\n|-start|p2a: Calyrex|move: Taunt\n|cant|p2a: Calyrex|move: Taunt|Trick Room\n|\n|-heal|p2a: Calyrex|54/100|[from] item: Leftovers\n|upkeep\n|turn|3\n|\n|t:|1774448682\n|move|p1a: Calyrex|Astral Barrage|p2b: Grimmsnarl|[spread] p2a,p2b\n|-resisted|p2b: Grimmsnarl\n|-damage|p2a: Calyrex|0 fnt\n|-damage|p2b: Grimmsnarl|24/100\n|faint|p2a: Calyrex\n|-ability|p1a: Calyrex|Grim Neigh|boost\n|-boost|p1a: Calyrex|spa|1\n|-damage|p1a: Calyrex|81/100|[from] item: Life Orb\n|move|p2b: Grimmsnarl|Spirit Break|p1a: Calyrex\n|-supereffective|p1a: Calyrex\n|-damage|p1a: Calyrex|35/100\n|-unboost|p1a: Calyrex|spa|1\n|move|p1b: Incineroar|Knock Off|p2b: Grimmsnarl\n|-resisted|p2b: Grimmsnarl\n|-damage|p2b: Grimmsnarl|13/100\n|-enditem|p2b: Grimmsnarl|Light Clay|[from] move: Knock Off|[of] p1b: Incineroar\n|\n|upkeep\n|\n|t:|1774448691\n|switch|p2a: Basculegion|Basculegion, L50, M|100/100\n|turn|4\n|\n|t:|1774448701\n|switch|p2b: Kyogre|Kyogre, L50|100/100\n|-weather|RainDance|[from] ability: Drizzle|[of] p2b: Kyogre\n|switch|p1b: Rillaboom|Rillaboom, L50, F|100/100\n|-fieldstart|move: Grassy Terrain|[from] ability: Grassy Surge|[of] p1b: Rillaboom\n|move|p2a: Basculegion|Aqua Jet|p1a: Calyrex\n|-damage|p1a: Calyrex|0 fnt\n|faint|p1a: Calyrex\n|-damage|p2a: Basculegion|91/100|[from] item: Life Orb\n|\n|-weather|RainDance|[upkeep]\n|-heal|p2a: Basculegion|97/100|[from] Grassy Terrain\n|upkeep\n|\n|t:|1774448711\n|switch|p1a: Incineroar|Incineroar, L50, F|100/100\n|-ability|p1a: Incineroar|Intimidate|boost\n|-unboost|p2a: Basculegion|atk|1\n|-unboost|p2b: Kyogre|atk|1\n|turn|5\n|inactive|blackred123 has 30 seconds left.\n|\n|t:|1774448741\n|switch|p2a: Grimmsnarl|Grimmsnarl, L50, M|13/100\n|move|p2b: Kyogre|Protect|p2b: Kyogre\n|-singleturn|p2b: Kyogre|Protect\n|move|p1b: Rillaboom|Fake Out|p2b: Kyogre\n|-activate|p2b: Kyogre|move: Protect\n|move|p1a: Incineroar|Parting Shot|p2a: Grimmsnarl\n|-unboost|p2a: Grimmsnarl|atk|1\n|-unboost|p2a: Grimmsnarl|spa|1\n|\n|t:|1774448753\n|switch|p1a: Zamazenta|Zamazenta-Crowned, L50|100/100|[from] Parting Shot\n|-ability|p1a: Zamazenta|Dauntless Shield|boost\n|-boost|p1a: Zamazenta|def|1\n|\n|-weather|RainDance|[upkeep]\n|-heal|p2a: Grimmsnarl|19/100|[from] Grassy Terrain\n|upkeep\n|turn|6\n|\n|t:|1774448763\n|switch|p2b: Basculegion|Basculegion, L50, M|97/100\n|move|p1a: Zamazenta|Wide Guard|p1a: Zamazenta\n|-singleturn|p1a: Zamazenta|Wide Guard\n|move|p2a: Grimmsnarl|Reflect|p2a: Grimmsnarl\n|-sidestart|p2: blackred123|Reflect\n|move|p1b: Rillaboom|Wood Hammer|p2b: Basculegion\n|-supereffective|p2b: Basculegion\n|-damage|p2b: Basculegion|0 fnt\n|faint|p2b: Basculegion\n|-damage|p1b: Rillaboom|67/100|[from] Recoil\n|\n|-weather|RainDance|[upkeep]\n|-heal|p1b: Rillaboom|73/100|[from] Grassy Terrain\n|-heal|p2a: Grimmsnarl|25/100|[from] Grassy Terrain\n|upkeep\n|\n|t:|1774448772\n|switch|p2b: Kyogre|Kyogre, L50|100/100\n|turn|7\n|l| Harrie Harktand\n|\n|t:|1774448788\n|move|p1b: Rillaboom|Grassy Glide|p2b: Kyogre\n|-supereffective|p2b: Kyogre\n|-damage|p2b: Kyogre|52/100\n|move|p1a: Zamazenta|Body Press|p2a: Grimmsnarl\n|-damage|p2a: Grimmsnarl|0 fnt\n|faint|p2a: Grimmsnarl\n|move|p2b: Kyogre|Origin Pulse|p1a: Zamazenta|[spread] p1a,p1b\n|-resisted|p1b: Rillaboom\n|-damage|p1a: Zamazenta|41/100\n|-damage|p1b: Rillaboom|41/100\n|\n|-weather|RainDance|[upkeep]\n|-heal|p1a: Zamazenta|47/100|[from] Grassy Terrain\n|-heal|p2b: Kyogre|58/100|[from] Grassy Terrain\n|-heal|p1b: Rillaboom|47/100|[from] Grassy Terrain\n|upkeep\n|turn|8\n|-message|blackred123 forfeited.\n|\n|win|Vulpisfoglia\n|raw|Vulpisfoglia's rating: 1470 &rarr; <strong>1489</strong><br />(+19 for winning)\n|raw|blackred123's rating: 1453 &rarr; <strong>1434</strong><br />(-19 for losing)\n|l|\u2606blackred123\n|player|p2|\n|l|\u2606Vulpisfoglia\n|player|p1|\n","uploadtime":1774448980,"views":13,"formatid":"gen9vgc2026regi","rating":1434,"private":0,"password":null}