{"id":"gen9vgc2026regi-2565993885","format":"[Gen 9] VGC 2026 Reg I","players":["jeyisthename","alexit93"],"log":"|j|\u2606jeyisthename\n|j|\u2606alexit93\n|t:|1774327369\n|gametype|doubles\n|player|p1|jeyisthename|barry|1323\n|player|p2|alexit93|lucas-gen4pt|1390\n|gen|9\n|tier|[Gen 9] VGC 2026 Reg I\n|rated|\n|rule|Species Clause: Limit one of each Pok\u00e9mon\n|rule|Item Clause: Limit 1 of each item\n|clearpoke\n|poke|p1|Miraidon, L50|\n|poke|p1|Calyrex-Ice, L50|\n|poke|p1|Amoonguss, L50, F|\n|poke|p1|Incineroar, L50, M|\n|poke|p1|Urshifu-*, L50, F|\n|poke|p1|Landorus, L50, M|\n|poke|p2|Zamazenta-*, L50|\n|poke|p2|Chien-Pao, L50|\n|poke|p2|Calyrex-Shadow, L50|\n|poke|p2|Whimsicott, L50, F|\n|poke|p2|Rillaboom, L50, M|\n|poke|p2|Landorus, L50, M|\n|teampreview|4\n|\n|t:|1774327401\n|teamsize|p1|4\n|teamsize|p2|4\n|start\n|switch|p1a: Incineroar|Incineroar, L50, M|100/100\n|switch|p1b: Urshifu|Urshifu-Rapid-Strike, L50, F|100/100\n|switch|p2a: Calyrex|Calyrex-Shadow, L50|100/100\n|switch|p2b: Landorus|Landorus, L50, M|100/100\n|-ability|p2a: Calyrex|As One\n|-ability|p2a: Calyrex|Unnerve\n|-ability|p1a: Incineroar|Intimidate|boost\n|-unboost|p2a: Calyrex|atk|1\n|-unboost|p2b: Landorus|atk|1\n|turn|1\n|\n|t:|1774327429\n|-terastallize|p1b: Urshifu|Stellar\n|-terastallize|p2b: Landorus|Water\n|move|p1a: Incineroar|Fake Out|p2b: Landorus\n|-damage|p2b: Landorus|87/100\n|move|p2a: Calyrex|Psychic|p1b: Urshifu\n|-supereffective|p1b: Urshifu\n|-enditem|p1b: Urshifu|Focus Sash\n|-damage|p1b: Urshifu|1/100\n|move|p1b: Urshifu|Surging Strikes|p2a: Calyrex\n|-crit|p2a: Calyrex\n|-damage|p2a: Calyrex|63/100\n|-crit|p2a: Calyrex\n|-damage|p2a: Calyrex|28/100\n|-crit|p2a: Calyrex\n|-damage|p2a: Calyrex|0 fnt\n|faint|p2a: Calyrex\n|-hitcount|p2: Calyrex|3\n|cant|p2b: Landorus|flinch\n|\n|upkeep\n|\n|t:|1774327438\n|switch|p2a: Zamazenta|Zamazenta-Crowned, L50, shiny|100/100\n|-ability|p2a: Zamazenta|Dauntless Shield|boost\n|-boost|p2a: Zamazenta|def|1\n|turn|2\n|\n|t:|1774327476\n|switch|p1a: Calyrex|Calyrex-Ice, L50|100/100\n|-ability|p1a: Calyrex|As One\n|-ability|p1a: Calyrex|Unnerve\n|move|p1b: Urshifu|Detect|p1b: Urshifu\n|-singleturn|p1b: Urshifu|Protect\n|move|p2a: Zamazenta|Body Press|p1b: Urshifu\n|-activate|p1b: Urshifu|move: Protect\n|move|p2b: Landorus|Earth Power|p1a: Calyrex\n|-damage|p1a: Calyrex|54/100\n|\n|upkeep\n|turn|3\n|\n|t:|1774327511\n|switch|p1b: Landorus|Landorus, L50, M|100/100\n|move|p1a: Calyrex|Protect|p1a: Calyrex\n|-singleturn|p1a: Calyrex|Protect\n|move|p2a: Zamazenta|Body Press|p1b: Landorus\n|-resisted|p1b: Landorus\n|-damage|p1b: Landorus|65/100\n|move|p2b: Landorus|Sandsear Storm|p1a: Calyrex|[spread] \n|-activate|p1a: Calyrex|move: Protect\n|-immune|p1b: Landorus\n|\n|upkeep\n|turn|4\n|\n|t:|1774327557\n|move|p2a: Zamazenta|Behemoth Bash|p1b: Landorus\n|-damage|p1b: Landorus|28/100\n|move|p1b: Landorus|Earth Power|p2a: Zamazenta\n|-supereffective|p2a: Zamazenta\n|-damage|p2a: Zamazenta|0 fnt\n|faint|p2a: Zamazenta\n|move|p2b: Landorus|Sludge Bomb|p1b: Landorus\n|-resisted|p1b: Landorus\n|-damage|p1b: Landorus|3/100\n|move|p1a: Calyrex|Trick Room|p1a: Calyrex\n|-fieldstart|move: Trick Room|[of] p1a: Calyrex\n|\n|upkeep\n|\n|t:|1774327568\n|switch|p2a: Rillaboom|Rillaboom, L50, M|100/100\n|-fieldstart|move: Grassy Terrain|[from] ability: Grassy Surge|[of] p2a: Rillaboom\n|turn|5\n|\n|t:|1774327594\n|move|p2a: Rillaboom|Fake Out|p1b: Landorus\n|-damage|p1b: Landorus|0 fnt\n|faint|p1b: Landorus\n|move|p1a: Calyrex|Glacial Lance|p2a: Rillaboom|[spread] p2a,p2b\n|-supereffective|p2a: Rillaboom\n|-resisted|p2b: Landorus\n|-damage|p2a: Rillaboom|0 fnt\n|-damage|p2b: Landorus|57/100\n|faint|p2a: Rillaboom\n|-ability|p1a: Calyrex|Chilling Neigh|boost\n|-boost|p1a: Calyrex|atk|1\n|move|p2b: Landorus|Sandsear Storm|p1a: Calyrex\n|-damage|p1a: Calyrex|7/100\n|\n|-heal|p1a: Calyrex|13/100|[from] Grassy Terrain\n|-heal|p2b: Landorus|63/100|[from] Grassy Terrain\n|upkeep\n|\n|t:|1774327608\n|switch|p1b: Incineroar|Incineroar, L50, M|100/100\n|-ability|p1b: Incineroar|Intimidate|boost\n|-unboost|p2b: Landorus|atk|1\n|turn|6\n|\n|t:|1774327618\n|move|p2b: Landorus|Protect|p2b: Landorus\n|-singleturn|p2b: Landorus|Protect\n|move|p1b: Incineroar|Fake Out|p2b: Landorus\n|-activate|p2b: Landorus|move: Protect\n|move|p1a: Calyrex|High Horsepower|p2b: Landorus\n|-activate|p2b: Landorus|move: Protect\n|\n|-heal|p1a: Calyrex|18/100|[from] Grassy Terrain\n|-heal|p2b: Landorus|69/100|[from] Grassy Terrain\n|upkeep\n|turn|7\n|\n|t:|1774327631\n|move|p1a: Calyrex|High Horsepower|p2b: Landorus\n|-damage|p2b: Landorus|7/100\n|move|p1b: Incineroar|Knock Off|p2b: Landorus\n|-damage|p2b: Landorus|0 fnt\n|-enditem|p2b: Landorus|Life Orb|[from] move: Knock Off|[of] p1b: Incineroar\n|faint|p2b: Landorus\n|\n|win|jeyisthename\n|raw|jeyisthename's rating: 1323 &rarr; <strong>1347</strong><br />(+24 for winning)\n|raw|alexit93's rating: 1390 &rarr; <strong>1366</strong><br />(-24 for losing)\n|c|\u2606jeyisthename|ggs\n|l|\u2606jeyisthename\n|player|p1|\n|l|\u2606alexit93\n|player|p2|\n","uploadtime":1774327794,"views":10,"formatid":"gen9vgc2026regi","rating":1347,"private":0,"password":null}