{"id":"gen9vgc2026regi-2591035144","format":"[Gen 9] VGC 2026 Reg I","players":["Sunny_zong1","Alejandro Almada"],"log":"|j|\u2606Sunny_zong1\n|j|\u2606Alejandro Almada\n|t:|1776869968\n|gametype|doubles\n|player|p1|Sunny_zong1|bugsy|1541\n|player|p2|Alejandro Almada|1|1601\n|gen|9\n|tier|[Gen 9] VGC 2026 Reg I\n|rated|\n|rule|Species Clause: Limit one of each Pok\u00e9mon\n|rule|Item Clause: Limit 1 of each item\n|clearpoke\n|poke|p1|Annihilape, L50, M|\n|poke|p1|Miraidon, L50|\n|poke|p1|Calyrex-Shadow, L50|\n|poke|p1|Wo-Chien, L50|\n|poke|p1|Grimmsnarl, L50, M|\n|poke|p1|Indeedee, L50, M|\n|poke|p2|Lunala, L50|\n|poke|p2|Ursaluna, L50, F|\n|poke|p2|Urshifu-*, L50, F|\n|poke|p2|Miraidon, L50|\n|poke|p2|Grimmsnarl, L50, M|\n|poke|p2|Incineroar, L50, M|\n|teampreview|4\n|inactive|Battle timer is ON: inactive players will automatically lose when time's up. (requested by Sunny_zong1)\n|\n|t:|1776869998\n|teamsize|p1|4\n|teamsize|p2|4\n|start\n|switch|p1a: Grimmsnarl|Grimmsnarl, L50, M|100/100\n|switch|p1b: Miraidon|Miraidon, L50|100/100\n|switch|p2a: Lunala|Lunala, L50|100/100\n|switch|p2b: Grimmsnarl|Grimmsnarl, L50, M|100/100\n|-fieldstart|move: Electric Terrain|[from] ability: Hadron Engine|[of] p1b: Miraidon\n|-enditem|p2a: Lunala|Electric Seed\n|-boost|p2a: Lunala|def|1|[from] item: Electric Seed\n|turn|1\n|\n|t:|1776870020\n|-terastallize|p2a: Lunala|Fairy\n|move|p2b: Grimmsnarl|Light Screen|p2b: Grimmsnarl\n|-sidestart|p2: Alejandro Almada|move: Light Screen\n|move|p1a: Grimmsnarl|Light Screen|p1a: Grimmsnarl\n|-sidestart|p1: Sunny_zong1|move: Light Screen\n|move|p1b: Miraidon|Parabolic Charge|p2a: Lunala|[spread] p1a,p2a,p2b\n|-damage|p1a: Grimmsnarl|73/100\n|-damage|p2a: Lunala|87/100\n|-damage|p2b: Grimmsnarl|65/100\n|-damage|p1b: Miraidon|91/100|[from] item: Life Orb\n|move|p2a: Lunala|Moonblast|p1b: Miraidon\n|-supereffective|p1b: Miraidon\n|-damage|p1b: Miraidon|31/100\n|\n|upkeep\n|turn|2\n|\n|t:|1776870034\n|move|p1b: Miraidon|Protect|p1b: Miraidon\n|-singleturn|p1b: Miraidon|Protect\n|move|p1a: Grimmsnarl|Thunder Wave|p2a: Lunala\n|-status|p2a: Lunala|par\n|move|p2b: Grimmsnarl|Spirit Break|p1b: Miraidon\n|-activate|p1b: Miraidon|move: Protect\n|move|p2a: Lunala|Moonblast|p1a: Grimmsnarl\n|-supereffective|p1a: Grimmsnarl\n|-damage|p1a: Grimmsnarl|21/100\n|\n|upkeep\n|turn|3\n|\n|t:|1776870045\n|move|p1a: Grimmsnarl|Reflect|p1a: Grimmsnarl\n|-sidestart|p1: Sunny_zong1|Reflect\n|move|p1b: Miraidon|Electro Drift|p2a: Lunala\n|-damage|p2a: Lunala|32/100 par\n|-damage|p1b: Miraidon|22/100|[from] item: Life Orb\n|move|p2b: Grimmsnarl|Spirit Break|p1b: Miraidon\n|-supereffective|p1b: Miraidon\n|-damage|p1b: Miraidon|0 fnt\n|faint|p1b: Miraidon\n|move|p2a: Lunala|Moonblast|p1a: Grimmsnarl\n|-supereffective|p1a: Grimmsnarl\n|-damage|p1a: Grimmsnarl|0 fnt\n|faint|p1a: Grimmsnarl\n|\n|upkeep\n|\n|t:|1776870048\n|switch|p1b: Wo-Chien|Wo-Chien, L50|100/100\n|switch|p1a: Calyrex|Calyrex-Shadow, L50|100/100\n|-ability|p1a: Calyrex|As One\n|-ability|p1a: Calyrex|Unnerve\n|-ability|p1b: Wo-Chien|Tablets of Ruin\n|turn|4\n|\n|t:|1776870064\n|-terastallize|p1a: Calyrex|Ghost\n|move|p1a: Calyrex|Astral Barrage|p2a: Lunala|[spread] p2a,p2b\n|-crit|p2a: Lunala\n|-resisted|p2b: Grimmsnarl\n|-damage|p2a: Lunala|0 fnt\n|-damage|p2b: Grimmsnarl|29/100\n|faint|p2a: Lunala\n|-ability|p1a: Calyrex|Grim Neigh|boost\n|-boost|p1a: Calyrex|spa|1\n|move|p1b: Wo-Chien|Pollen Puff|p1a: Calyrex\n|move|p2b: Grimmsnarl|Spirit Break|p1b: Wo-Chien\n|-supereffective|p1b: Wo-Chien\n|-damage|p1b: Wo-Chien|73/100\n|-unboost|p1b: Wo-Chien|spa|1\n|\n|-heal|p1b: Wo-Chien|80/100|[from] item: Leftovers\n|upkeep\n|\n|t:|1776870068\n|switch|p2a: Miraidon|Miraidon, L50|100/100\n|-activate|p2a: Miraidon|ability: Hadron Engine\n|turn|5\n|\n|t:|1776870085\n|move|p2b: Grimmsnarl|Thunder Wave|p1a: Calyrex\n|-status|p1a: Calyrex|par\n|move|p2a: Miraidon|Snarl|p1b: Wo-Chien|[spread] p1a,p1b\n|-supereffective|p1a: Calyrex\n|-resisted|p1b: Wo-Chien\n|-damage|p1a: Calyrex|71/100 par\n|-damage|p1b: Wo-Chien|75/100\n|-unboost|p1a: Calyrex|spa|1\n|-unboost|p1b: Wo-Chien|spa|1\n|move|p1a: Calyrex|Astral Barrage|p2b: Grimmsnarl|[spread] p2a,p2b\n|-resisted|p2b: Grimmsnarl\n|-damage|p2a: Miraidon|62/100\n|-damage|p2b: Grimmsnarl|0 fnt\n|faint|p2b: Grimmsnarl\n|-ability|p1a: Calyrex|Grim Neigh|boost\n|-boost|p1a: Calyrex|spa|1\n|move|p1b: Wo-Chien|Pollen Puff|p1a: Calyrex\n|-heal|p1a: Calyrex|100/100 par\n|\n|-heal|p1b: Wo-Chien|82/100|[from] item: Leftovers\n|-fieldend|move: Electric Terrain\n|upkeep\n|\n|t:|1776870092\n|switch|p2b: Ursaluna|Ursaluna, L50, F|100/100\n|turn|6\n|\n|t:|1776870114\n|move|p2a: Miraidon|Electro Drift|p1a: Calyrex\n|-damage|p1a: Calyrex|60/100 par\n|move|p1a: Calyrex|Astral Barrage|p2b: Ursaluna|[spread] p2a\n|-immune|p2b: Ursaluna\n|-damage|p2a: Miraidon|2/100\n|move|p1b: Wo-Chien|Leech Seed|p2a: Miraidon\n|-start|p2a: Miraidon|move: Leech Seed\n|move|p2b: Ursaluna|Facade|p1b: Wo-Chien\n|-damage|p1b: Wo-Chien|63/100\n|\n|-heal|p1b: Wo-Chien|69/100|[from] item: Leftovers\n|-damage|p2a: Miraidon|0 fnt|[from] Leech Seed|[of] p1b: Wo-Chien\n|-heal|p1b: Wo-Chien|71/100|[silent]\n|faint|p2a: Miraidon\n|-status|p2b: Ursaluna|brn|[from] item: Flame Orb\n|upkeep\n|turn|7\n|\n|t:|1776870119\n|move|p1a: Calyrex|Astral Barrage|p2b: Ursaluna\n|-immune|p2b: Ursaluna\n|move|p1b: Wo-Chien|Leech Seed|p2b: Ursaluna\n|-start|p2b: Ursaluna|move: Leech Seed\n|move|p2b: Ursaluna|Headlong Rush|p1a: Calyrex\n|-damage|p1a: Calyrex|0 fnt\n|-unboost|p2b: Ursaluna|def|1\n|-unboost|p2b: Ursaluna|spd|1\n|faint|p1a: Calyrex\n|\n|-heal|p1b: Wo-Chien|77/100|[from] item: Leftovers\n|-damage|p2b: Ursaluna|88/100 brn|[from] Leech Seed|[of] p1b: Wo-Chien\n|-heal|p1b: Wo-Chien|91/100|[silent]\n|-damage|p2b: Ursaluna|83/100 brn|[from] brn\n|upkeep\n|turn|8\n|\n|t:|1776870137\n|move|p1b: Wo-Chien|Snarl|p2b: Ursaluna\n|-damage|p2b: Ursaluna|74/100 brn\n|-unboost|p2b: Ursaluna|spa|1\n|move|p2b: Ursaluna|Facade|p1b: Wo-Chien\n|-damage|p1b: Wo-Chien|31/100\n|\n|-heal|p1b: Wo-Chien|37/100|[from] item: Leftovers\n|-damage|p2b: Ursaluna|62/100 brn|[from] Leech Seed|[of] p1b: Wo-Chien\n|-heal|p1b: Wo-Chien|51/100|[silent]\n|-damage|p2b: Ursaluna|56/100 brn|[from] brn\n|-sideend|p1: Sunny_zong1|move: Light Screen\n|-sideend|p2: Alejandro Almada|move: Light Screen\n|upkeep\n|turn|9\n|\n|t:|1776870142\n|move|p1b: Wo-Chien|Protect|p1b: Wo-Chien\n|-singleturn|p1b: Wo-Chien|Protect\n|move|p2b: Ursaluna|Facade|p1b: Wo-Chien\n|-activate|p1b: Wo-Chien|move: Protect\n|\n|-heal|p1b: Wo-Chien|57/100|[from] item: Leftovers\n|-damage|p2b: Ursaluna|44/100 brn|[from] Leech Seed|[of] p1b: Wo-Chien\n|-heal|p1b: Wo-Chien|71/100|[silent]\n|-damage|p2b: Ursaluna|38/100 brn|[from] brn\n|upkeep\n|turn|10\n|\n|t:|1776870150\n|move|p1b: Wo-Chien|Snarl|p2b: Ursaluna\n|-damage|p2b: Ursaluna|26/100 brn\n|-unboost|p2b: Ursaluna|spa|1\n|move|p2b: Ursaluna|Facade|p1b: Wo-Chien\n|-damage|p1b: Wo-Chien|11/100\n|\n|-heal|p1b: Wo-Chien|18/100|[from] item: Leftovers\n|-damage|p2b: Ursaluna|14/100 brn|[from] Leech Seed|[of] p1b: Wo-Chien\n|-heal|p1b: Wo-Chien|32/100|[silent]\n|-damage|p2b: Ursaluna|8/100 brn|[from] brn\n|-sideend|p1: Sunny_zong1|Reflect\n|upkeep\n|turn|11\n|-message|Alejandro Almada forfeited.\n|\n|win|Sunny_zong1\n|raw|Sunny_zong1's rating: 1541 &rarr; <strong>1564</strong><br />(+23 for winning)\n|raw|Alejandro Almada's rating: 1601 &rarr; <strong>1578</strong><br />(-23 for losing)\n|l|\u2606Alejandro Almada\n|player|p2|\n|l|\u2606Sunny_zong1\n|player|p1|\n","uploadtime":1776870331,"views":16,"formatid":"gen9vgc2026regi","rating":1564,"private":0,"password":null}