{"id":"gen9vgc2026regi-2553905026","format":"[Gen 9] VGC 2026 Reg I","players":["ArisHazard","xiaoliyunVGC"],"log":"|j|\u2606ArisHazard\n|j|\u2606xiaoliyunVGC\n|t:|1772898098\n|gametype|doubles\n|player|p1|ArisHazard|101|1437\n|player|p2|xiaoliyunVGC|liko|1513\n|gen|9\n|tier|[Gen 9] VGC 2026 Reg I\n|rated|\n|rule|Species Clause: Limit one of each Pok\u00e9mon\n|rule|Item Clause: Limit 1 of each item\n|clearpoke\n|poke|p1|Calyrex-Ice, L50|\n|poke|p1|Urshifu-*, L50, M|\n|poke|p1|Miraidon, L50|\n|poke|p1|Ogerpon-Wellspring, L50, F|\n|poke|p1|Chi-Yu, L50|\n|poke|p1|Tornadus, L50, M|\n|poke|p2|Zamazenta-*, L50|\n|poke|p2|Kyogre, L50|\n|poke|p2|Raichu, L50, F|\n|poke|p2|Flutter Mane, L50|\n|poke|p2|Tornadus, L50, M|\n|poke|p2|Urshifu-*, L50, M|\n|teampreview|4\n|inactive|Battle timer is ON: inactive players will automatically lose when time's up. (requested by xiaoliyunVGC)\n|inactive|xiaoliyunVGC has 60 seconds left.\n|\n|t:|1772898130\n|teamsize|p1|4\n|teamsize|p2|4\n|start\n|switch|p1a: Miraidon|Miraidon, L50|100/100\n|switch|p1b: Calyrex|Calyrex-Ice, L50|100/100\n|switch|p2a: Urshifu|Urshifu, L50, M|100/100\n|switch|p2b: Raichu|Raichu, L50, F, shiny|100/100\n|-ability|p1b: Calyrex|As One\n|-ability|p1b: Calyrex|Unnerve\n|-fieldstart|move: Electric Terrain|[from] ability: Hadron Engine|[of] p1a: Miraidon\n|turn|1\n|inactive|xiaoliyunVGC has 30 seconds left.\n|\n|t:|1772898155\n|switch|p1b: Urshifu|Urshifu-Rapid-Strike, L50, M|100/100\n|-terastallize|p2a: Urshifu|Steel\n|move|p2b: Raichu|Fake Out|p1a: Miraidon\n|-damage|p1a: Miraidon|92/100\n|cant|p1a: Miraidon|flinch\n|move|p2a: Urshifu|Wicked Blow|p1b: Urshifu\n|-resisted|p1b: Urshifu\n|-crit|p1b: Urshifu\n|-damage|p1b: Urshifu|55/100\n|\n|upkeep\n|turn|2\n|\n|t:|1772898180\n|move|p1b: Urshifu|Detect|p1b: Urshifu\n|-singleturn|p1b: Urshifu|Protect\n|move|p2b: Raichu|Nuzzle|p1b: Urshifu\n|-activate|p1b: Urshifu|move: Protect\n|move|p1a: Miraidon|Snarl|p2a: Urshifu|[spread] p2a,p2b\n|-damage|p2a: Urshifu|72/100\n|-damage|p2b: Raichu|74/100\n|-unboost|p2a: Urshifu|spa|1\n|-unboost|p2b: Raichu|spa|1\n|move|p2a: Urshifu|Wicked Blow|p1a: Miraidon\n|-crit|p1a: Miraidon\n|-damage|p1a: Miraidon|9/100\n|\n|upkeep\n|turn|3\n|\n|t:|1772898203\n|move|p2b: Raichu|Nuzzle|p1b: Urshifu\n|-supereffective|p1b: Urshifu\n|-damage|p1b: Urshifu|39/100\n|-status|p1b: Urshifu|par\n|move|p1a: Miraidon|Draco Meteor|p2a: Urshifu\n|-resisted|p2a: Urshifu\n|-damage|p2a: Urshifu|5/100\n|-unboost|p1a: Miraidon|spa|2\n|move|p2a: Urshifu|Wicked Blow|p1a: Miraidon\n|-crit|p1a: Miraidon\n|-damage|p1a: Miraidon|0 fnt\n|faint|p1a: Miraidon\n|cant|p1b: Urshifu|par\n|\n|upkeep\n|\n|t:|1772898220\n|switch|p1a: Calyrex|Calyrex-Ice, L50|100/100\n|-ability|p1a: Calyrex|As One\n|-ability|p1a: Calyrex|Unnerve\n|turn|4\n|\n|t:|1772898236\n|switch|p2a: Zamazenta|Zamazenta-Crowned, L50, shiny|100/100\n|-ability|p2a: Zamazenta|Dauntless Shield|boost\n|-boost|p2a: Zamazenta|def|1\n|-terastallize|p1a: Calyrex|Fire\n|move|p2b: Raichu|Nuzzle|p1a: Calyrex\n|-damage|p1a: Calyrex|94/100\n|-status|p1a: Calyrex|par\n|move|p1b: Urshifu|Coaching|p1a: Calyrex\n|-boost|p1a: Calyrex|atk|1\n|-boost|p1a: Calyrex|def|1\n|cant|p1a: Calyrex|par\n|\n|upkeep\n|turn|5\n|inactive|xiaoliyunVGC has 30 seconds left.\n|inactive|xiaoliyunVGC has 20 seconds left.\n|\n|t:|1772898273\n|move|p2b: Raichu|Nuzzle|p1a: Calyrex\n|-damage|p1a: Calyrex|90/100 par\n|move|p2a: Zamazenta|Body Press|p1b: Urshifu\n|-damage|p1b: Urshifu|0 fnt\n|faint|p1b: Urshifu\n|move|p1a: Calyrex|Trick Room|p1a: Calyrex\n|-fieldstart|move: Trick Room|[of] p1a: Calyrex\n|\n|-fieldend|move: Electric Terrain\n|upkeep\n|\n|t:|1772898282\n|switch|p1b: Ogerpon|Ogerpon-Wellspring, L50, F|100/100\n|turn|6\n|\n|t:|1772898304\n|move|p2b: Raichu|Helping Hand|p2a: Zamazenta\n|-singleturn|p2a: Zamazenta|Helping Hand|[of] p2b: Raichu\n|cant|p1a: Calyrex|par\n|move|p1b: Ogerpon|Horn Leech|p2b: Raichu\n|-damage|p2b: Raichu|0 fnt\n|faint|p2b: Raichu\n|move|p2a: Zamazenta|Body Press|p1b: Ogerpon\n|-damage|p1b: Ogerpon|0 fnt\n|faint|p1b: Ogerpon\n|\n|upkeep\n|\n|t:|1772898315\n|switch|p2b: Urshifu|Urshifu, L50, M, tera:Steel|5/100\n|turn|7\n|-message|ArisHazard forfeited.\n|\n|win|xiaoliyunVGC\n|raw|ArisHazard's rating: 1437 &rarr; <strong>1421</strong><br />(-16 for losing)\n|raw|xiaoliyunVGC's rating: 1513 &rarr; <strong>1529</strong><br />(+16 for winning)\n|l|\u2606ArisHazard\n|player|p1|\n","uploadtime":1772898539,"views":13,"formatid":"gen9vgc2026regi","rating":1421,"private":0,"password":null}