{"id":"gen9vgc2026regi-2561713836","format":"[Gen 9] VGC 2026 Reg I","players":["slimeslatt252","tryashy"],"log":"|j|\u2606slimeslatt252\n|j|\u2606tryashy\n|t:|1773836156\n|gametype|doubles\n|player|p1|slimeslatt252|101|1455\n|player|p2|tryashy|dawn|1535\n|gen|9\n|tier|[Gen 9] VGC 2026 Reg I\n|rated|\n|rule|Species Clause: Limit one of each Pok\u00e9mon\n|rule|Item Clause: Limit 1 of each item\n|clearpoke\n|poke|p1|Calyrex-Shadow, L50|\n|poke|p1|Koraidon, L50|\n|poke|p1|Incineroar, L50, M|\n|poke|p1|Raging Bolt, L50|\n|poke|p1|Brute Bonnet, L50|\n|poke|p1|Landorus, L50, M|\n|poke|p2|Lunala, L50|\n|poke|p2|Koraidon, L50|\n|poke|p2|Indeedee-F, L50, F|\n|poke|p2|Chi-Yu, L50|\n|poke|p2|Grimmsnarl, L50, M|\n|poke|p2|Walking Wake, L50|\n|teampreview|4\n|inactive|Battle timer is ON: inactive players will automatically lose when time's up. (requested by slimeslatt252)\n|l|\u2606slimeslatt252\n|inactive|slimeslatt252 disconnected and has a minute to reconnect!\n|player|p1|\n|j|\u2606slimeslatt252\n|inactive|slimeslatt252 reconnected and has 80 seconds left.\n|player|p1|slimeslatt252|101|\n|\n|t:|1773836183\n|teamsize|p1|4\n|teamsize|p2|4\n|start\n|switch|p1a: Incineroar|Incineroar, L50, M|100/100\n|switch|p1b: Calyrex|Calyrex-Shadow, L50|100/100\n|switch|p2a: Lunala|Lunala, L50|100/100\n|switch|p2b: Grimmsnarl|Grimmsnarl, L50, M|100/100\n|-ability|p1b: Calyrex|As One\n|-ability|p1b: Calyrex|Unnerve\n|-ability|p1a: Incineroar|Intimidate|boost\n|-unboost|p2a: Lunala|atk|1\n|-unboost|p2b: Grimmsnarl|atk|1\n|turn|1\n|inactive|tryashy has 30 seconds left.\n|\n|t:|1773836212\n|-terastallize|p2a: Lunala|Fairy\n|move|p1a: Incineroar|Fake Out|p2a: Lunala\n|-damage|p2a: Lunala|97/100\n|move|p1b: Calyrex|Encore||[still]\n|-fail|p1b: Calyrex\n|cant|p2a: Lunala|flinch\n|move|p2b: Grimmsnarl|Spirit Break|p1b: Calyrex\n|-crit|p1b: Calyrex\n|-damage|p1b: Calyrex|42/100\n|-unboost|p1b: Calyrex|spa|1\n|\n|-heal|p2a: Lunala|100/100|[from] item: Leftovers\n|upkeep\n|turn|2\n|inactive|slimeslatt252 has 30 seconds left.\n|\n|t:|1773836241\n|switch|p1b: raging dingus|Raging Bolt, L50|100/100\n|switch|p2b: Koraidon|Koraidon, L50|100/100\n|-weather|SunnyDay|[from] ability: Orichalcum Pulse|[of] p2b: Koraidon\n|-activate|p1b: raging dingus|ability: Protosynthesis\n|-start|p1b: raging dingus|protosynthesisspa\n|-activate|p2b: Koraidon|Orichalcum Pulse|[source]\n|move|p2a: Lunala|Calm Mind|p2a: Lunala\n|-boost|p2a: Lunala|spa|1\n|-boost|p2a: Lunala|spd|1\n|move|p1a: Incineroar|Parting Shot|p2a: Lunala\n|-unboost|p2a: Lunala|atk|1\n|-unboost|p2a: Lunala|spa|1\n|\n|t:|1773836250\n|switch|p1a: Calyrex|Calyrex-Shadow, L50|42/100|[from] Parting Shot\n|-ability|p1a: Calyrex|As One\n|-ability|p1a: Calyrex|Unnerve\n|\n|-weather|SunnyDay|[upkeep]\n|upkeep\n|turn|3\n|\n|t:|1773836258\n|-terastallize|p1b: raging dingus|Electric\n|move|p1a: Calyrex|Protect|p1a: Calyrex\n|-singleturn|p1a: Calyrex|Protect\n|move|p2b: Koraidon|U-turn|p1a: Calyrex\n|-activate|p1a: Calyrex|move: Protect\n|move|p2a: Lunala|Calm Mind|p2a: Lunala\n|-boost|p2a: Lunala|spa|1\n|-boost|p2a: Lunala|spd|1\n|move|p1b: raging dingus|Volt Switch|p2a: Lunala\n|-damage|p2a: Lunala|88/100\n|\n|t:|1773836268\n|-end|p1b: raging dingus|Protosynthesis|[silent]\n|switch|p1b: Incineroar|Incineroar, L50, M|100/100|[from] Volt Switch\n|-ability|p1b: Incineroar|Intimidate|boost\n|-unboost|p2a: Lunala|atk|1\n|-unboost|p2b: Koraidon|atk|1\n|\n|-weather|SunnyDay|[upkeep]\n|-heal|p2a: Lunala|94/100|[from] item: Leftovers\n|upkeep\n|turn|4\n|\n|t:|1773836288\n|switch|p2b: Indeedee|Indeedee-F, L50, F|100/100\n|-fieldstart|move: Psychic Terrain|[from] ability: Psychic Surge|[of] p2b: Indeedee\n|move|p2a: Lunala|Protect|p2a: Lunala\n|-singleturn|p2a: Lunala|Protect\n|move|p1b: Incineroar|Fake Out|p2b: Indeedee\n|-activate|p2b: Indeedee|move: Psychic Terrain\n|move|p1a: Calyrex|Encore|p2a: Lunala\n|-activate|p2a: Lunala|move: Protect\n|\n|-weather|SunnyDay|[upkeep]\n|-heal|p2a: Lunala|99/100|[from] item: Leftovers\n|upkeep\n|turn|5\n|\n|t:|1773836305\n|move|p1a: Calyrex|Protect|p1a: Calyrex\n|-singleturn|p1a: Calyrex|Protect\n|move|p2b: Indeedee|Follow Me|p2b: Indeedee\n|-singleturn|p2b: Indeedee|move: Follow Me\n|move|p2a: Lunala|Moonblast|p1b: Incineroar\n|-damage|p1b: Incineroar|42/100\n|move|p1b: Incineroar|Knock Off|p2b: Indeedee\n|-supereffective|p2b: Indeedee\n|-damage|p2b: Indeedee|32/100\n|-enditem|p2b: Indeedee|Safety Goggles|[from] move: Knock Off|[of] p1b: Incineroar\n|\n|-weather|SunnyDay|[upkeep]\n|-heal|p2a: Lunala|100/100|[from] item: Leftovers\n|upkeep\n|turn|6\n|inactive|slimeslatt252 has 30 seconds left.\n|\n|t:|1773836331\n|move|p1b: Incineroar|Helping Hand|p1a: Calyrex\n|-singleturn|p1a: Calyrex|Helping Hand|[of] p1b: Incineroar\n|move|p2b: Indeedee|Follow Me|p2b: Indeedee\n|-singleturn|p2b: Indeedee|move: Follow Me\n|move|p1a: Calyrex|Psychic|p2b: Indeedee\n|-resisted|p2b: Indeedee\n|-damage|p2b: Indeedee|0 fnt\n|faint|p2b: Indeedee\n|-ability|p1a: Calyrex|Grim Neigh|boost\n|-boost|p1a: Calyrex|spa|1\n|move|p2a: Lunala|Moonblast|p1b: Incineroar\n|-damage|p1b: Incineroar|0 fnt\n|faint|p1b: Incineroar\n|\n|-weather|none\n|upkeep\n|\n|t:|1773836344\n|switch|p2b: Koraidon|Koraidon, L50|100/100\n|switch|p1b: Koraidon|Koraidon, L50|100/100\n|-weather|SunnyDay|[from] ability: Orichalcum Pulse|[of] p2b: Koraidon\n|-activate|p2b: Koraidon|Orichalcum Pulse|[source]\n|-activate|p1b: Koraidon|ability: Orichalcum Pulse\n|turn|7\n|inactive|slimeslatt252 has 30 seconds left.\n|\n|t:|1773836370\n|move|p1b: Koraidon|Protect|p1b: Koraidon\n|-singleturn|p1b: Koraidon|Protect\n|move|p2b: Koraidon|Flare Blitz|p1a: Calyrex\n|-damage|p1a: Calyrex|0 fnt\n|faint|p1a: Calyrex\n|-damage|p2b: Koraidon|88/100|[from] Recoil\n|move|p2a: Lunala|Expanding Force|p1b: Koraidon\n|-activate|p1b: Koraidon|move: Protect\n|\n|-weather|SunnyDay|[upkeep]\n|upkeep\n|\n|t:|1773836375\n|switch|p1a: raging dingus|Raging Bolt, L50, tera:Electric|100/100\n|-activate|p1a: raging dingus|ability: Protosynthesis\n|-start|p1a: raging dingus|protosynthesisspa\n|turn|8\n|-message|slimeslatt252 forfeited.\n|\n|win|tryashy\n|raw|slimeslatt252's rating: 1455 &rarr; <strong>1440</strong><br />(-15 for losing)\n|raw|tryashy's rating: 1535 &rarr; <strong>1550</strong><br />(+15 for winning)\n|l|\u2606tryashy\n|player|p2|\n","uploadtime":1773836573,"views":12,"formatid":"gen9vgc2026regi","rating":1440,"private":0,"password":null}