{"id":"gen9vgc2026regi-2572923815","format":"[Gen 9] VGC 2026 Reg I","players":["Reelko","Dqstrqyed"],"log":"|j|\u2606Reelko\n|j|\u2606Dqstrqyed\n|t:|1775074005\n|gametype|doubles\n|player|p1|Reelko|crasherwake|1193\n|player|p2|Dqstrqyed|1|1116\n|gen|9\n|tier|[Gen 9] VGC 2026 Reg I\n|rated|\n|rule|Species Clause: Limit one of each Pok\u00e9mon\n|rule|Item Clause: Limit 1 of each item\n|clearpoke\n|poke|p1|Koraidon, L50|\n|poke|p1|Lunala, L50|\n|poke|p1|Flutter Mane, L50|\n|poke|p1|Chi-Yu, L50|\n|poke|p1|Ursaluna, L50, F|\n|poke|p1|Brute Bonnet, L50|\n|poke|p2|Volcarona, L50, M|\n|poke|p2|Ursaluna, L50, F|\n|poke|p2|Miraidon, L50|\n|poke|p2|Calyrex-Ice, L50|\n|poke|p2|Grimmsnarl, L50, M|\n|poke|p2|Sneasler, L50, F|\n|teampreview|4\n|\n|t:|1775074054\n|teamsize|p1|4\n|teamsize|p2|4\n|start\n|switch|p1a: Lunala|Lunala, L50|100/100\n|switch|p1b: Chi-Yu|Chi-Yu, L50, shiny|100/100\n|switch|p2a: Miraidon|Miraidon, L50|100/100\n|switch|p2b: Grimmsnarl|Grimmsnarl, L50, M, shiny|100/100\n|-ability|p1b: Chi-Yu|Beads of Ruin\n|-fieldstart|move: Electric Terrain|[from] ability: Hadron Engine|[of] p2a: Miraidon\n|turn|1\n|\n|t:|1775074077\n|move|p2b: Grimmsnarl|Light Screen|p2b: Grimmsnarl\n|-sidestart|p2: Dqstrqyed|move: Light Screen\n|move|p1b: Chi-Yu|Snarl|p2b: Grimmsnarl|[spread] p2a,p2b\n|-resisted|p2b: Grimmsnarl\n|-damage|p2a: Miraidon|89/100\n|-damage|p2b: Grimmsnarl|96/100\n|-unboost|p2a: Miraidon|spa|1\n|-unboost|p2b: Grimmsnarl|spa|1\n|move|p2a: Miraidon|Snarl|p1b: Chi-Yu|[spread] p1a,p1b\n|-supereffective|p1a: Lunala\n|-resisted|p1b: Chi-Yu\n|-crit|p1b: Chi-Yu\n|-damage|p1a: Lunala|75/100\n|-damage|p1b: Chi-Yu|83/100\n|-unboost|p1a: Lunala|spa|1\n|-unboost|p1b: Chi-Yu|spa|1\n|move|p1a: Lunala|Meteor Beam||[still]\n|-prepare|p1a: Lunala|Meteor Beam\n|-boost|p1a: Lunala|spa|1\n|-enditem|p1a: Lunala|Power Herb\n|-anim|p1a: Lunala|Meteor Beam|p2a: Miraidon\n|-damage|p2a: Miraidon|68/100\n|\n|upkeep\n|turn|2\n|\n|t:|1775074107\n|move|p1b: Chi-Yu|Snarl|p2b: Grimmsnarl|[spread] p2a,p2b\n|-resisted|p2b: Grimmsnarl\n|-damage|p2a: Miraidon|62/100\n|-damage|p2b: Grimmsnarl|93/100\n|-unboost|p2a: Miraidon|spa|1\n|-unboost|p2b: Grimmsnarl|spa|1\n|move|p2a: Miraidon|Volt Switch|p1b: Chi-Yu\n|-damage|p1b: Chi-Yu|43/100\n|\n|t:|1775074118\n|switch|p2a: It\u2019s Go Time|Volcarona, L50, M, shiny|100/100|[from] Volt Switch\n|-enditem|p2a: It\u2019s Go Time|Electric Seed\n|-boost|p2a: It\u2019s Go Time|def|1|[from] item: Electric Seed\n|move|p1a: Lunala|Moongeist Beam|p2a: It\u2019s Go Time\n|-damage|p2a: It\u2019s Go Time|51/100\n|move|p2b: Grimmsnarl|Spirit Break|p1a: Lunala\n|-damage|p1a: Lunala|51/100\n|-unboost|p1a: Lunala|spa|1\n|\n|upkeep\n|turn|3\n|\n|t:|1775074151\n|move|p1b: Chi-Yu|Snarl|p2a: It\u2019s Go Time|[spread] p2a,p2b\n|-resisted|p2b: Grimmsnarl\n|-damage|p2a: It\u2019s Go Time|37/100\n|-damage|p2b: Grimmsnarl|90/100\n|-unboost|p2a: It\u2019s Go Time|spa|1\n|-unboost|p2b: Grimmsnarl|spa|1\n|move|p2a: It\u2019s Go Time|Quiver Dance|p2a: It\u2019s Go Time\n|-boost|p2a: It\u2019s Go Time|spa|1\n|-boost|p2a: It\u2019s Go Time|spd|1\n|-boost|p2a: It\u2019s Go Time|spe|1\n|move|p1a: Lunala|Moongeist Beam|p2a: It\u2019s Go Time\n|-damage|p2a: It\u2019s Go Time|16/100\n|move|p2b: Grimmsnarl|Spirit Break|p1b: Chi-Yu\n|-damage|p1b: Chi-Yu|0 fnt\n|faint|p1b: Chi-Yu\n|\n|upkeep\n|\n|t:|1775074166\n|switch|p1b: Flutter Mane|Flutter Mane, L50, shiny|100/100\n|turn|4\n|\n|t:|1775074190\n|switch|p1a: Koraidon|Koraidon, L50, shiny|100/100\n|-weather|SunnyDay|[from] ability: Orichalcum Pulse|[of] p1a: Koraidon\n|-activate|p1b: Flutter Mane|ability: Protosynthesis\n|-start|p1b: Flutter Mane|protosynthesisspe\n|-activate|p1a: Koraidon|Orichalcum Pulse|[source]\n|move|p2b: Grimmsnarl|Thunder Wave|p1b: Flutter Mane\n|-status|p1b: Flutter Mane|par\n|move|p2a: It\u2019s Go Time|Fiery Dance|p1b: Flutter Mane\n|-damage|p1b: Flutter Mane|42/100 par\n|-boost|p2a: It\u2019s Go Time|spa|1\n|move|p1b: Flutter Mane|Shadow Ball|p2a: It\u2019s Go Time\n|-damage|p2a: It\u2019s Go Time|0 fnt\n|faint|p2a: It\u2019s Go Time\n|\n|-weather|SunnyDay|[upkeep]\n|upkeep\n|\n|t:|1775074206\n|switch|p2a: Miraidon|Miraidon, L50|62/100\n|-activate|p2a: Miraidon|ability: Hadron Engine\n|turn|5\n|\n|t:|1775074229\n|move|p1b: Flutter Mane|Protect|p1b: Flutter Mane\n|-singleturn|p1b: Flutter Mane|Protect\n|move|p2b: Grimmsnarl|Reflect|p2b: Grimmsnarl\n|-sidestart|p2: Dqstrqyed|Reflect\n|move|p1a: Koraidon|Collision Course|p2a: Miraidon\n|-damage|p2a: Miraidon|10/100\n|-damage|p1a: Koraidon|91/100|[from] item: Life Orb\n|move|p2a: Miraidon|Dragon Pulse|p1a: Koraidon\n|-supereffective|p1a: Koraidon\n|-damage|p1a: Koraidon|0 fnt\n|faint|p1a: Koraidon\n|\n|-weather|SunnyDay|[upkeep]\n|-fieldend|move: Electric Terrain\n|upkeep\n|\n|t:|1775074239\n|switch|p1a: Lunala|Lunala, L50|51/100\n|turn|6\n|\n|t:|1775074259\n|move|p1b: Flutter Mane|Protect|p1b: Flutter Mane\n|-singleturn|p1b: Flutter Mane|Protect\n|move|p2a: Miraidon|Snarl|p1a: Lunala|[spread] p1a\n|-activate|p1b: Flutter Mane|move: Protect\n|-supereffective|p1a: Lunala\n|-damage|p1a: Lunala|7/100\n|-unboost|p1a: Lunala|spa|1\n|move|p1a: Lunala|Moongeist Beam|p2a: Miraidon\n|-damage|p2a: Miraidon|0 fnt\n|faint|p2a: Miraidon\n|move|p2b: Grimmsnarl|Spirit Break|p1a: Lunala\n|-damage|p1a: Lunala|0 fnt\n|faint|p1a: Lunala\n|\n|-weather|SunnyDay|[upkeep]\n|upkeep\n|\n|t:|1775074270\n|switch|p2a: Calyrex|Calyrex-Ice, L50|100/100\n|-ability|p2a: Calyrex|As One\n|-ability|p2a: Calyrex|Unnerve\n|turn|7\n|\n|t:|1775074275\n|-terastallize|p1b: Flutter Mane|Stellar\n|-terastallize|p2a: Calyrex|Water\n|cant|p1b: Flutter Mane|par\n|move|p2b: Grimmsnarl|Spirit Break|p1b: Flutter Mane\n|-damage|p1b: Flutter Mane|0 fnt\n|faint|p1b: Flutter Mane\n|-end|p1b: Flutter Mane|Protosynthesis|[silent]\n|\n|win|Dqstrqyed\n|raw|Reelko's rating: 1193 &rarr; <strong>1163</strong><br />(-30 for losing)\n|raw|Dqstrqyed's rating: 1116 &rarr; <strong>1146</strong><br />(+30 for winning)\n|l|\u2606Reelko\n|player|p1|\n|l|\u2606Dqstrqyed\n|player|p2|\n","uploadtime":1775074427,"views":10,"formatid":"gen9vgc2026regi","rating":1146,"private":0,"password":null}