{"id":"gen9vgc2026regi-2556431534","format":"[Gen 9] VGC 2026 Reg I","players":["uhh daneooo","Nemona Flowers"],"log":"|j|\u2606uhh daneooo\n|j|\u2606Nemona Flowers\n|t:|1773204012\n|gametype|doubles\n|player|p1|uhh daneooo|riley|1196\n|player|p2|Nemona Flowers|nemona-v|1111\n|gen|9\n|tier|[Gen 9] VGC 2026 Reg I\n|rated|\n|rule|Species Clause: Limit one of each Pok\u00e9mon\n|rule|Item Clause: Limit 1 of each item\n|clearpoke\n|poke|p1|Koraidon, L50|\n|poke|p1|Reshiram, L50|\n|poke|p1|Grimmsnarl, L50, M|\n|poke|p1|Whimsicott, L50, M|\n|poke|p1|Rillaboom, L50, M|\n|poke|p1|Flutter Mane, L50|\n|poke|p2|Groudon, L50|\n|poke|p2|Flutter Mane, L50|\n|poke|p2|Tornadus, L50, M|\n|poke|p2|Meowstic, L50, M|\n|poke|p2|Rillaboom, L50, F|\n|poke|p2|Chi-Yu, L50|\n|teampreview|4\n|inactive|Battle timer is ON: inactive players will automatically lose when time's up. (requested by uhh daneooo)\n|inactive|uhh daneooo has 60 seconds left.\n|inactive|Nemona Flowers has 60 seconds left.\n|\n|t:|1773204048\n|teamsize|p1|4\n|teamsize|p2|4\n|start\n|switch|p1a: Grimmsnarl|Grimmsnarl, L50, M|100/100\n|switch|p1b: Koraidon|Koraidon, L50, shiny|100/100\n|switch|p2a: Tornadus|Tornadus, L50, M|100/100\n|switch|p2b: Flutter Mane|Flutter Mane, L50|100/100\n|-weather|SunnyDay|[from] ability: Orichalcum Pulse|[of] p1b: Koraidon\n|-activate|p2b: Flutter Mane|ability: Protosynthesis\n|-start|p2b: Flutter Mane|protosynthesisspe\n|-activate|p1b: Koraidon|Orichalcum Pulse|[source]\n|turn|1\n|\n|t:|1773204060\n|-terastallize|p1b: Koraidon|Fire\n|move|p2a: Tornadus|Protect|p2a: Tornadus\n|-singleturn|p2a: Tornadus|Protect\n|move|p2b: Flutter Mane|Protect|p2b: Flutter Mane\n|-singleturn|p2b: Flutter Mane|Protect\n|move|p1a: Grimmsnarl|Light Screen|p1a: Grimmsnarl\n|-sidestart|p1: uhh daneooo|move: Light Screen\n|move|p1b: Koraidon|Flare Blitz|p2a: Tornadus\n|-activate|p2a: Tornadus|move: Protect\n|\n|-weather|SunnyDay|[upkeep]\n|upkeep\n|turn|2\n|inactive|Nemona Flowers has 30 seconds left.\n|inactive|Nemona Flowers has 20 seconds left.\n|inactive|Nemona Flowers has 15 seconds left.\n|inactive|Nemona Flowers has 10 seconds left.\n|inactive|Nemona Flowers has 5 seconds left.\n|\n|t:|1773204110\n|move|p2a: Tornadus|Tailwind|p2a: Tornadus\n|-sidestart|p2: Nemona Flowers|move: Tailwind\n|move|p1a: Grimmsnarl|Thunder Wave|p2b: Flutter Mane\n|-status|p2b: Flutter Mane|par\n|move|p2b: Flutter Mane|Shadow Ball|p1b: Koraidon\n|-crit|p1b: Koraidon\n|-damage|p1b: Koraidon|33/100\n|move|p1b: Koraidon|Flame Charge|p2b: Flutter Mane\n|-damage|p2b: Flutter Mane|0 fnt\n|-boost|p1b: Koraidon|spe|1\n|faint|p2b: Flutter Mane\n|-end|p2b: Flutter Mane|Protosynthesis|[silent]\n|\n|-weather|SunnyDay|[upkeep]\n|upkeep\n|\n|t:|1773204125\n|switch|p2b: Chi-Yu|Chi-Yu, L50|100/100\n|-ability|p2b: Chi-Yu|Beads of Ruin\n|turn|3\n|c|\u2606uhh daneooo|crodie got a crit\n|\n|t:|1773204137\n|move|p1a: Grimmsnarl|Thunder Wave|p2b: Chi-Yu\n|-hint|Since gen 7, Dark is immune to Prankster moves.\n|-immune|p2b: Chi-Yu\n|move|p2b: Chi-Yu|Heat Wave|p1b: Koraidon|[spread] p1a,p1b\n|-crit|p1a: Grimmsnarl\n|-resisted|p1b: Koraidon\n|-damage|p1a: Grimmsnarl|3/100\n|-damage|p1b: Koraidon|7/100\n|move|p2a: Tornadus|Bleakwind Storm|p1b: Koraidon|[spread] p1a,p1b\n|-damage|p1a: Grimmsnarl|0 fnt\n|-damage|p1b: Koraidon|0 fnt\n|faint|p1a: Grimmsnarl\n|faint|p1b: Koraidon\n|\n|-weather|SunnyDay|[upkeep]\n|upkeep\n|c|\u2606Nemona Flowers|my boy\n|\n|t:|1773204147\n|switch|p1b: Rillaboom|Rillaboom, L50, M, shiny|100/100\n|switch|p1a: Reshiram|Reshiram, L50, shiny|100/100\n|-ability|p1a: Reshiram|Turboblaze\n|-fieldstart|move: Grassy Terrain|[from] ability: Grassy Surge|[of] p1b: Rillaboom\n|turn|4\n|\n|t:|1773204163\n|move|p1b: Rillaboom|Fake Out|p2b: Chi-Yu\n|-damage|p2b: Chi-Yu|79/100\n|cant|p2b: Chi-Yu|flinch\n|move|p2a: Tornadus|Bleakwind Storm|p1a: Reshiram|[spread] p1a,p1b\n|-supereffective|p1b: Rillaboom\n|-damage|p1a: Reshiram|76/100\n|-damage|p1b: Rillaboom|52/100\n|move|p1a: Reshiram|Heat Wave|p2b: Chi-Yu|[spread] p2a\n|-miss|p1a: Reshiram|p2b: Chi-Yu\n|-damage|p2a: Tornadus|0 fnt\n|faint|p2a: Tornadus\n|\n|-weather|SunnyDay|[upkeep]\n|-heal|p2b: Chi-Yu|85/100|[from] Grassy Terrain\n|-heal|p1a: Reshiram|82/100|[from] Grassy Terrain\n|-heal|p1b: Rillaboom|58/100|[from] Grassy Terrain\n|upkeep\n|\n|t:|1773204174\n|switch|p2a: Groudon|Groudon, L50|100/100\n|turn|5\n|c|\u2606uhh daneooo|ofc\n|\n|t:|1773204198\n|move|p1b: Rillaboom|Grassy Glide|p2a: Groudon\n|-supereffective|p2a: Groudon\n|-damage|p2a: Groudon|48/100\n|move|p2b: Chi-Yu|Heat Wave|p1a: Reshiram|[spread] p1a,p1b\n|-resisted|p1a: Reshiram\n|-supereffective|p1b: Rillaboom\n|-damage|p1a: Reshiram|71/100\n|-damage|p1b: Rillaboom|0 fnt\n|faint|p1b: Rillaboom\n|move|p2a: Groudon|Precipice Blades|p1a: Reshiram\n|-supereffective|p1a: Reshiram\n|-damage|p1a: Reshiram|0 fnt\n|faint|p1a: Reshiram\n|\n|win|Nemona Flowers\n|raw|uhh daneooo's rating: 1196 &rarr; <strong>1165</strong><br />(-31 for losing)\n|raw|Nemona Flowers's rating: 1111 &rarr; <strong>1142</strong><br />(+31 for winning)\n|c|\u2606Nemona Flowers|gg\n|l|\u2606Nemona Flowers\n|player|p2|\n|c|\u2606uhh daneooo|not a single missed attack gg ig\n|l|\u2606uhh daneooo\n|player|p1|\n","uploadtime":1773204499,"views":12,"formatid":"gen9vgc2026regi","rating":1142,"private":0,"password":null}