{"id":"gen9vgc2026regi-2521027077","format":"[Gen 9] VGC 2026 Reg I","players":["moyuanjie","ky123456"],"log":"|j|\u2606moyuanjie\n|j|\u2606ky123456\n|t:|1768714022\n|gametype|doubles\n|player|p1|moyuanjie|169|1413\n|player|p2|ky123456|cynthia-gen4|1431\n|gen|9\n|tier|[Gen 9] VGC 2026 Reg I\n|rated|\n|rule|Species Clause: Limit one of each Pok\u00e9mon\n|rule|Item Clause: Limit 1 of each item\n|clearpoke\n|poke|p1|Miraidon, L50|\n|poke|p1|Calyrex-Ice, L50|\n|poke|p1|Landorus, L50, M|\n|poke|p1|Smeargle, L50, F|\n|poke|p1|Roaring Moon, L50|\n|poke|p1|Incineroar, L50, M|\n|poke|p2|Koraidon, L50|\n|poke|p2|Calyrex-Ice, L50|\n|poke|p2|Incineroar, L50, M|\n|poke|p2|Smeargle, L50, F|\n|poke|p2|Rillaboom, L50, M|\n|poke|p2|Landorus, L50, M|\n|teampreview|4\n|j| here's where king!\n|\n|t:|1768714041\n|teamsize|p1|4\n|teamsize|p2|4\n|start\n|switch|p1a: Calyrex|Calyrex-Ice, L50|100/100\n|switch|p1b: Miraidon|Miraidon, L50|100/100\n|switch|p2a: Calyrex|Calyrex-Ice, L50|100/100\n|switch|p2b: Incineroar|Incineroar, L50, M|100/100\n|-ability|p1a: Calyrex|As One\n|-ability|p1a: Calyrex|Unnerve\n|-ability|p2a: Calyrex|As One\n|-ability|p2a: Calyrex|Unnerve\n|-fieldstart|move: Electric Terrain|[from] ability: Hadron Engine|[of] p1b: Miraidon\n|-ability|p2b: Incineroar|Intimidate|boost\n|-fail|p1a: Calyrex|unboost|[from] item: Clear Amulet|[of] p1a: Calyrex\n|-unboost|p1b: Miraidon|atk|1\n|turn|1\n|\n|t:|1768714073\n|-terastallize|p1b: Miraidon|Electric\n|move|p2b: Incineroar|Fake Out|p1b: Miraidon\n|-damage|p1b: Miraidon|90/100\n|cant|p1b: Miraidon|flinch\n|move|p1a: Calyrex|High Horsepower|p2b: Incineroar\n|-supereffective|p2b: Incineroar\n|-damage|p2b: Incineroar|39/100\n|move|p2a: Calyrex|Leech Seed|p1a: Calyrex|[miss]\n|-miss|p2a: Calyrex|p1a: Calyrex\n|\n|upkeep\n|turn|2\n|\n|t:|1768714094\n|switch|p2b: Rillaboom|Rillaboom, L50, M|100/100\n|-fieldstart|move: Grassy Terrain|[from] ability: Grassy Surge|[of] p2b: Rillaboom\n|move|p1b: Miraidon|Volt Switch|p2b: Rillaboom\n|-resisted|p2b: Rillaboom\n|-damage|p2b: Rillaboom|79/100\n|\n|t:|1768714101\n|switch|p1b: Incineroar|Incineroar, L50, M|100/100|[from] Volt Switch\n|-ability|p1b: Incineroar|Intimidate|boost\n|-unboost|p2a: Calyrex|atk|1\n|-unboost|p2b: Rillaboom|atk|1\n|move|p1a: Calyrex|Glacial Lance|p2b: Rillaboom|[spread] p2a,p2b\n|-resisted|p2a: Calyrex\n|-supereffective|p2b: Rillaboom\n|-damage|p2a: Calyrex|82/100\n|-damage|p2b: Rillaboom|0 fnt\n|faint|p2b: Rillaboom\n|-ability|p1a: Calyrex|Chilling Neigh|boost\n|-boost|p1a: Calyrex|atk|1\n|move|p2a: Calyrex|Leech Seed|p1a: Calyrex\n|-start|p1a: Calyrex|move: Leech Seed\n|\n|-heal|p2a: Calyrex|87/100|[from] Grassy Terrain\n|-heal|p2a: Calyrex|93/100|[from] item: Leftovers\n|-damage|p1a: Calyrex|88/100|[from] Leech Seed|[of] p2a: Calyrex\n|-heal|p2a: Calyrex|100/100|[silent]\n|upkeep\n|\n|t:|1768714113\n|switch|p2b: Koraidon|Koraidon, L50|100/100\n|-weather|SunnyDay|[from] ability: Orichalcum Pulse|[of] p2b: Koraidon\n|-activate|p2b: Koraidon|Orichalcum Pulse|[source]\n|turn|3\n|\n|t:|1768714132\n|move|p2b: Koraidon|Protect|p2b: Koraidon\n|-singleturn|p2b: Koraidon|Protect\n|move|p2a: Calyrex|Protect|p2a: Calyrex\n|-singleturn|p2a: Calyrex|Protect\n|move|p1b: Incineroar|Fake Out|p2b: Koraidon\n|-activate|p2b: Koraidon|move: Protect\n|move|p1a: Calyrex|Trick Room|p1a: Calyrex\n|-fieldstart|move: Trick Room|[of] p1a: Calyrex\n|\n|-weather|SunnyDay|[upkeep]\n|-heal|p1a: Calyrex|94/100|[from] Grassy Terrain\n|-damage|p1a: Calyrex|82/100|[from] Leech Seed|[of] p2a: Calyrex\n|upkeep\n|turn|4\n|\n|t:|1768714166\n|-terastallize|p2b: Koraidon|Fire\n|move|p2a: Calyrex|Leech Seed|p1b: Incineroar\n|-start|p1b: Incineroar|move: Leech Seed\n|move|p1a: Calyrex|Glacial Lance|p2a: Calyrex|[spread] p2a,p2b\n|-resisted|p2a: Calyrex\n|-resisted|p2b: Koraidon\n|-damage|p2a: Calyrex|73/100\n|-damage|p2b: Koraidon|68/100\n|move|p1b: Incineroar|Knock Off|p2b: Koraidon\n|-damage|p2b: Koraidon|37/100\n|-enditem|p2b: Koraidon|Clear Amulet|[from] move: Knock Off|[of] p1b: Incineroar\n|move|p2b: Koraidon|Flare Blitz|p1a: Calyrex\n|-supereffective|p1a: Calyrex\n|-damage|p1a: Calyrex|0 fnt\n|faint|p1a: Calyrex\n|-damage|p2b: Koraidon|8/100|[from] Recoil\n|\n|-weather|SunnyDay|[upkeep]\n|-heal|p2a: Calyrex|79/100|[from] Grassy Terrain\n|-heal|p2a: Calyrex|85/100|[from] item: Leftovers\n|-heal|p2b: Koraidon|14/100|[from] Grassy Terrain\n|-damage|p1b: Incineroar|88/100|[from] Leech Seed|[of] p2a: Calyrex\n|-heal|p2a: Calyrex|97/100|[silent]\n|upkeep\n|\n|t:|1768714190\n|switch|p1a: Smeargle|Smeargle, L50, F|100/100\n|turn|5\n|\n|t:|1768714206\n|switch|p2b: Incineroar|Incineroar, L50, M|39/100\n|-ability|p2b: Incineroar|Intimidate|boost\n|-unboost|p1a: Smeargle|atk|1\n|-unboost|p1b: Incineroar|atk|1\n|move|p2a: Calyrex|Glacial Lance|p1a: Smeargle|[spread] p1a,p1b\n|-crit|p1a: Smeargle\n|-resisted|p1b: Incineroar\n|-enditem|p1a: Smeargle|Focus Sash\n|-damage|p1a: Smeargle|1/100\n|-damage|p1b: Incineroar|73/100\n|move|p1a: Smeargle|Decorate|p1b: Incineroar\n|-boost|p1b: Incineroar|atk|2\n|-boost|p1b: Incineroar|spa|2\n|move|p1b: Incineroar|Flare Blitz|p2a: Calyrex\n|-supereffective|p2a: Calyrex\n|-damage|p2a: Calyrex|0 fnt\n|faint|p2a: Calyrex\n|-damage|p1b: Incineroar|41/100|[from] Recoil\n|\n|-weather|SunnyDay|[upkeep]\n|-heal|p1a: Smeargle|7/100|[from] Grassy Terrain\n|-heal|p2b: Incineroar|45/100|[from] Grassy Terrain\n|-heal|p1b: Incineroar|47/100|[from] Grassy Terrain\n|upkeep\n|\n|t:|1768714214\n|switch|p2a: Koraidon|Koraidon, L50, tera:Fire|14/100\n|-activate|p2a: Koraidon|ability: Orichalcum Pulse\n|turn|6\n|\n|t:|1768714245\n|move|p2a: Koraidon|Protect|p2a: Koraidon\n|-singleturn|p2a: Koraidon|Protect\n|move|p2b: Incineroar|Fake Out|p1a: Smeargle\n|-damage|p1a: Smeargle|0 fnt\n|faint|p1a: Smeargle\n|move|p1b: Incineroar|Knock Off|p2a: Koraidon\n|-activate|p2a: Koraidon|move: Protect\n|\n|-weather|SunnyDay|[upkeep]\n|-heal|p2b: Incineroar|51/100|[from] Grassy Terrain\n|-heal|p1b: Incineroar|52/100|[from] Grassy Terrain\n|-heal|p2a: Koraidon|20/100|[from] Grassy Terrain\n|-damage|p1b: Incineroar|40/100|[from] Leech Seed|[of] p2a: Koraidon\n|-heal|p2a: Koraidon|33/100|[silent]\n|-fieldend|move: Grassy Terrain\n|upkeep\n|\n|t:|1768714261\n|switch|p1a: Miraidon|Miraidon, L50, tera:Electric|90/100\n|-fieldstart|move: Electric Terrain|[from] ability: Hadron Engine|[of] p1a: Miraidon\n|turn|7\n|\n|t:|1768714278\n|move|p2b: Incineroar|Flare Blitz|p1b: Incineroar\n|-resisted|p1b: Incineroar\n|-damage|p1b: Incineroar|12/100\n|-damage|p2b: Incineroar|35/100|[from] item: Rocky Helmet|[of] p1b: Incineroar\n|-damage|p2b: Incineroar|25/100|[from] Recoil\n|move|p1b: Incineroar|Knock Off|p2b: Incineroar\n|-resisted|p2b: Incineroar\n|-damage|p2b: Incineroar|4/100\n|-enditem|p2b: Incineroar|Safety Goggles|[from] move: Knock Off|[of] p1b: Incineroar\n|move|p2a: Koraidon|Flare Blitz|p1a: Miraidon\n|-damage|p1a: Miraidon|0 fnt\n|faint|p1a: Miraidon\n|-damage|p2a: Koraidon|4/100|[from] Recoil\n|\n|-weather|none\n|-damage|p1b: Incineroar|0 fnt|[from] Leech Seed|[of] p2a: Koraidon\n|-heal|p2a: Koraidon|16/100|[silent]\n|faint|p1b: Incineroar\n|\n|win|ky123456\n|raw|moyuanjie's rating: 1413 &rarr; <strong>1394</strong><br />(-19 for losing)\n|raw|ky123456's rating: 1431 &rarr; <strong>1450</strong><br />(+19 for winning)\n|l|\u2606moyuanjie\n|player|p1|\n|l|\u2606ky123456\n|player|p2|\n|l| here's where king!\n","uploadtime":1768714475,"views":15,"formatid":"gen9vgc2026regi","rating":1394,"private":0,"password":null}