{"id":"gen9vgc2026regi-2547718937","format":"[Gen 9] VGC 2026 Reg I","players":["VortexVoyager","alexit93"],"log":"|j|\u2606VortexVoyager\n|j|\u2606alexit93\n|t:|1772125524\n|gametype|doubles\n|player|p1|VortexVoyager|miku-ghost|1340\n|player|p2|alexit93|lucas-gen4pt|1307\n|gen|9\n|tier|[Gen 9] VGC 2026 Reg I\n|rated|\n|rule|Species Clause: Limit one of each Pok\u00e9mon\n|rule|Item Clause: Limit 1 of each item\n|clearpoke\n|poke|p1|Miraidon, L50|\n|poke|p1|Urshifu-*, L50, M|\n|poke|p1|Tornadus, L50, M|\n|poke|p1|Flutter Mane, L50|\n|poke|p1|Zamazenta-*, L50|\n|poke|p1|Chi-Yu, L50|\n|poke|p2|Zamazenta-*, L50|\n|poke|p2|Chien-Pao, L50|\n|poke|p2|Miraidon, L50|\n|poke|p2|Iron Jugulis, L50|\n|poke|p2|Riolu, L50, F|\n|poke|p2|Landorus, L50, M|\n|teampreview|4\n|inactive|Battle timer is ON: inactive players will automatically lose when time's up. (requested by VortexVoyager)\n|inactive|alexit93 has 60 seconds left.\n|\n|t:|1772125568\n|teamsize|p1|4\n|teamsize|p2|4\n|start\n|switch|p1a: Tornadus|Tornadus, L50, M, shiny|100/100\n|switch|p1b: Miraidon|Miraidon, L50, shiny|100/100\n|switch|p2a: Miraidon|Miraidon, L50, shiny|100/100\n|switch|p2b: Iron Jugulis|Iron Jugulis, L50|100/100\n|-fieldstart|move: Electric Terrain|[from] ability: Hadron Engine|[of] p2a: Miraidon\n|-activate|p2b: Iron Jugulis|ability: Quark Drive\n|-start|p2b: Iron Jugulis|quarkdrivespe\n|-activate|p1b: Miraidon|ability: Hadron Engine\n|turn|1\n|\n|t:|1772125582\n|-terastallize|p2a: Miraidon|Fairy\n|move|p1b: Miraidon|Protect|p1b: Miraidon\n|-singleturn|p1b: Miraidon|Protect\n|move|p1a: Tornadus|Tailwind|p1a: Tornadus\n|-sidestart|p1: VortexVoyager|move: Tailwind\n|move|p2b: Iron Jugulis|Tailwind|p2b: Iron Jugulis\n|-sidestart|p2: alexit93|move: Tailwind\n|move|p2a: Miraidon|Dazzling Gleam|p1a: Tornadus|[spread] p1a\n|-activate|p1b: Miraidon|move: Protect\n|-damage|p1a: Tornadus|40/100\n|\n|upkeep\n|turn|2\n|\n|t:|1772125600\n|-end|p2b: Iron Jugulis|Quark Drive|[silent]\n|switch|p2b: Landorus|Landorus, L50, M|100/100\n|switch|p1a: Zamazenta|Zamazenta-Crowned, L50|100/100\n|-ability|p1a: Zamazenta|Dauntless Shield|boost\n|-boost|p1a: Zamazenta|def|1\n|-terastallize|p1b: Miraidon|Fairy\n|move|p2a: Miraidon|Dazzling Gleam|p1a: Zamazenta|[spread] p1a,p1b\n|-damage|p1a: Zamazenta|58/100\n|-damage|p1b: Miraidon|47/100\n|move|p1b: Miraidon|Electro Drift|p2a: Miraidon\n|-damage|p2a: Miraidon|0 fnt\n|faint|p2a: Miraidon\n|-damage|p1b: Miraidon|37/100|[from] item: Life Orb\n|\n|upkeep\n|\n|t:|1772125618\n|switch|p2a: Chien-Pao|Chien-Pao, L50|100/100\n|-ability|p2a: Chien-Pao|Sword of Ruin\n|turn|3\n|\n|t:|1772125625\n|move|p1b: Miraidon|Protect|p1b: Miraidon\n|-singleturn|p1b: Miraidon|Protect\n|move|p2a: Chien-Pao|Ice Spinner|p1b: Miraidon\n|-activate|p1b: Miraidon|move: Protect\n|move|p2b: Landorus|Earth Power|p1a: Zamazenta\n|-supereffective|p1a: Zamazenta\n|-damage|p1a: Zamazenta|0 fnt\n|faint|p1a: Zamazenta\n|\n|upkeep\n|\n|t:|1772125634\n|switch|p1a: Urshifu|Urshifu-Rapid-Strike, L50, M|100/100\n|turn|4\n|\n|t:|1772125644\n|move|p2a: Chien-Pao|Ice Spinner|p1b: Miraidon\n|-damage|p1b: Miraidon|0 fnt\n|-fieldend|move: Electric Terrain\n|faint|p1b: Miraidon\n|move|p2b: Landorus|Sandsear Storm|p1a: Urshifu\n|-enditem|p1a: Urshifu|Focus Sash\n|-damage|p1a: Urshifu|1/100\n|move|p1a: Urshifu|Surging Strikes|p2a: Chien-Pao\n|-crit|p2a: Chien-Pao\n|-damage|p2a: Chien-Pao|69/100\n|-crit|p2a: Chien-Pao\n|-damage|p2a: Chien-Pao|36/100\n|-crit|p2a: Chien-Pao\n|-damage|p2a: Chien-Pao|3/100\n|-hitcount|p2a: Chien-Pao|3\n|\n|-sideend|p1: VortexVoyager|move: Tailwind\n|-sideend|p2: alexit93|move: Tailwind\n|upkeep\n|\n|t:|1772125658\n|switch|p1b: Tornadus|Tornadus, L50, M, shiny|40/100\n|turn|5\n|\n|t:|1772125671\n|switch|p2a: Iron Jugulis|Iron Jugulis, L50|100/100\n|move|p1b: Tornadus|Tailwind|p1b: Tornadus\n|-sidestart|p1: VortexVoyager|move: Tailwind\n|move|p1a: Urshifu|Surging Strikes|p2b: Landorus\n|-supereffective|p2b: Landorus\n|-crit|p2b: Landorus\n|-damage|p2b: Landorus|48/100\n|-supereffective|p2b: Landorus\n|-crit|p2b: Landorus\n|-damage|p2b: Landorus|0 fnt\n|faint|p2b: Landorus\n|-hitcount|p2: Landorus|2\n|\n|upkeep\n|\n|t:|1772125674\n|switch|p2b: Chien-Pao|Chien-Pao, L50|3/100\n|-ability|p2b: Chien-Pao|Sword of Ruin\n|turn|6\n|\n|t:|1772125687\n|move|p1a: Urshifu|Aqua Jet|p2b: Chien-Pao\n|-damage|p2b: Chien-Pao|0 fnt\n|faint|p2b: Chien-Pao\n|move|p1b: Tornadus|Bleakwind Storm|p2a: Iron Jugulis\n|-damage|p2a: Iron Jugulis|56/100\n|move|p2a: Iron Jugulis|Tailwind|p2a: Iron Jugulis\n|-sidestart|p2: alexit93|move: Tailwind\n|\n|upkeep\n|turn|7\n|\n|t:|1772125698\n|move|p1b: Tornadus|Rain Dance|p1b: Tornadus\n|-weather|RainDance\n|move|p2a: Iron Jugulis|Hurricane|p1a: Urshifu\n|-supereffective|p1a: Urshifu\n|-damage|p1a: Urshifu|0 fnt\n|faint|p1a: Urshifu\n|\n|-weather|RainDance|[upkeep]\n|upkeep\n|turn|8\n|\n|t:|1772125705\n|move|p2a: Iron Jugulis|Hurricane|p1b: Tornadus\n|-damage|p1b: Tornadus|1/100\n|move|p1b: Tornadus|Bleakwind Storm|p2a: Iron Jugulis\n|-damage|p2a: Iron Jugulis|9/100\n|\n|-weather|RainDance|[upkeep]\n|-sideend|p1: VortexVoyager|move: Tailwind\n|upkeep\n|turn|9\n|\n|t:|1772125713\n|move|p2a: Iron Jugulis|Hurricane|p1b: Tornadus\n|-damage|p1b: Tornadus|0 fnt\n|faint|p1b: Tornadus\n|\n|win|alexit93\n|raw|VortexVoyager's rating: 1340 &rarr; <strong>1318</strong><br />(-22 for losing)\n|raw|alexit93's rating: 1307 &rarr; <strong>1329</strong><br />(+22 for winning)\n|l|\u2606VortexVoyager\n|player|p1|\n|l|\u2606alexit93\n|player|p2|\n","uploadtime":1772125920,"views":15,"formatid":"gen9vgc2026regi","rating":1318,"private":0,"password":null}