{"id":"gen9vgc2026regi-2563882700","format":"[Gen 9] VGC 2026 Reg I","players":["darkest_contender","Cellpab1"],"log":"|j|\u2606darkest_contender\n|j|\u2606Cellpab1\n|t:|1774077309\n|gametype|doubles\n|player|p1|darkest_contender|cynthia-masters3|1464\n|player|p2|Cellpab1|1|1493\n|gen|9\n|tier|[Gen 9] VGC 2026 Reg I\n|rated|\n|rule|Species Clause: Limit one of each Pok\u00e9mon\n|rule|Item Clause: Limit 1 of each item\n|clearpoke\n|poke|p1|Calyrex-Shadow, L50|\n|poke|p1|Zamazenta-*, L50|\n|poke|p1|Ogerpon-Cornerstone, L50, F|\n|poke|p1|Flutter Mane, L50|\n|poke|p1|Whimsicott, L50, F|\n|poke|p1|Torkoal, L50, M|\n|poke|p2|Calyrex-Ice, L50|\n|poke|p2|Miraidon, L50|\n|poke|p2|Iron Hands, L50|\n|poke|p2|Landorus, L50, M|\n|poke|p2|Farigiraf, L50, M|\n|poke|p2|Incineroar, L50, M|\n|teampreview|4\n|inactive|Battle timer is ON: inactive players will automatically lose when time's up. (requested by darkest_contender)\n|inactive|Cellpab1 has 60 seconds left.\n|\n|t:|1774077376\n|teamsize|p1|4\n|teamsize|p2|4\n|start\n|switch|p1a: Calyrex|Calyrex-Shadow, L50|100/100\n|switch|p1b: Flutter Mane|Flutter Mane, L50|100/100\n|switch|p2a: Landorus|Landorus, L50, M|100/100\n|switch|p2b: Iron Hands|Iron Hands, L50|100/100\n|-ability|p1a: Calyrex|As One\n|-ability|p1a: Calyrex|Unnerve\n|-enditem|p1b: Flutter Mane|Booster Energy\n|-activate|p1b: Flutter Mane|ability: Protosynthesis|[fromitem]\n|-start|p1b: Flutter Mane|protosynthesisspe\n|turn|1\n|\n|t:|1774077398\n|switch|p2a: Farigiraf|Farigiraf, L50, M|100/100\n|move|p1b: Flutter Mane|Icy Wind|p2b: Iron Hands|[spread] p2a,p2b\n|-damage|p2a: Farigiraf|87/100\n|-damage|p2b: Iron Hands|93/100\n|-unboost|p2a: Farigiraf|spe|1\n|-unboost|p2b: Iron Hands|spe|1\n|move|p1a: Calyrex|Astral Barrage|p2a: Farigiraf|[spread] p2b\n|-immune|p2a: Farigiraf\n|-crit|p2b: Iron Hands\n|-damage|p2b: Iron Hands|49/100\n|move|p2b: Iron Hands|Heavy Slam|p1b: Flutter Mane\n|-supereffective|p1b: Flutter Mane\n|-damage|p1b: Flutter Mane|0 fnt\n|faint|p1b: Flutter Mane\n|-end|p1b: Flutter Mane|Protosynthesis|[silent]\n|\n|upkeep\n|\n|t:|1774077412\n|switch|p1b: Zamazenta|Zamazenta-Crowned, L50|100/100\n|-ability|p1b: Zamazenta|Dauntless Shield|boost\n|-boost|p1b: Zamazenta|def|1\n|turn|2\n|\n|t:|1774077436\n|-terastallize|p1a: Calyrex|Dark\n|move|p1a: Calyrex|Dark Pulse|p2a: Farigiraf\n|-supereffective|p2a: Farigiraf\n|-damage|p2a: Farigiraf|5/100\n|move|p1b: Zamazenta|Iron Defense|p1b: Zamazenta\n|-boost|p1b: Zamazenta|def|2\n|move|p2a: Farigiraf|Foul Play|p1a: Calyrex\n|-resisted|p1a: Calyrex\n|-damage|p1a: Calyrex|92/100\n|move|p2b: Iron Hands|Low Kick|p1b: Zamazenta\n|-supereffective|p1b: Zamazenta\n|-damage|p1b: Zamazenta|63/100\n|\n|upkeep\n|turn|3\n|\n|t:|1774077456\n|move|p2a: Farigiraf|Protect|p2a: Farigiraf\n|-singleturn|p2a: Farigiraf|Protect\n|move|p1a: Calyrex|Dark Pulse|p2a: Farigiraf\n|-activate|p2a: Farigiraf|move: Protect\n|move|p1b: Zamazenta|Body Press|p2b: Iron Hands\n|-damage|p2b: Iron Hands|0 fnt\n|faint|p2b: Iron Hands\n|-end|p2b: Iron Hands|Quark Drive|[silent]\n|\n|upkeep\n|inactive|Cellpab1 has 30 seconds left.\n|\n|t:|1774077488\n|switch|p2b: Landorus|Landorus, L50, M|100/100\n|turn|4\n|\n|t:|1774077500\n|move|p2b: Landorus|Earth Power|p1a: Calyrex\n|-damage|p1a: Calyrex|35/100\n|move|p1a: Calyrex|Dark Pulse|p2b: Landorus\n|-damage|p2b: Landorus|37/100\n|move|p1b: Zamazenta|Behemoth Bash|p2b: Landorus\n|-damage|p2b: Landorus|0 fnt\n|faint|p2b: Landorus\n|move|p2a: Farigiraf|Trick Room|p2a: Farigiraf\n|-fieldstart|move: Trick Room|[of] p2a: Farigiraf\n|\n|upkeep\n|\n|t:|1774077510\n|switch|p2b: Calyrex|Calyrex-Ice, L50|100/100\n|-ability|p2b: Calyrex|As One\n|-ability|p2b: Calyrex|Unnerve\n|turn|5\n|inactive|Cellpab1 has 30 seconds left.\n|\n|t:|1774077541\n|move|p2a: Farigiraf|Psychic|p1b: Zamazenta\n|-damage|p1b: Zamazenta|40/100\n|move|p2b: Calyrex|Glacial Lance|p1b: Zamazenta|[spread] p1a,p1b\n|-resisted|p1b: Zamazenta\n|-damage|p1a: Calyrex|0 fnt\n|-damage|p1b: Zamazenta|34/100\n|faint|p1a: Calyrex\n|-ability|p2b: Calyrex|Chilling Neigh|boost\n|-boost|p2b: Calyrex|atk|1\n|move|p1b: Zamazenta|Body Press|p2b: Calyrex\n|-damage|p2b: Calyrex|32/100\n|\n|-heal|p2b: Calyrex|38/100|[from] item: Leftovers\n|upkeep\n|\n|t:|1774077551\n|switch|p1a: Torkoal|Torkoal, L50, M, shiny|100/100\n|-weather|SunnyDay|[from] ability: Drought|[of] p1a: Torkoal\n|turn|6\n|c|\u2606darkest_contender|gg\n|inactive|Cellpab1 has 30 seconds left.\n|inactive|Cellpab1 has 20 seconds left.\n|inactive|Cellpab1 has 15 seconds left.\n|inactive|Cellpab1 has 10 seconds left.\n|inactive|Cellpab1 has 5 seconds left.\n|\n|t:|1774077604\n|-terastallize|p2b: Calyrex|Water\n|move|p2a: Farigiraf|Protect|p2a: Farigiraf\n|-singleturn|p2a: Farigiraf|Protect\n|move|p1a: Torkoal|Eruption|p2b: Calyrex|[spread] p2b\n|-activate|p2a: Farigiraf|move: Protect\n|-resisted|p2b: Calyrex\n|-damage|p2b: Calyrex|14/100\n|move|p2b: Calyrex|Glacial Lance|p1a: Torkoal|[spread] p1a,p1b\n|-resisted|p1a: Torkoal\n|-resisted|p1b: Zamazenta\n|-crit|p1b: Zamazenta\n|-damage|p1a: Torkoal|70/100\n|-damage|p1b: Zamazenta|0 fnt\n|faint|p1b: Zamazenta\n|-ability|p2b: Calyrex|Chilling Neigh|boost\n|-boost|p2b: Calyrex|atk|1\n|\n|-weather|SunnyDay|[upkeep]\n|-heal|p2b: Calyrex|20/100|[from] item: Leftovers\n|upkeep\n|turn|7\n|inactive|Cellpab1 has 30 seconds left.\n|inactive|Cellpab1 has 20 seconds left.\n|inactive|Cellpab1 has 15 seconds left.\n|c|\u2606darkest_contender|obv getting lucky\n|inactive|Cellpab1 has 10 seconds left.\n|inactive|Cellpab1 has 5 seconds left.\n|\n|t:|1774077658\n|move|p1a: Torkoal|Solar Beam||[still]\n|-prepare|p1a: Torkoal|Solar Beam\n|-anim|p1a: Torkoal|Solar Beam|p2b: Calyrex\n|-supereffective|p2b: Calyrex\n|-damage|p2b: Calyrex|0 fnt\n|faint|p2b: Calyrex\n|move|p2a: Farigiraf|Psychic|p1a: Torkoal\n|-crit|p1a: Torkoal\n|-damage|p1a: Torkoal|0 fnt\n|faint|p1a: Torkoal\n|\n|win|Cellpab1\n|raw|darkest_contender's rating: 1464 &rarr; <strong>1446</strong><br />(-18 for losing)\n|raw|Cellpab1's rating: 1493 &rarr; <strong>1511</strong><br />(+18 for winning)\n|l|\u2606darkest_contender\n|player|p1|\n|l|\u2606Cellpab1\n|player|p2|\n","uploadtime":1774077675,"views":15,"formatid":"gen9vgc2026regi","rating":1446,"private":0,"password":null}