{"id":"gen9vgc2026regi-2588910156","format":"[Gen 9] VGC 2026 Reg I","players":["Rowlet112","wasaad5"],"log":"|j|\u2606Rowlet112\n|j|\u2606wasaad5\n|t:|1776684970\n|gametype|doubles\n|player|p1|Rowlet112|2|1216\n|player|p2|wasaad5|blue|1287\n|gen|9\n|tier|[Gen 9] VGC 2026 Reg I\n|rated|\n|rule|Species Clause: Limit one of each Pok\u00e9mon\n|rule|Item Clause: Limit 1 of each item\n|clearpoke\n|poke|p1|Calyrex-Ice, L50|\n|poke|p1|Scraggy, L50, M|\n|poke|p1|Miraidon, L50|\n|poke|p1|Farigiraf, L50, F|\n|poke|p1|Iron Treads, L50|\n|poke|p1|Iron Hands, L50|\n|poke|p2|Kyurem-White, L50|\n|poke|p2|Zacian-*, L50|\n|poke|p2|Sableye, L50, M|\n|poke|p2|Urshifu-*, L50, M|\n|poke|p2|Amoonguss, L50, F|\n|poke|p2|Incineroar, L50, M|\n|teampreview|4\n|inactive|Battle timer is ON: inactive players will automatically lose when time's up. (requested by Rowlet112)\n|\n|t:|1776684993\n|teamsize|p1|4\n|teamsize|p2|4\n|start\n|switch|p1a: Calyrex|Calyrex-Ice, L50|100/100\n|switch|p1b: Farigiraf|Farigiraf, L50, F|100/100\n|switch|p2a: Kyurem|Kyurem-White, L50, shiny|100/100\n|switch|p2b: Amoonguss|Amoonguss, L50, F|100/100\n|-ability|p1a: Calyrex|As One\n|-ability|p1a: Calyrex|Unnerve\n|-ability|p2a: Kyurem|Turboblaze\n|turn|1\n|inactive|Rowlet112 has 30 seconds left.\n|\n|t:|1776685027\n|switch|p2b: Incineroar|Incineroar, L50, M|100/100\n|-ability|p2b: Incineroar|Intimidate|boost\n|-fail|p1a: Calyrex|unboost|[from] item: Clear Amulet|[of] p1a: Calyrex\n|-unboost|p1b: Farigiraf|atk|1\n|move|p1b: Farigiraf|Helping Hand|p1a: Calyrex\n|-singleturn|p1a: Calyrex|Helping Hand|[of] p1b: Farigiraf\n|move|p2a: Kyurem|Fusion Flare|p1a: Calyrex\n|-supereffective|p1a: Calyrex\n|-damage|p1a: Calyrex|28/100\n|-damage|p2a: Kyurem|91/100|[from] item: Life Orb\n|move|p1a: Calyrex|Glacial Lance|p2a: Kyurem|[spread] p2a,p2b\n|-resisted|p2b: Incineroar\n|-damage|p2a: Kyurem|0 fnt\n|-damage|p2b: Incineroar|60/100\n|faint|p2a: Kyurem\n|-ability|p1a: Calyrex|Chilling Neigh|boost\n|-boost|p1a: Calyrex|atk|1\n|\n|upkeep\n|\n|t:|1776685043\n|switch|p2a: Zacian|Zacian-Crowned, L50|100/100\n|-ability|p2a: Zacian|Intrepid Sword|boost\n|-boost|p2a: Zacian|atk|1\n|turn|2\n|\n|t:|1776685049\n|move|p1a: Calyrex|Protect|p1a: Calyrex\n|-singleturn|p1a: Calyrex|Protect\n|move|p2a: Zacian|Behemoth Blade|p1b: Farigiraf\n|-damage|p1b: Farigiraf|3/100\n|move|p2b: Incineroar|Knock Off|p1a: Calyrex\n|-activate|p1a: Calyrex|move: Protect\n|move|p1b: Farigiraf|Trick Room|p1b: Farigiraf\n|-fieldstart|move: Trick Room|[of] p1b: Farigiraf\n|\n|upkeep\n|turn|3\n|\n|t:|1776685065\n|-terastallize|p1a: Calyrex|Fire\n|move|p1b: Farigiraf|Helping Hand|p1a: Calyrex\n|-singleturn|p1a: Calyrex|Helping Hand|[of] p1b: Farigiraf\n|move|p2a: Zacian|Protect|p2a: Zacian\n|-singleturn|p2a: Zacian|Protect\n|move|p1a: Calyrex|High Horsepower|p2a: Zacian\n|-activate|p2a: Zacian|move: Protect\n|move|p2b: Incineroar|Knock Off|p1a: Calyrex\n|-damage|p1a: Calyrex|4/100\n|-enditem|p1a: Calyrex|Clear Amulet|[from] move: Knock Off|[of] p2b: Incineroar\n|\n|upkeep\n|turn|4\n|\n|t:|1776685088\n|switch|p2a: Amoonguss|Amoonguss, L50, F|100/100\n|move|p1b: Farigiraf|Helping Hand|p1a: Calyrex\n|-singleturn|p1a: Calyrex|Helping Hand|[of] p1b: Farigiraf\n|move|p1a: Calyrex|High Horsepower|p2a: Amoonguss\n|-damage|p2a: Amoonguss|0 fnt\n|faint|p2a: Amoonguss\n|-ability|p1a: Calyrex|Chilling Neigh|boost\n|-boost|p1a: Calyrex|atk|1\n|move|p2b: Incineroar|U-turn|p1b: Farigiraf\n|-supereffective|p1b: Farigiraf\n|-damage|p1b: Farigiraf|0 fnt\n|faint|p1b: Farigiraf\n|\n|t:|1776685098\n|switch|p2b: Zacian|Zacian-Crowned, L50|100/100|[from] U-turn\n|\n|upkeep\n|\n|t:|1776685105\n|switch|p2a: Incineroar|Incineroar, L50, M|60/100\n|switch|p1b: Scraggy|Scraggy, L50, M|100/100\n|-ability|p1b: Scraggy|Intimidate|boost\n|-unboost|p2a: Incineroar|atk|1\n|-unboost|p2b: Zacian|atk|1\n|-ability|p2a: Incineroar|Intimidate|boost\n|-unboost|p1a: Calyrex|atk|1\n|-unboost|p1b: Scraggy|atk|1\n|turn|5\n|\n|t:|1776685123\n|move|p2a: Incineroar|Fake Out|p1a: Calyrex\n|-damage|p1a: Calyrex|0 fnt\n|faint|p1a: Calyrex\n|move|p1b: Scraggy|Coaching|p1: Calyrex|[notarget]\n|-fail|p1b: Scraggy\n|move|p2b: Zacian|Play Rough|p1b: Scraggy\n|-supereffective|p1b: Scraggy\n|-damage|p1b: Scraggy|0 fnt\n|faint|p1b: Scraggy\n|\n|upkeep\n|\n|t:|1776685130\n|switch|p1b: Miraidon|Miraidon, L50|100/100\n|-fieldstart|move: Electric Terrain|[from] ability: Hadron Engine|[of] p1b: Miraidon\n|turn|6\n|\n|t:|1776685139\n|-terastallize|p2b: Zacian|Ground\n|move|p2a: Incineroar|Knock Off|p1b: Miraidon\n|-damage|p1b: Miraidon|79/100\n|-enditem|p1b: Miraidon|Choice Scarf|[from] move: Knock Off|[of] p2a: Incineroar\n|move|p1b: Miraidon|Electro Drift|p2b: Zacian\n|-immune|p2b: Zacian\n|move|p2b: Zacian|Tera Blast|p1b: Miraidon|[anim] Tera Blast Ground\n|-supereffective|p1b: Miraidon\n|-damage|p1b: Miraidon|26/100\n|\n|-fieldend|move: Trick Room\n|upkeep\n|turn|7\n|\n|t:|1776685148\n|move|p2b: Zacian|Tera Blast|p1b: Miraidon|[anim] Tera Blast Ground\n|-supereffective|p1b: Miraidon\n|-damage|p1b: Miraidon|0 fnt\n|faint|p1b: Miraidon\n|\n|win|wasaad5\n|raw|Rowlet112's rating: 1216 &rarr; <strong>1196</strong><br />(-20 for losing)\n|raw|wasaad5's rating: 1287 &rarr; <strong>1307</strong><br />(+20 for winning)\n|l|\u2606Rowlet112\n|player|p1|\n|l|\u2606wasaad5\n|player|p2|\n","uploadtime":1776685305,"views":9,"formatid":"gen9vgc2026regi","rating":1196,"private":0,"password":null}