{"id":"gen9vgc2026regi-2565427791","format":"[Gen 9] VGC 2026 Reg I","players":["Jonen","htotoT"],"log":"|j|\u2606Jonen\n|j|\u2606htotoT\n|t:|1774274473\n|gametype|doubles\n|player|p1|Jonen|medium|1501\n|player|p2|htotoT|102|1618\n|gen|9\n|tier|[Gen 9] VGC 2026 Reg I\n|rated|\n|rule|Species Clause: Limit one of each Pok\u00e9mon\n|rule|Item Clause: Limit 1 of each item\n|clearpoke\n|poke|p1|Groudon, L50|\n|poke|p1|Lunala, L50|\n|poke|p1|Sableye, L50, F|\n|poke|p1|Chi-Yu, L50|\n|poke|p1|Rillaboom, L50, F|\n|poke|p1|Jumpluff, L50, M|\n|poke|p2|Grimmsnarl, L50, M|\n|poke|p2|Terapagos, L50, M|\n|poke|p2|Raichu, L50, M|\n|poke|p2|Ogerpon-Wellspring, L50, F|\n|poke|p2|Amoonguss, L50, F|\n|poke|p2|Kyogre, L50|\n|teampreview|4\n|l|\u2606htotoT\n|player|p2|\n|j|\u2606htotoT\n|player|p2|htotoT|102|\n|\n|t:|1774274527\n|teamsize|p1|4\n|teamsize|p2|4\n|start\n|switch|p1a: Lunala|Lunala, L50|100/100\n|switch|p1b: Sableye|Sableye, L50, F|100/100\n|switch|p2a: Grimmsnarl|Grimmsnarl, L50, M|100/100\n|switch|p2b: Terapagos|Terapagos, L50, M|100/100\n|-activate|p2b: Terapagos|ability: Tera Shift\n|detailschange|p2b: Terapagos|Terapagos-Terastal, L50, M\n|-heal|p2b: Terapagos|100/100|[silent]\n|turn|1\n|inactive|Battle timer is ON: inactive players will automatically lose when time's up. (requested by htotoT)\n|\n|t:|1774274550\n|move|p1b: Sableye|Gravity|p1b: Sableye\n|-fieldstart|move: Gravity\n|move|p1a: Lunala|Hypnosis|p2b: Terapagos\n|-status|p2b: Terapagos|slp|[from] move: Hypnosis\n|cant|p2b: Terapagos|slp\n|move|p2a: Grimmsnarl|Foul Play|p1a: Lunala\n|-supereffective|p1a: Lunala\n|-damage|p1a: Lunala|50/100\n|\n|upkeep\n|turn|2\n|\n|t:|1774274562\n|switch|p1b: Groudon|Groudon, L50|100/100\n|-weather|SunnyDay|[from] ability: Drought|[of] p1b: Groudon\n|move|p1a: Lunala|Hypnosis|p2a: Grimmsnarl\n|-status|p2a: Grimmsnarl|slp|[from] move: Hypnosis\n|cant|p2b: Terapagos|slp\n|cant|p2a: Grimmsnarl|slp\n|\n|-weather|SunnyDay|[upkeep]\n|upkeep\n|turn|3\n|\n|t:|1774274571\n|cant|p2a: Grimmsnarl|slp\n|move|p1a: Lunala|Meteor Beam||[still]\n|-prepare|p1a: Lunala|Meteor Beam\n|-boost|p1a: Lunala|spa|1\n|-enditem|p1a: Lunala|Power Herb\n|-anim|p1a: Lunala|Meteor Beam|p2b: Terapagos\n|-activate|p2b: Terapagos|ability: Tera Shell\n|-resisted|p2b: Terapagos\n|-damage|p2b: Terapagos|75/100 slp\n|move|p1b: Groudon|Precipice Blades|p2a: Grimmsnarl|[spread] p2a,p2b\n|-damage|p2a: Grimmsnarl|21/100 slp\n|-damage|p2b: Terapagos|11/100 slp\n|-damage|p1b: Groudon|91/100|[from] item: Life Orb\n|cant|p2b: Terapagos|slp\n|\n|-weather|SunnyDay|[upkeep]\n|-heal|p2b: Terapagos|17/100 slp|[from] item: Leftovers\n|upkeep\n|turn|4\n|inactive|htotoT has 30 seconds left.\n|\n|t:|1774274603\n|move|p1a: Lunala|Protect|p1a: Lunala\n|-singleturn|p1a: Lunala|Protect\n|-curestatus|p2b: Terapagos|slp|[msg]\n|move|p2b: Terapagos|Protect|p2b: Terapagos\n|-singleturn|p2b: Terapagos|Protect\n|-curestatus|p2a: Grimmsnarl|slp|[msg]\n|move|p2a: Grimmsnarl|Reflect|p2a: Grimmsnarl\n|-sidestart|p2: htotoT|Reflect\n|move|p1b: Groudon|Precipice Blades|p2a: Grimmsnarl|[spread] p2a\n|-activate|p2b: Terapagos|move: Protect\n|-damage|p2a: Grimmsnarl|0 fnt\n|faint|p2a: Grimmsnarl\n|-damage|p1b: Groudon|81/100|[from] item: Life Orb\n|\n|-weather|SunnyDay|[upkeep]\n|-heal|p2b: Terapagos|22/100|[from] item: Leftovers\n|upkeep\n|j| mago della merda\n|\n|t:|1774274616\n|switch|p2a: Ogerpon|Ogerpon-Wellspring, L50, F|100/100\n|turn|5\n|\n|t:|1774274625\n|switch|p2b: Kyogre|Kyogre, L50|100/100\n|-weather|RainDance|[from] ability: Drizzle|[of] p2b: Kyogre\n|-terastallize|p2a: Ogerpon|Water\n|detailschange|p2a: Ogerpon|Ogerpon-Wellspring-Tera, L50, F, tera:Water\n|-ability|p2a: Ogerpon|Embody Aspect (Wellspring)|boost\n|-boost|p2a: Ogerpon|spd|1\n|move|p2a: Ogerpon|Ivy Cudgel|p1a: Lunala|[anim] Ivy Cudgel Water\n|-crit|p1a: Lunala\n|-damage|p1a: Lunala|0 fnt\n|faint|p1a: Lunala\n|move|p1b: Groudon|Precipice Blades|p2b: Kyogre|[spread] p2a,p2b\n|-damage|p2a: Ogerpon|41/100\n|-damage|p2b: Kyogre|41/100\n|-damage|p1b: Groudon|71/100|[from] item: Life Orb\n|\n|-weather|RainDance|[upkeep]\n|-fieldend|move: Gravity\n|upkeep\n|\n|t:|1774274640\n|switch|p1a: Rillaboom|Rillaboom, L50, F|100/100\n|-fieldstart|move: Grassy Terrain|[from] ability: Grassy Surge|[of] p1a: Rillaboom\n|turn|6\n|\n|t:|1774274648\n|move|p1a: Rillaboom|Grassy Glide|p2b: Kyogre\n|-supereffective|p2b: Kyogre\n|-damage|p2b: Kyogre|0 fnt\n|faint|p2b: Kyogre\n|move|p2a: Ogerpon|Ivy Cudgel|p1b: Groudon|[anim] Ivy Cudgel Water\n|-supereffective|p1b: Groudon\n|-damage|p1b: Groudon|0 fnt\n|faint|p1b: Groudon\n|\n|-weather|RainDance|[upkeep]\n|-heal|p2a: Ogerpon|47/100|[from] Grassy Terrain\n|upkeep\n|\n|t:|1774274655\n|switch|p2b: Terapagos|Terapagos-Terastal, L50, M|22/100\n|switch|p1b: Sableye|Sableye, L50, F|100/100\n|turn|7\n|\n|t:|1774274676\n|move|p2a: Ogerpon|Spiky Shield|p2a: Ogerpon\n|-singleturn|p2a: Ogerpon|move: Protect\n|move|p2b: Terapagos|Protect|p2b: Terapagos\n|-singleturn|p2b: Terapagos|Protect\n|move|p1a: Rillaboom|Grassy Glide|p2b: Terapagos\n|-activate|p2b: Terapagos|move: Protect\n|move|p1b: Sableye|Disable|p2a: Ogerpon\n|-activate|p2a: Ogerpon|move: Protect\n|\n|-weather|RainDance|[upkeep]\n|-heal|p2a: Ogerpon|53/100|[from] Grassy Terrain\n|-heal|p2b: Terapagos|28/100|[from] Grassy Terrain\n|-heal|p2b: Terapagos|34/100|[from] item: Leftovers\n|upkeep\n|turn|8\n|\n|t:|1774274694\n|move|p1b: Sableye|Quash|p2a: Ogerpon\n|-activate|p2a: Ogerpon|move: Quash\n|move|p2b: Terapagos|Tera Starstorm|p1a: Rillaboom\n|-damage|p1a: Rillaboom|69/100\n|move|p1a: Rillaboom|Wood Hammer|p2a: Ogerpon\n|-supereffective|p2a: Ogerpon\n|-damage|p2a: Ogerpon|0 fnt\n|faint|p2a: Ogerpon\n|detailschange|p2: Ogerpon|Ogerpon-Wellspring, L50, F|[silent]\n|-damage|p1a: Rillaboom|53/100|[from] Recoil\n|\n|-weather|RainDance|[upkeep]\n|-heal|p1a: Rillaboom|59/100|[from] Grassy Terrain\n|-heal|p2b: Terapagos|40/100|[from] Grassy Terrain\n|-heal|p2b: Terapagos|46/100|[from] item: Leftovers\n|upkeep\n|turn|9\n|\n|t:|1774274706\n|move|p2b: Terapagos|Protect|p2b: Terapagos\n|-singleturn|p2b: Terapagos|Protect\n|move|p1b: Sableye|Disable|p2b: Terapagos\n|-activate|p2b: Terapagos|move: Protect\n|move|p1a: Rillaboom|Wood Hammer|p2b: Terapagos\n|-activate|p2b: Terapagos|move: Protect\n|\n|-weather|none\n|-heal|p2b: Terapagos|51/100|[from] Grassy Terrain\n|-heal|p1a: Rillaboom|65/100|[from] Grassy Terrain\n|-heal|p2b: Terapagos|57/100|[from] item: Leftovers\n|upkeep\n|turn|10\n|\n|t:|1774274716\n|move|p1a: Rillaboom|Wood Hammer|p2b: Terapagos\n|-damage|p2b: Terapagos|20/100\n|-damage|p1a: Rillaboom|54/100|[from] Recoil\n|move|p2b: Terapagos|Tera Starstorm|p1a: Rillaboom\n|-damage|p1a: Rillaboom|22/100\n|move|p1b: Sableye|Foul Play|p2b: Terapagos\n|-damage|p2b: Terapagos|6/100\n|\n|-heal|p1a: Rillaboom|28/100|[from] Grassy Terrain\n|-heal|p2b: Terapagos|12/100|[from] Grassy Terrain\n|-heal|p2b: Terapagos|18/100|[from] item: Leftovers\n|-fieldend|move: Grassy Terrain\n|upkeep\n|turn|11\n|\n|t:|1774274726\n|move|p2b: Terapagos|Protect|p2b: Terapagos\n|-singleturn|p2b: Terapagos|Protect\n|move|p1b: Sableye|Disable|p2b: Terapagos\n|-activate|p2b: Terapagos|move: Protect\n|move|p1a: Rillaboom|Wood Hammer|p2b: Terapagos\n|-activate|p2b: Terapagos|move: Protect\n|\n|-heal|p2b: Terapagos|24/100|[from] item: Leftovers\n|-sideend|p2: htotoT|Reflect\n|upkeep\n|turn|12\n|\n|t:|1774274732\n|move|p1b: Sableye|Quash|p2b: Terapagos\n|-activate|p2b: Terapagos|move: Quash\n|move|p1a: Rillaboom|Wood Hammer|p2b: Terapagos\n|-damage|p2b: Terapagos|0 fnt\n|faint|p2b: Terapagos\n|-damage|p1a: Rillaboom|21/100|[from] Recoil\n|\n|win|Jonen\n|raw|Jonen's rating: 1501 &rarr; <strong>1527</strong><br />(+26 for winning)\n|raw|htotoT's rating: 1618 &rarr; <strong>1592</strong><br />(-26 for losing)\n|l|\u2606htotoT\n|player|p2|\n|c|\u2606Jonen|gg\n|l| mago della merda\n|l|\u2606Jonen\n|player|p1|\n","uploadtime":1774274732,"views":14,"formatid":"gen9vgc2026regi","rating":1527,"private":0,"password":null}