{"id":"gen9vgc2026regi-2556769814","format":"[Gen 9] VGC 2026 Reg I","players":["I\u2764\ufe0f\u5a1c\u7984forever","incibroar"],"log":"|j|\u2606I\u2764\ufe0f\u5a1c\u7984forever\n|j|\u2606incibroar\n|t:|1773247305\n|gametype|doubles\n|player|p1|I\u2764\ufe0f\u5a1c\u7984forever|youngcouple-gen4dp|1344\n|player|p2|incibroar|steven|1379\n|gen|9\n|tier|[Gen 9] VGC 2026 Reg I\n|rated|\n|rule|Species Clause: Limit one of each Pok\u00e9mon\n|rule|Item Clause: Limit 1 of each item\n|clearpoke\n|poke|p1|Groudon, L50|\n|poke|p1|Kyurem-White, L50|\n|poke|p1|Heatran, L50, F|\n|poke|p1|Whimsicott, L50, F|\n|poke|p1|Roaring Moon, L50|\n|poke|p1|Ditto, L50|\n|poke|p2|Kyogre, L50|\n|poke|p2|Miraidon, L50|\n|poke|p2|Archaludon, L50, F|\n|poke|p2|Incineroar, L50, F|\n|poke|p2|Whimsicott, L50, M|\n|poke|p2|Basculegion, L50, M|\n|teampreview|4\n|\n|t:|1773247335\n|teamsize|p1|4\n|teamsize|p2|4\n|start\n|switch|p1a: Whimsicott|Whimsicott, L50, F|100/100\n|switch|p1b: Kyurem|Kyurem-White, L50|100/100\n|switch|p2a: Whimsicott|Whimsicott, L50, M|100/100\n|switch|p2b: Miraidon|Miraidon, L50|100/100\n|-fieldstart|move: Electric Terrain|[from] ability: Hadron Engine|[of] p2b: Miraidon\n|-ability|p1b: Kyurem|Turboblaze\n|turn|1\n|\n|t:|1773247353\n|move|p2a: Whimsicott|Tailwind|p2a: Whimsicott\n|-sidestart|p2: incibroar|move: Tailwind\n|move|p2b: Miraidon|Volt Switch|p1b: Kyurem\n|-resisted|p1b: Kyurem\n|-damage|p1b: Kyurem|60/100\n|\n|t:|1773247358\n|switch|p2b: Incineroar|Incineroar, L50, F|100/100|[from] Volt Switch\n|-ability|p2b: Incineroar|Intimidate|boost\n|-unboost|p1a: Whimsicott|atk|1\n|-unboost|p1b: Kyurem|atk|1\n|move|p1b: Kyurem|Blizzard|p2a: Whimsicott|[spread] p2a,p2b\n|-supereffective|p2a: Whimsicott\n|-resisted|p2b: Incineroar\n|-damage|p2a: Whimsicott|0 fnt\n|-damage|p2b: Incineroar|79/100\n|faint|p2a: Whimsicott\n|move|p1a: Whimsicott|Trick Room|p1a: Whimsicott\n|-fieldstart|move: Trick Room|[of] p1a: Whimsicott\n|\n|upkeep\n|\n|t:|1773247367\n|switch|p2a: Kyogre|Kyogre, L50, shiny|100/100\n|-weather|RainDance|[from] ability: Drizzle|[of] p2a: Kyogre\n|turn|2\n|\n|t:|1773247375\n|move|p2a: Kyogre|Protect|p2a: Kyogre\n|-singleturn|p2a: Kyogre|Protect\n|move|p1b: Kyurem|Freeze-Dry|p2a: Kyogre\n|-activate|p2a: Kyogre|move: Protect\n|move|p2b: Incineroar|Parting Shot|p1b: Kyurem\n|-unboost|p1b: Kyurem|atk|1\n|-unboost|p1b: Kyurem|spa|1\n|\n|t:|1773247383\n|switch|p2b: Miraidon|Miraidon, L50|100/100|[from] Parting Shot\n|-activate|p2b: Miraidon|ability: Hadron Engine\n|move|p1a: Whimsicott|Energy Ball|p2a: Kyogre\n|-activate|p2a: Kyogre|move: Protect\n|\n|-weather|RainDance|[upkeep]\n|upkeep\n|turn|3\n|\n|t:|1773247400\n|switch|p2a: Incineroar|Incineroar, L50, F|79/100\n|-ability|p2a: Incineroar|Intimidate|boost\n|-unboost|p1a: Whimsicott|atk|1\n|-unboost|p1b: Kyurem|atk|1\n|-terastallize|p2b: Miraidon|Fairy\n|move|p1b: Kyurem|Blizzard|p2a: Incineroar|[spread] p2b\n|-miss|p1b: Kyurem|p2a: Incineroar\n|-enditem|p1b: Kyurem|Blunder Policy\n|-boost|p1b: Kyurem|spe|2\n|-damage|p2b: Miraidon|66/100\n|move|p1a: Whimsicott|Endeavor|p2b: Miraidon\n|-immune|p2b: Miraidon\n|move|p2b: Miraidon|Dazzling Gleam|p1a: Whimsicott|[spread] p1a,p1b\n|-supereffective|p1b: Kyurem\n|-enditem|p1a: Whimsicott|Focus Sash\n|-damage|p1a: Whimsicott|1/100\n|-damage|p1b: Kyurem|0 fnt\n|faint|p1b: Kyurem\n|\n|-weather|RainDance|[upkeep]\n|upkeep\n|\n|t:|1773247419\n|switch|p1b: Groudon|Groudon, L50|100/100\n|-weather|SunnyDay|[from] ability: Drought|[of] p1b: Groudon\n|turn|4\n|\n|t:|1773247430\n|switch|p1a: Ditto|Ditto, L50|100/100\n|-transform|p1a: Ditto|p2b: Miraidon|[from] ability: Imposter\n|-activate|p1a: Ditto|ability: Hadron Engine\n|move|p2a: Incineroar|Fake Out|p1a: Ditto\n|-damage|p1a: Ditto|89/100\n|move|p1b: Groudon|Precipice Blades|p2b: Miraidon|[spread] p2a,p2b\n|-supereffective|p2a: Incineroar\n|-damage|p2a: Incineroar|0 fnt\n|-damage|p2b: Miraidon|11/100\n|faint|p2a: Incineroar\n|move|p2b: Miraidon|Dazzling Gleam|p1a: Ditto|[spread] p1b\n|-miss|p2b: Miraidon|p1a: Ditto\n|-damage|p1b: Groudon|67/100\n|\n|-weather|SunnyDay|[upkeep]\n|-sideend|p2: incibroar|move: Tailwind\n|upkeep\n|\n|t:|1773247448\n|switch|p2a: Kyogre|Kyogre, L50, shiny|100/100\n|-weather|RainDance|[from] ability: Drizzle|[of] p2a: Kyogre\n|-start|p1a: Ditto|typechange|Electric/Dragon|[silent]\n|turn|5\n|\n|t:|1773247456\n|-terastallize|p1b: Groudon|Water\n|move|p1b: Groudon|Iron Head|p2b: Miraidon\n|-supereffective|p2b: Miraidon\n|-damage|p2b: Miraidon|0 fnt\n|faint|p2b: Miraidon\n|move|p2a: Kyogre|Origin Pulse|p1a: Ditto|[spread] p1a,p1b\n|-resisted|p1a: Ditto\n|-resisted|p1b: Groudon\n|-damage|p1a: Ditto|42/100\n|-damage|p1b: Groudon|41/100\n|move|p1a: Ditto|Electro Drift|p2a: Kyogre\n|-supereffective|p2a: Kyogre\n|-damage|p2a: Kyogre|0 fnt\n|faint|p2a: Kyogre\n|\n|win|I\u2764\ufe0f\u5a1c\u7984forever\n|raw|I\u2764\ufe0f\u5a1c\u7984forever's rating: 1344 &rarr; <strong>1366</strong><br />(+22 for winning)\n|raw|incibroar's rating: 1379 &rarr; <strong>1357</strong><br />(-22 for losing)\n|l|\u2606incibroar\n|player|p2|\n|l|\u2606I\u2764\ufe0f\u5a1c\u7984forever\n|player|p1|\n","uploadtime":1773247613,"views":10,"formatid":"gen9vgc2026regi","rating":1357,"private":0,"password":null}