{"id":"gen9vgc2026regi-2548758390","format":"[Gen 9] VGC 2026 Reg I","players":["togahasakikotoga","lalo's pollos"],"log":"|j|\u2606togahasakikotoga\n|j|\u2606lalo's pollos\n|t:|1772252483\n|gametype|doubles\n|player|p1|togahasakikotoga|caitlin|1443\n|player|p2|lalo's pollos|101|1549\n|gen|9\n|tier|[Gen 9] VGC 2026 Reg I\n|rated|\n|rule|Species Clause: Limit one of each Pok\u00e9mon\n|rule|Item Clause: Limit 1 of each item\n|clearpoke\n|poke|p1|Calyrex-Shadow, L50|\n|poke|p1|Flamigo, L50, F|\n|poke|p1|Smeargle, L50, F|\n|poke|p1|Muk-Alola, L50, F|\n|poke|p1|Miraidon, L50|\n|poke|p1|Volcarona, L50, F|\n|poke|p2|Zamazenta-*, L50|\n|poke|p2|Lunala, L50|\n|poke|p2|Rillaboom, L50, M|\n|poke|p2|Incineroar, L50, M|\n|poke|p2|Urshifu-*, L50, M|\n|poke|p2|Tornadus, L50, M|\n|teampreview|4\n|inactive|Battle timer is ON: inactive players will automatically lose when time's up. (requested by togahasakikotoga)\n|\n|t:|1772252503\n|teamsize|p1|4\n|teamsize|p2|4\n|start\n|switch|p1a: Smeargle|Smeargle, L50, F, shiny|100/100\n|switch|p1b: Muk|Muk-Alola, L50, F, shiny|100/100\n|switch|p2a: Tornadus|Tornadus, L50, M|100/100\n|switch|p2b: Zamazenta|Zamazenta-Crowned, L50|100/100\n|-ability|p2b: Zamazenta|Dauntless Shield|boost\n|-boost|p2b: Zamazenta|def|1\n|turn|1\n|\n|t:|1772252518\n|move|p1a: Smeargle|Fake Out|p2b: Zamazenta\n|-resisted|p2b: Zamazenta\n|-damage|p2b: Zamazenta|99/100\n|move|p2a: Tornadus|Taunt|p1a: Smeargle\n|-start|p1a: Smeargle|move: Taunt\n|cant|p2b: Zamazenta|flinch\n|move|p1b: Muk|Minimize|p1b: Muk\n|-boost|p1b: Muk|evasion|2\n|\n|-ability|p1a: Smeargle|Moody|boost\n|-boost|p1a: Smeargle|spe|2\n|-unboost|p1a: Smeargle|spd|1\n|upkeep\n|turn|2\n|\n|t:|1772252538\n|move|p2b: Zamazenta|Protect|p2b: Zamazenta\n|-singleturn|p2b: Zamazenta|Protect\n|move|p1b: Muk|Protect|p1b: Muk\n|-singleturn|p1b: Muk|Protect\n|move|p1a: Smeargle|Salt Cure|p2b: Zamazenta\n|-activate|p2b: Zamazenta|move: Protect\n|move|p2a: Tornadus|Bleakwind Storm|p1b: Muk|[spread] p1a\n|-activate|p1b: Muk|move: Protect\n|-enditem|p1a: Smeargle|Focus Sash\n|-damage|p1a: Smeargle|1/100\n|\n|-ability|p1a: Smeargle|Moody|boost\n|-boost|p1a: Smeargle|spa|2\n|-unboost|p1a: Smeargle|spe|1\n|upkeep\n|turn|3\n|inactive|togahasakikotoga has 30 seconds left.\n|\n|t:|1772252569\n|move|p1a: Smeargle|Salt Cure|p2b: Zamazenta\n|-resisted|p2b: Zamazenta\n|-damage|p2b: Zamazenta|99/100\n|-start|p2b: Zamazenta|Salt Cure\n|move|p2a: Tornadus|Bleakwind Storm|p1a: Smeargle|[spread] p1a\n|-miss|p2a: Tornadus|p1b: Muk\n|-damage|p1a: Smeargle|0 fnt\n|faint|p1a: Smeargle\n|-ability|p1b: Muk|Moody|Power of Alchemy|[from] ability: Power of Alchemy|[of] p1a: Smeargle\n|move|p2b: Zamazenta|Heavy Slam|p1b: Muk\n|-damage|p1b: Muk|33/100\n|move|p1b: Muk|Minimize|p1b: Muk\n|-boost|p1b: Muk|evasion|2\n|\n|-heal|p1b: Muk|39/100|[from] item: Leftovers\n|-damage|p2b: Zamazenta|74/100|[from] Salt Cure\n|-ability|p1b: Muk|Moody|boost\n|-boost|p1b: Muk|spe|2\n|-unboost|p1b: Muk|spd|1\n|upkeep\n|\n|t:|1772252590\n|switch|p1a: Calyrex|Calyrex-Shadow, L50|100/100\n|-ability|p1a: Calyrex|As One\n|-ability|p1a: Calyrex|Unnerve\n|turn|4\n|\n|t:|1772252605\n|-terastallize|p1b: Muk|Water\n|move|p1a: Calyrex|Protect|p1a: Calyrex\n|-singleturn|p1a: Calyrex|Protect\n|move|p2a: Tornadus|Taunt|p1a: Calyrex\n|-activate|p1a: Calyrex|move: Protect\n|move|p2b: Zamazenta|Heavy Slam|p1b: Muk\n|-resisted|p1b: Muk\n|-damage|p1b: Muk|4/100\n|move|p1b: Muk|Minimize|p1b: Muk\n|-boost|p1b: Muk|evasion|2\n|\n|-heal|p1b: Muk|10/100|[from] item: Leftovers\n|-damage|p2b: Zamazenta|49/100|[from] Salt Cure\n|-ability|p1b: Muk|Moody|boost\n|-boost|p1b: Muk|spe|2\n|-unboost|p1b: Muk|spa|1\n|upkeep\n|turn|5\n|inactive|togahasakikotoga has 30 seconds left.\n|\n|t:|1772252631\n|switch|p1a: Flamigo|Flamigo, L50, F, shiny|100/100\n|-copyboost|p1a: Flamigo|p1b: Muk|[from] ability: Costar\n|-enditem|p1a: Flamigo|White Herb\n|-clearnegativeboost|p1a: Flamigo|[silent]\n|move|p1b: Muk|Protect|p1b: Muk\n|-singleturn|p1b: Muk|Protect\n|move|p2b: Zamazenta|Protect|p2b: Zamazenta\n|-singleturn|p2b: Zamazenta|Protect\n|move|p2a: Tornadus|Taunt|p1a: Flamigo|[miss]\n|-miss|p2a: Tornadus|p1a: Flamigo\n|\n|-heal|p1b: Muk|16/100|[from] item: Leftovers\n|-damage|p2b: Zamazenta|24/100|[from] Salt Cure\n|-ability|p1b: Muk|Moody|boost\n|-boost|p1b: Muk|def|2\n|-unboost|p1b: Muk|spe|1\n|upkeep\n|turn|6\n|inactive|togahasakikotoga has 30 seconds left.\n|\n|t:|1772252660\n|move|p2a: Tornadus|Tailwind|p2a: Tornadus\n|-sidestart|p2: lalo's pollos|move: Tailwind\n|move|p1a: Flamigo|Substitute|p1a: Flamigo\n|-start|p1a: Flamigo|Substitute\n|-damage|p1a: Flamigo|76/100\n|move|p2b: Zamazenta|Heavy Slam|p1a: Flamigo\n|-end|p1a: Flamigo|Substitute\n|move|p1b: Muk|Poison Gas|p2a: Tornadus|[spread] p2a,p2b\n|-status|p2a: Tornadus|psn\n|-immune|p2b: Zamazenta\n|\n|-heal|p1b: Muk|22/100|[from] item: Leftovers\n|-damage|p2a: Tornadus|88/100 psn|[from] psn\n|-damage|p2b: Zamazenta|0 fnt|[from] Salt Cure\n|faint|p2b: Zamazenta\n|-ability|p1b: Muk|Moody|boost\n|-boost|p1b: Muk|atk|2\n|-unboost|p1b: Muk|spa|1\n|upkeep\n|\n|t:|1772252668\n|switch|p2b: Urshifu|Urshifu-Rapid-Strike, L50, M|100/100\n|turn|7\n|\n|t:|1772252680\n|move|p1b: Muk|Protect|p1b: Muk\n|-singleturn|p1b: Muk|Protect\n|move|p1a: Flamigo|Acrobatics|p2b: Urshifu\n|-supereffective|p2b: Urshifu\n|-damage|p2b: Urshifu|0 fnt\n|faint|p2b: Urshifu\n|move|p2a: Tornadus|Bleakwind Storm|p1a: Flamigo|[spread] p1a\n|-activate|p1b: Muk|move: Protect\n|-supereffective|p1a: Flamigo\n|-damage|p1a: Flamigo|0 fnt\n|faint|p1a: Flamigo\n|\n|-heal|p1b: Muk|28/100|[from] item: Leftovers\n|-damage|p2a: Tornadus|76/100 psn|[from] psn\n|-ability|p1b: Muk|Moody|boost\n|-boost|p1b: Muk|spe|2\n|-unboost|p1b: Muk|def|1\n|upkeep\n|\n|t:|1772252695\n|switch|p2b: Lunala|Lunala, L50|100/100\n|switch|p1a: Calyrex|Calyrex-Shadow, L50|100/100\n|-ability|p1a: Calyrex|As One\n|-ability|p1a: Calyrex|Unnerve\n|turn|8\n|\n|t:|1772252711\n|-terastallize|p2b: Lunala|Fairy\n|move|p1a: Calyrex|Protect|p1a: Calyrex\n|-singleturn|p1a: Calyrex|Protect\n|move|p2a: Tornadus|Rain Dance|p2a: Tornadus\n|-weather|RainDance\n|move|p2b: Lunala|Moongeist Beam|p1a: Calyrex\n|-activate|p1a: Calyrex|move: Protect\n|move|p1b: Muk|Poison Gas|p2b: Lunala|[spread] p2b\n|-miss|p1b: Muk|p2a: Tornadus\n|-status|p2b: Lunala|psn\n|\n|-weather|RainDance|[upkeep]\n|-heal|p1b: Muk|34/100|[from] item: Leftovers\n|-damage|p2a: Tornadus|64/100 psn|[from] psn\n|-damage|p2b: Lunala|88/100 psn|[from] psn\n|-ability|p1b: Muk|Moody|boost\n|-boost|p1b: Muk|spd|2\n|-unboost|p1b: Muk|spe|1\n|upkeep\n|turn|9\n|inactive|togahasakikotoga has 30 seconds left.\n|\n|t:|1772252739\n|move|p2a: Tornadus|Bleakwind Storm|p1a: Calyrex|[spread] p1a,p1b\n|-damage|p1a: Calyrex|65/100\n|-damage|p1b: Muk|12/100\n|move|p2b: Lunala|Moongeist Beam|p1a: Calyrex\n|-supereffective|p1a: Calyrex\n|-damage|p1a: Calyrex|0 fnt\n|faint|p1a: Calyrex\n|move|p1b: Muk|Knock Off|p2a: Tornadus\n|-damage|p2a: Tornadus|0 fnt\n|-enditem|p2a: Tornadus|Focus Sash|[from] move: Knock Off|[of] p1b: Muk\n|faint|p2a: Tornadus\n|\n|-weather|RainDance|[upkeep]\n|-heal|p2b: Lunala|94/100 psn|[from] item: Leftovers\n|-heal|p1b: Muk|18/100|[from] item: Leftovers\n|-damage|p2b: Lunala|82/100 psn|[from] psn\n|-sideend|p2: lalo's pollos|move: Tailwind\n|-ability|p1b: Muk|Moody|boost\n|-boost|p1b: Muk|def|2\n|-unboost|p1b: Muk|spe|1\n|upkeep\n|turn|10\n|\n|t:|1772252757\n|move|p1b: Muk|Protect|p1b: Muk\n|-singleturn|p1b: Muk|Protect\n|move|p2b: Lunala|Moongeist Beam|p1b: Muk\n|-activate|p1b: Muk|move: Protect\n|\n|-weather|RainDance|[upkeep]\n|-heal|p1b: Muk|24/100|[from] item: Leftovers\n|-heal|p2b: Lunala|88/100 psn|[from] item: Leftovers\n|-damage|p2b: Lunala|75/100 psn|[from] psn\n|-ability|p1b: Muk|Moody|boost\n|-boost|p1b: Muk|spe|2\n|-unboost|p1b: Muk|spd|1\n|upkeep\n|turn|11\n|\n|t:|1772252769\n|move|p1b: Muk|Knock Off|p2b: Lunala\n|-resisted|p2b: Lunala\n|-damage|p2b: Lunala|47/100 psn\n|-enditem|p2b: Lunala|Leftovers|[from] move: Knock Off|[of] p1b: Muk\n|move|p2b: Lunala|Moongeist Beam|p1b: Muk\n|-damage|p1b: Muk|0 fnt\n|faint|p1b: Muk\n|\n|win|lalo's pollos\n|raw|togahasakikotoga's rating: 1443 &rarr; <strong>1429</strong><br />(-14 for losing)\n|raw|lalo&apos;s pollos's rating: 1549 &rarr; <strong>1563</strong><br />(+14 for winning)\n|l|\u2606togahasakikotoga\n|player|p1|\n","uploadtime":1772252774,"views":13,"formatid":"gen9vgc2026regi","rating":1429,"private":0,"password":null}