{"id":"gen9vgc2026regi-2545671193","format":"[Gen 9] VGC 2026 Reg I","players":["ryo8989","Tepig_nNz_498"],"log":"|j|\u2606ryo8989\n|j|\u203dTepig_nNz_498\n|t:|1771873815\n|gametype|doubles\n|player|p1|ryo8989|erika|1410\n|player|p2|Tepig_nNz_498|266|1390\n|gen|9\n|tier|[Gen 9] VGC 2026 Reg I\n|rated|\n|rule|Species Clause: Limit one of each Pok\u00e9mon\n|rule|Item Clause: Limit 1 of each item\n|clearpoke\n|poke|p1|Calyrex-Shadow, L50|\n|poke|p1|Zamazenta-*, L50|\n|poke|p1|Raging Bolt, L50|\n|poke|p1|Tornadus, L50, M|\n|poke|p1|Urshifu-*, L50, M|\n|poke|p1|Indeedee-F, L50, F|\n|poke|p2|Whimsicott, L50, F|\n|poke|p2|Reshiram, L50|\n|poke|p2|Incineroar, L50, M|\n|poke|p2|Lilligant-Hisui, L50, F|\n|poke|p2|Brute Bonnet, L50|\n|poke|p2|Koraidon, L50|\n|teampreview|4\n|\n|t:|1771873847\n|teamsize|p1|4\n|teamsize|p2|4\n|start\n|switch|p1a: Zamazenta|Zamazenta-Crowned, L50, shiny|100/100\n|switch|p1b: Tornadus|Tornadus, L50, M|100/100\n|switch|p2a: Whimsicott|Whimsicott, L50, F|100/100\n|switch|p2b: Koraidon|Koraidon, L50|100/100\n|-weather|SunnyDay|[from] ability: Orichalcum Pulse|[of] p2b: Koraidon\n|-activate|p2b: Koraidon|Orichalcum Pulse|[source]\n|-ability|p1a: Zamazenta|Dauntless Shield|boost\n|-boost|p1a: Zamazenta|def|1\n|turn|1\n|inactive|Battle timer is ON: inactive players will automatically lose when time's up. (requested by Tepig_nNz_498)\n|\n|t:|1771873873\n|switch|p1b: Indeedee|Indeedee-F, L50, F|100/100\n|-fieldstart|move: Psychic Terrain|[from] ability: Psychic Surge|[of] p1b: Indeedee\n|move|p2a: Whimsicott|Taunt|p1b: Indeedee\n|-activate|p1b: Indeedee|move: Psychic Terrain\n|move|p2b: Koraidon|Flare Blitz|p1b: Indeedee\n|-damage|p1b: Indeedee|21/100\n|-damage|p2b: Koraidon|74/100|[from] Recoil\n|move|p1a: Zamazenta|Body Press|p2a: Whimsicott\n|-resisted|p2a: Whimsicott\n|-damage|p2a: Whimsicott|57/100\n|\n|-weather|SunnyDay|[upkeep]\n|upkeep\n|turn|2\n|\n|t:|1771873893\n|move|p1b: Indeedee|Follow Me|p1b: Indeedee\n|-singleturn|p1b: Indeedee|move: Follow Me\n|move|p2a: Whimsicott|Tailwind|p2a: Whimsicott\n|-sidestart|p2: Tepig_nNz_498|move: Tailwind\n|move|p2b: Koraidon|Close Combat|p1b: Indeedee\n|-damage|p1b: Indeedee|0 fnt\n|-unboost|p2b: Koraidon|def|1\n|-unboost|p2b: Koraidon|spd|1\n|faint|p1b: Indeedee\n|-enditem|p2b: Koraidon|Eject Pack\n|\n|t:|1771873898\n|switch|p2b: Reshiram|Reshiram, L50|100/100\n|-ability|p2b: Reshiram|Turboblaze\n|move|p1a: Zamazenta|Heavy Slam|p2a: Whimsicott\n|-supereffective|p2a: Whimsicott\n|-damage|p2a: Whimsicott|0 fnt\n|faint|p2a: Whimsicott\n|\n|-weather|SunnyDay|[upkeep]\n|upkeep\n|\n|t:|1771873913\n|switch|p2a: Lilligant|Lilligant-Hisui, L50, F|100/100\n|switch|p1b: Tornadus|Tornadus, L50, M|100/100\n|turn|3\n|\n|t:|1771873926\n|move|p1b: Tornadus|Rain Dance|p1b: Tornadus\n|-weather|RainDance\n|move|p2a: Lilligant|Sleep Powder|p1a: Zamazenta|[miss]\n|-miss|p2a: Lilligant|p1a: Zamazenta\n|move|p2b: Reshiram|Dragon Pulse|p1b: Tornadus\n|-damage|p1b: Tornadus|20/100\n|-damage|p2b: Reshiram|91/100|[from] item: Life Orb\n|move|p1a: Zamazenta|Body Press|p2b: Reshiram\n|-damage|p2b: Reshiram|38/100\n|\n|-weather|RainDance|[upkeep]\n|upkeep\n|turn|4\n|\n|t:|1771873947\n|move|p1b: Tornadus|Taunt|p2a: Lilligant\n|-activate|p2a: Lilligant|move: Psychic Terrain\n|move|p2a: Lilligant|Sleep Powder|p1a: Zamazenta\n|-status|p1a: Zamazenta|slp|[from] move: Sleep Powder\n|move|p2b: Reshiram|Heat Wave|p1b: Tornadus|[spread] p1a,p1b\n|-supereffective|p1a: Zamazenta\n|-damage|p1a: Zamazenta|63/100 slp\n|-damage|p1b: Tornadus|0 fnt\n|faint|p1b: Tornadus\n|-damage|p2b: Reshiram|28/100|[from] item: Life Orb\n|cant|p1a: Zamazenta|slp\n|\n|-weather|RainDance|[upkeep]\n|upkeep\n|\n|t:|1771873961\n|switch|p1b: Calyrex|Calyrex-Shadow, L50|100/100\n|-ability|p1b: Calyrex|As One\n|-ability|p1b: Calyrex|Unnerve\n|turn|5\n|\n|t:|1771873971\n|move|p2a: Lilligant|Sleep Powder|p1b: Calyrex\n|-status|p1b: Calyrex|slp|[from] move: Sleep Powder\n|move|p2b: Reshiram|Earth Power|p1a: Zamazenta\n|-supereffective|p1a: Zamazenta\n|-crit|p1a: Zamazenta\n|-damage|p1a: Zamazenta|0 fnt\n|faint|p1a: Zamazenta\n|-damage|p2b: Reshiram|18/100|[from] item: Life Orb\n|cant|p1b: Calyrex|slp\n|\n|-weather|RainDance|[upkeep]\n|-sideend|p2: Tepig_nNz_498|move: Tailwind\n|-fieldend|move: Psychic Terrain\n|upkeep\n|turn|6\n|-message|ryo8989 forfeited.\n|\n|win|Tepig_nNz_498\n|raw|ryo8989's rating: 1410 &rarr; <strong>1389</strong><br />(-21 for losing)\n|raw|Tepig_nNz_498's rating: 1390 &rarr; <strong>1411</strong><br />(+21 for winning)\n|l|\u2606ryo8989\n|player|p1|\n|l|\u203dTepig_nNz_498\n|player|p2|\n","uploadtime":1771874124,"views":15,"formatid":"gen9vgc2026regi","rating":1389,"private":0,"password":null}