{"id":"gen9vgc2026regi-2558513086","format":"[Gen 9] VGC 2026 Reg I","players":["bigmode_jimbob","Sheevp"],"log":"|j|\u2606bigmode_jimbob\n|j|\u2606Sheevp\n|t:|1773442239\n|gametype|doubles\n|player|p1|bigmode_jimbob|drayden|1165\n|player|p2|Sheevp|170|1247\n|gen|9\n|tier|[Gen 9] VGC 2026 Reg I\n|rated|\n|rule|Species Clause: Limit one of each Pok\u00e9mon\n|rule|Item Clause: Limit 1 of each item\n|clearpoke\n|poke|p1|Groudon, L50|\n|poke|p1|Calyrex-Shadow, L50|\n|poke|p1|Scream Tail, L50|\n|poke|p1|Raichu, L50, M|\n|poke|p1|Tropius, L50, M|\n|poke|p1|Walking Wake, L50|\n|poke|p2|Lunala, L50|\n|poke|p2|Koraidon, L50|\n|poke|p2|Flutter Mane, L50|\n|poke|p2|Brute Bonnet, L50|\n|poke|p2|Raichu, L50, F|\n|poke|p2|Heatran, L50, F|\n|teampreview|4\n|\n|t:|1773442291\n|teamsize|p1|4\n|teamsize|p2|4\n|start\n|switch|p1a: Calyrex|Calyrex-Shadow, L50|100/100\n|switch|p1b: Scream Tail|Scream Tail, L50|100/100\n|switch|p2a: Agatha|Flutter Mane, L50, shiny|100/100\n|switch|p2b: R\u00e1pido|Koraidon, L50|100/100\n|-ability|p1a: Calyrex|As One\n|-ability|p1a: Calyrex|Unnerve\n|-weather|SunnyDay|[from] ability: Orichalcum Pulse|[of] p2b: R\u00e1pido\n|-activate|p2a: Agatha|ability: Protosynthesis\n|-start|p2a: Agatha|protosynthesisspe\n|-activate|p1b: Scream Tail|ability: Protosynthesis\n|-start|p1b: Scream Tail|protosynthesisspd\n|-activate|p2b: R\u00e1pido|Orichalcum Pulse|[source]\n|turn|1\n|inactive|Battle timer is ON: inactive players will automatically lose when time's up. (requested by bigmode_jimbob)\n|\n|t:|1773442320\n|move|p2a: Agatha|Protect|p2a: Agatha\n|-singleturn|p2a: Agatha|Protect\n|move|p2b: R\u00e1pido|Protect|p2b: R\u00e1pido\n|-singleturn|p2b: R\u00e1pido|Protect\n|move|p1a: Calyrex|Astral Barrage|p2b: R\u00e1pido|[spread] \n|-activate|p2a: Agatha|move: Protect\n|-activate|p2b: R\u00e1pido|move: Protect\n|move|p1b: Scream Tail|Thunder Wave|p2b: R\u00e1pido\n|-activate|p2b: R\u00e1pido|move: Protect\n|\n|-weather|SunnyDay|[upkeep]\n|upkeep\n|turn|2\n|\n|t:|1773442336\n|-terastallize|p2b: R\u00e1pido|Fire\n|move|p1a: Calyrex|Astral Barrage|p2b: R\u00e1pido|[spread] p2a,p2b\n|-supereffective|p2a: Agatha\n|-enditem|p2a: Agatha|Focus Sash\n|-damage|p2a: Agatha|1/100\n|-damage|p2b: R\u00e1pido|44/100\n|move|p2a: Agatha|Icy Wind|p1a: Calyrex|[spread] p1a,p1b\n|-damage|p1a: Calyrex|84/100\n|-damage|p1b: Scream Tail|94/100\n|-unboost|p1a: Calyrex|spe|1\n|-unboost|p1b: Scream Tail|spe|1\n|move|p2b: R\u00e1pido|Flare Blitz|p1a: Calyrex\n|-damage|p1a: Calyrex|0 fnt\n|faint|p1a: Calyrex\n|-damage|p2b: R\u00e1pido|16/100|[from] Recoil\n|-damage|p2b: R\u00e1pido|6/100|[from] item: Life Orb\n|move|p1b: Scream Tail|Thunder Wave|p2b: R\u00e1pido\n|-status|p2b: R\u00e1pido|par\n|\n|-weather|SunnyDay|[upkeep]\n|upkeep\n|\n|t:|1773442343\n|switch|p1a: Groudon|Groudon, L50|100/100\n|turn|3\n|\n|t:|1773442367\n|move|p1a: Groudon|Protect|p1a: Groudon\n|-singleturn|p1a: Groudon|Protect\n|move|p2a: Agatha|Icy Wind|p1b: Scream Tail|[spread] p1b\n|-activate|p1a: Groudon|move: Protect\n|-damage|p1b: Scream Tail|87/100\n|-unboost|p1b: Scream Tail|spe|1\n|move|p2b: R\u00e1pido|Flare Blitz|p1a: Groudon\n|-activate|p1a: Groudon|move: Protect\n|move|p1b: Scream Tail|Dazzling Gleam|p2a: Agatha|[spread] p2a,p2b\n|-resisted|p2b: R\u00e1pido\n|-damage|p2a: Agatha|0 fnt\n|-damage|p2b: R\u00e1pido|0 fnt\n|faint|p2a: Agatha\n|-end|p2a: Agatha|Protosynthesis|[silent]\n|faint|p2b: R\u00e1pido\n|\n|-weather|SunnyDay|[upkeep]\n|upkeep\n|\n|t:|1773442373\n|switch|p2a: Brute Bonnet|Brute Bonnet, L50|100/100\n|switch|p2b: Heatran|Heatran, L50, F|100/100\n|-activate|p2a: Brute Bonnet|ability: Protosynthesis\n|-start|p2a: Brute Bonnet|protosynthesisdef\n|turn|4\n|\n|t:|1773442387\n|move|p2b: Heatran|Protect|p2b: Heatran\n|-singleturn|p2b: Heatran|Protect\n|move|p1a: Groudon|Earthquake|p2b: Heatran|[spread] p1b,p2a\n|-activate|p2b: Heatran|move: Protect\n|-resisted|p2a: Brute Bonnet\n|-damage|p1b: Scream Tail|45/100\n|-damage|p2a: Brute Bonnet|88/100\n|move|p2a: Brute Bonnet|Spore|p1a: Groudon\n|-status|p1a: Groudon|slp|[from] move: Spore\n|move|p1b: Scream Tail|Encore|p2a: Brute Bonnet\n|-start|p2a: Brute Bonnet|Encore\n|\n|-weather|SunnyDay|[upkeep]\n|upkeep\n|turn|5\n|\n|t:|1773442404\n|cant|p1a: Groudon|slp\n|move|p2b: Heatran|Magma Storm|p1a: Groudon\n|-crit|p1a: Groudon\n|-damage|p1a: Groudon|1/100 slp\n|-activate|p1a: Groudon|move: Magma Storm|[of] p2b: Heatran\n|move|p2a: Brute Bonnet|Spore|p1b: Scream Tail\n|-status|p1b: Scream Tail|slp|[from] move: Spore\n|cant|p1b: Scream Tail|slp\n|\n|-weather|none\n|-end|p2a: Brute Bonnet|Protosynthesis\n|-end|p1b: Scream Tail|Protosynthesis\n|-damage|p1a: Groudon|0 fnt|[from] move: Magma Storm|[partiallytrapped]\n|faint|p1a: Groudon\n|upkeep\n|\n|t:|1773442412\n|switch|p1a: Tropius|Tropius, L50, M|100/100\n|turn|6\n|\n|t:|1773442423\n|-terastallize|p1a: Tropius|Dragon\n|move|p2b: Heatran|Magma Storm|p1a: Tropius\n|-resisted|p1a: Tropius\n|-damage|p1a: Tropius|81/100\n|-activate|p1a: Tropius|move: Magma Storm|[of] p2b: Heatran\n|-enditem|p1a: Tropius|Maranga Berry|[eat]\n|-boost|p1a: Tropius|spd|1|[from] item: Maranga Berry\n|move|p2a: Brute Bonnet|Spore|p1b: Scream Tail\n|-fail|p1b: Scream Tail|slp\n|move|p1a: Tropius|Leech Seed|p2b: Heatran|[miss]\n|-miss|p1a: Tropius|p2b: Heatran\n|cant|p1b: Scream Tail|slp\n|\n|-damage|p1a: Tropius|69/100|[from] move: Magma Storm|[partiallytrapped]\n|-item|p1a: Tropius|Maranga Berry|[from] ability: Harvest\n|upkeep\n|turn|7\n|\n|t:|1773442442\n|move|p2b: Heatran|Magma Storm|p1b: Scream Tail\n|-damage|p1b: Scream Tail|22/100 slp\n|-activate|p1b: Scream Tail|move: Magma Storm|[of] p2b: Heatran\n|move|p2a: Brute Bonnet|Spore|p1a: Tropius\n|-status|p1a: Tropius|slp|[from] move: Spore\n|cant|p1a: Tropius|slp\n|cant|p1b: Scream Tail|slp\n|\n|-damage|p1a: Tropius|57/100 slp|[from] move: Magma Storm|[partiallytrapped]\n|-damage|p1b: Scream Tail|10/100 slp|[from] move: Magma Storm|[partiallytrapped]\n|-end|p2a: Brute Bonnet|Encore\n|upkeep\n|turn|8\n|-enditem|p1b: Scream Tail|Custap Berry|[eat]\n|-activate|p1b: Scream Tail|item: Custap Berry|[consumed]\n|\n|t:|1773442460\n|-curestatus|p1b: Scream Tail|slp|[msg]\n|move|p1b: Scream Tail|Thunder Wave|p2a: Brute Bonnet|[miss]\n|-miss|p1b: Scream Tail|p2a: Brute Bonnet\n|move|p2b: Heatran|Earth Power|p1a: Tropius\n|-damage|p1a: Tropius|40/100 slp\n|-enditem|p1a: Tropius|Maranga Berry|[eat]\n|-boost|p1a: Tropius|spd|1|[from] item: Maranga Berry\n|move|p2a: Brute Bonnet|Seed Bomb|p1b: Scream Tail\n|-damage|p1b: Scream Tail|0 fnt\n|faint|p1b: Scream Tail\n|-end|p1b: Scream Tail|Protosynthesis|[silent]\n|-curestatus|p1a: Tropius|slp|[msg]\n|move|p1a: Tropius|Synthesis|p1a: Tropius\n|-heal|p1a: Tropius|90/100\n|\n|-damage|p1a: Tropius|78/100|[from] move: Magma Storm|[partiallytrapped]\n|upkeep\n|turn|9\n|\n|t:|1773442481\n|move|p2b: Heatran|Magma Storm|p1a: Tropius\n|-resisted|p1a: Tropius\n|-damage|p1a: Tropius|67/100\n|move|p2a: Brute Bonnet|Spore|p1a: Tropius\n|-status|p1a: Tropius|slp|[from] move: Spore\n|cant|p1a: Tropius|slp\n|\n|-damage|p1a: Tropius|54/100 slp|[from] move: Magma Storm|[partiallytrapped]\n|-item|p1a: Tropius|Maranga Berry|[from] ability: Harvest\n|upkeep\n|turn|10\n|\n|t:|1773442489\n|move|p2a: Brute Bonnet|Sucker Punch||[still]\n|-fail|p2a: Brute Bonnet\n|move|p2b: Heatran|Substitute|p2b: Heatran\n|-start|p2b: Heatran|Substitute\n|-damage|p2b: Heatran|76/100\n|-curestatus|p1a: Tropius|slp|[msg]\n|move|p1a: Tropius|Leech Seed||[still]\n|-fail|p1a: Tropius\n|\n|-end|p1a: Tropius|Magma Storm|[partiallytrapped]\n|upkeep\n|turn|11\n|\n|t:|1773442501\n|move|p2b: Heatran|Magma Storm|p1a: Tropius\n|-resisted|p1a: Tropius\n|-damage|p1a: Tropius|44/100\n|-activate|p1a: Tropius|move: Magma Storm|[of] p2b: Heatran\n|-enditem|p1a: Tropius|Maranga Berry|[eat]\n|-boost|p1a: Tropius|spd|1|[from] item: Maranga Berry\n|move|p2a: Brute Bonnet|Spore|p1a: Tropius\n|-status|p1a: Tropius|slp|[from] move: Spore\n|cant|p1a: Tropius|slp\n|\n|-damage|p1a: Tropius|32/100 slp|[from] move: Magma Storm|[partiallytrapped]\n|upkeep\n|turn|12\n|\n|t:|1773442515\n|move|p2b: Heatran|Earth Power|p1a: Tropius\n|-damage|p1a: Tropius|21/100 slp\n|move|p2a: Brute Bonnet|Seed Bomb|p1a: Tropius\n|-resisted|p1a: Tropius\n|-damage|p1a: Tropius|7/100 slp\n|-curestatus|p1a: Tropius|slp|[msg]\n|move|p1a: Tropius|Synthesis|p1a: Tropius\n|-heal|p1a: Tropius|57/100\n|\n|-damage|p1a: Tropius|45/100|[from] move: Magma Storm|[partiallytrapped]\n|-item|p1a: Tropius|Maranga Berry|[from] ability: Harvest\n|upkeep\n|turn|13\n|\n|t:|1773442528\n|move|p2b: Heatran|Earth Power|p1a: Tropius\n|-damage|p1a: Tropius|34/100\n|-enditem|p1a: Tropius|Maranga Berry|[eat]\n|-boost|p1a: Tropius|spd|1|[from] item: Maranga Berry\n|move|p2a: Brute Bonnet|Spore|p1a: Tropius\n|-status|p1a: Tropius|slp|[from] move: Spore\n|cant|p1a: Tropius|slp\n|\n|-damage|p1a: Tropius|22/100 slp|[from] move: Magma Storm|[partiallytrapped]\n|-item|p1a: Tropius|Maranga Berry|[from] ability: Harvest\n|upkeep\n|turn|14\n|\n|t:|1773442537\n|move|p2b: Heatran|Earth Power|p1a: Tropius\n|-damage|p1a: Tropius|14/100 slp\n|-enditem|p1a: Tropius|Maranga Berry|[eat]\n|-boost|p1a: Tropius|spd|1|[from] item: Maranga Berry\n|move|p2a: Brute Bonnet|Seed Bomb|p1a: Tropius\n|-resisted|p1a: Tropius\n|-damage|p1a: Tropius|1/100 slp\n|cant|p1a: Tropius|slp\n|\n|-damage|p1a: Tropius|0 fnt|[from] move: Magma Storm|[partiallytrapped]\n|faint|p1a: Tropius\n|\n|win|Sheevp\n|raw|bigmode_jimbob's rating: 1165 &rarr; <strong>1146</strong><br />(-19 for losing)\n|raw|Sheevp's rating: 1247 &rarr; <strong>1266</strong><br />(+19 for winning)\n|l|\u2606bigmode_jimbob\n|player|p1|\n|l|\u2606Sheevp\n|player|p2|\n","uploadtime":1773442766,"views":13,"formatid":"gen9vgc2026regi","rating":1146,"private":0,"password":null}