{"id":"gen9vgc2026regi-2553841940","format":"[Gen 9] VGC 2026 Reg I","players":["g0dGun","mutant9046"],"log":"|j|\u2606g0dGun\n|j|\u2606mutant9046\n|t:|1772889772\n|gametype|doubles\n|player|p1|g0dGun|blue|1424\n|player|p2|mutant9046|2|1327\n|gen|9\n|tier|[Gen 9] VGC 2026 Reg I\n|rated|\n|rule|Species Clause: Limit one of each Pok\u00e9mon\n|rule|Item Clause: Limit 1 of each item\n|clearpoke\n|poke|p1|Hitmontop, L50, M|\n|poke|p1|Terapagos, L50, M|\n|poke|p1|Calyrex-Shadow, L50|\n|poke|p1|Ogerpon-Cornerstone, L50, F|\n|poke|p1|Urshifu-*, L50, F|\n|poke|p1|Whimsicott, L50, F|\n|poke|p2|Miraidon, L50|\n|poke|p2|Ho-Oh, L50|\n|poke|p2|Iron Treads, L50|\n|poke|p2|Iron Bundle, L50|\n|poke|p2|Farigiraf, L50, M|\n|poke|p2|Iron Hands, L50|\n|teampreview|4\n|inactive|Battle timer is ON: inactive players will automatically lose when time's up. (requested by g0dGun)\n|inactive|mutant9046 has 60 seconds left.\n|\n|t:|1772889807\n|teamsize|p1|4\n|teamsize|p2|4\n|start\n|switch|p1a: Hitmontop|Hitmontop, L50, M|100/100\n|switch|p1b: Terapagos|Terapagos, L50, M|100/100\n|switch|p2a: Miraidon|Miraidon, L50|100/100\n|switch|p2b: Farigiraf|Farigiraf, L50, M|100/100\n|-activate|p1b: Terapagos|ability: Tera Shift\n|detailschange|p1b: Terapagos|Terapagos-Terastal, L50, M\n|-heal|p1b: Terapagos|100/100|[silent]\n|-fieldstart|move: Electric Terrain|[from] ability: Hadron Engine|[of] p2a: Miraidon\n|-enditem|p2b: Farigiraf|Electric Seed\n|-boost|p2b: Farigiraf|def|1|[from] item: Electric Seed\n|-ability|p1a: Hitmontop|Intimidate|boost\n|-unboost|p2a: Miraidon|atk|1\n|-unboost|p2b: Farigiraf|atk|1\n|turn|1\n|inactive|mutant9046 has 30 seconds left.\n|inactive|mutant9046 has 20 seconds left.\n|\n|t:|1772889842\n|-terastallize|p1b: Terapagos|Stellar\n|detailschange|p1b: Terapagos|Terapagos-Stellar, L50, M, tera:Stellar\n|-heal|p1b: Terapagos|100/100|[silent]\n|-ability|p1b: Terapagos|Teraform Zero\n|-fieldend|move: Electric Terrain\n|move|p1a: Hitmontop|Vacuum Wave|p1b: Terapagos\n|-supereffective|p1b: Terapagos\n|-damage|p1b: Terapagos|95/100\n|-enditem|p1b: Terapagos|Weakness Policy\n|-boost|p1b: Terapagos|atk|2|[from] item: Weakness Policy\n|-boost|p1b: Terapagos|spa|2|[from] item: Weakness Policy\n|move|p2a: Miraidon|Volt Switch|p1b: Terapagos\n|-damage|p1b: Terapagos|59/100\n|\n|t:|1772889857\n|switch|p2a: Ho-Oh|Ho-Oh, L50|100/100|[from] Volt Switch\n|move|p1b: Terapagos|Tera Starstorm|p2a: Ho-Oh|[spread] p2a,p2b\n|-crit|p2b: Farigiraf\n|-damage|p2a: Ho-Oh|55/100\n|-damage|p2b: Farigiraf|0 fnt\n|faint|p2b: Farigiraf\n|\n|upkeep\n|\n|t:|1772889867\n|switch|p2b: Miraidon|Miraidon, L50|100/100\n|-fieldstart|move: Electric Terrain|[from] ability: Hadron Engine|[of] p2b: Miraidon\n|turn|2\n|\n|t:|1772889879\n|move|p1b: Terapagos|Protect|p1b: Terapagos\n|-singleturn|p1b: Terapagos|Protect\n|move|p2b: Miraidon|Electro Drift|p1b: Terapagos\n|-activate|p1b: Terapagos|move: Protect\n|move|p2a: Ho-Oh|Tailwind|p2a: Ho-Oh\n|-sidestart|p2: mutant9046|move: Tailwind\n|move|p1a: Hitmontop|Brick Break|p2b: Miraidon\n|-crit|p2b: Miraidon\n|-damage|p2b: Miraidon|60/100\n|\n|upkeep\n|turn|3\n|\n|t:|1772889897\n|move|p1b: Terapagos|Protect|p1b: Terapagos\n|-singleturn|p1b: Terapagos|Protect\n|move|p2b: Miraidon|Electro Drift|p1b: Terapagos\n|-activate|p1b: Terapagos|move: Protect\n|move|p2a: Ho-Oh|Brave Bird|p1a: Hitmontop\n|-supereffective|p1a: Hitmontop\n|-damage|p1a: Hitmontop|0 fnt\n|faint|p1a: Hitmontop\n|-damage|p2a: Ho-Oh|29/100|[from] Recoil\n|\n|upkeep\n|\n|t:|1772889910\n|switch|p1a: Ogerpon|Ogerpon-Cornerstone, L50, F|100/100\n|turn|4\n|\n|t:|1772889933\n|move|p1a: Ogerpon|Follow Me|p1a: Ogerpon\n|-singleturn|p1a: Ogerpon|move: Follow Me\n|move|p2b: Miraidon|Electro Drift|p1a: Ogerpon\n|-resisted|p1a: Ogerpon\n|-damage|p1a: Ogerpon|23/100\n|move|p2a: Ho-Oh|Sacred Fire|p1a: Ogerpon\n|-damage|p1a: Ogerpon|0 fnt\n|faint|p1a: Ogerpon\n|move|p1b: Terapagos|Tera Starstorm|p2b: Miraidon|[spread] p2a,p2b\n|-damage|p2a: Ho-Oh|0 fnt\n|-damage|p2b: Miraidon|0 fnt\n|faint|p2a: Ho-Oh\n|faint|p2b: Miraidon\n|\n|upkeep\n|\n|t:|1772889951\n|switch|p2b: Iron Hands|Iron Hands, L50, shiny|100/100\n|switch|p1a: Calyrex|Calyrex-Shadow, L50|100/100\n|-ability|p1a: Calyrex|As One\n|-ability|p1a: Calyrex|Unnerve\n|-activate|p2b: Iron Hands|ability: Quark Drive\n|-start|p2b: Iron Hands|quarkdriveatk\n|turn|5\n|-message|mutant9046 forfeited.\n|\n|win|g0dGun\n|raw|g0dGun's rating: 1424 &rarr; <strong>1439</strong><br />(+15 for winning)\n|raw|mutant9046's rating: 1327 &rarr; <strong>1312</strong><br />(-15 for losing)\n|l|\u2606mutant9046\n|player|p2|\n|l|\u2606g0dGun\n|player|p1|\n","uploadtime":1772890167,"views":12,"formatid":"gen9vgc2026regi","rating":1312,"private":0,"password":null}