{"id":"gen9vgc2026regi-2565259474","format":"[Gen 9] VGC 2026 Reg I","players":["Gene10","Billlmads"],"log":"|j|\u203dGene10\n|j|\u2606Billlmads\n|t:|1774253313\n|gametype|doubles\n|player|p1|Gene10|170|1493\n|player|p2|Billlmads|red|1601\n|gen|9\n|tier|[Gen 9] VGC 2026 Reg I\n|rated|\n|rule|Species Clause: Limit one of each Pok\u00e9mon\n|rule|Item Clause: Limit 1 of each item\n|clearpoke\n|poke|p1|Calyrex-Shadow, L50|\n|poke|p1|Zamazenta-*, L50|\n|poke|p1|Rillaboom, L50, M|\n|poke|p1|Incineroar, L50, F|\n|poke|p1|Whimsicott, L50, F|\n|poke|p1|Flutter Mane, L50|\n|poke|p2|Calyrex-Ice, L50|\n|poke|p2|Miraidon, L50|\n|poke|p2|Volcarona, L50, F|\n|poke|p2|Grimmsnarl, L50, M|\n|poke|p2|Incineroar, L50, M|\n|poke|p2|Ditto, L50|\n|teampreview|4\n|inactive|Battle timer is ON: inactive players will automatically lose when time's up. (requested by Gene10)\n|\n|t:|1774253341\n|teamsize|p1|4\n|teamsize|p2|4\n|start\n|switch|p1a: Zamazenta|Zamazenta-Crowned, L50|100/100\n|switch|p1b: Rillaboom|Rillaboom, L50, M|100/100\n|switch|p2a: Miraidon|Miraidon, L50|100/100\n|switch|p2b: Grimmsnarl|Grimmsnarl, L50, M, shiny|100/100\n|-fieldstart|move: Electric Terrain|[from] ability: Hadron Engine|[of] p2a: Miraidon\n|-ability|p1a: Zamazenta|Dauntless Shield|boost\n|-boost|p1a: Zamazenta|def|1\n|-fieldstart|move: Grassy Terrain|[from] ability: Grassy Surge|[of] p1b: Rillaboom\n|turn|1\n|\n|t:|1774253352\n|move|p1b: Rillaboom|Fake Out|p2b: Grimmsnarl\n|-damage|p2b: Grimmsnarl|90/100\n|cant|p2b: Grimmsnarl|flinch\n|move|p2a: Miraidon|Volt Switch|p1a: Zamazenta\n|-damage|p1a: Zamazenta|77/100\n|\n|t:|1774253355\n|switch|p2a: Volcarona|Volcarona, L50, F, shiny|100/100|[from] Volt Switch\n|move|p1a: Zamazenta|Heavy Slam|p2b: Grimmsnarl\n|-supereffective|p2b: Grimmsnarl\n|-damage|p2b: Grimmsnarl|0 fnt\n|faint|p2b: Grimmsnarl\n|\n|-heal|p1a: Zamazenta|83/100|[from] Grassy Terrain\n|upkeep\n|\n|t:|1774253364\n|switch|p2b: Miraidon|Miraidon, L50|100/100\n|-fieldstart|move: Electric Terrain|[from] ability: Hadron Engine|[of] p2b: Miraidon\n|-enditem|p2a: Volcarona|Electric Seed\n|-boost|p2a: Volcarona|def|1|[from] item: Electric Seed\n|turn|2\n|\n|t:|1774253377\n|switch|p1b: Incineroar|Incineroar, L50, F|100/100\n|-ability|p1b: Incineroar|Intimidate|boost\n|-unboost|p2a: Volcarona|atk|1\n|-unboost|p2b: Miraidon|atk|1\n|move|p1a: Zamazenta|Protect|p1a: Zamazenta\n|-singleturn|p1a: Zamazenta|Protect\n|move|p2b: Miraidon|Electro Drift|p1a: Zamazenta\n|-activate|p1a: Zamazenta|move: Protect\n|move|p2a: Volcarona|Quiver Dance|p2a: Volcarona\n|-boost|p2a: Volcarona|spa|1\n|-boost|p2a: Volcarona|spd|1\n|-boost|p2a: Volcarona|spe|1\n|\n|upkeep\n|turn|3\n|\n|t:|1774253399\n|move|p1b: Incineroar|Fake Out|p2b: Miraidon\n|-damage|p2b: Miraidon|92/100\n|move|p2a: Volcarona|Quiver Dance|p2a: Volcarona\n|-boost|p2a: Volcarona|spa|1\n|-boost|p2a: Volcarona|spd|1\n|-boost|p2a: Volcarona|spe|1\n|cant|p2b: Miraidon|flinch\n|move|p1a: Zamazenta|Body Press|p2b: Miraidon\n|-damage|p2b: Miraidon|30/100\n|\n|upkeep\n|turn|4\n|\n|t:|1774253417\n|move|p1a: Zamazenta|Protect|p1a: Zamazenta\n|-singleturn|p1a: Zamazenta|Protect\n|move|p2a: Volcarona|Quiver Dance|p2a: Volcarona\n|-boost|p2a: Volcarona|spa|1\n|-boost|p2a: Volcarona|spd|1\n|-boost|p2a: Volcarona|spe|1\n|move|p2b: Miraidon|Volt Switch|p1b: Incineroar\n|-damage|p1b: Incineroar|54/100\n|\n|t:|1774253419\n|switch|p2b: Calyrex|Calyrex-Ice, L50|100/100|[from] Volt Switch\n|-ability|p2b: Calyrex|As One\n|-ability|p2b: Calyrex|Unnerve\n|move|p1b: Incineroar|Parting Shot|p2a: Volcarona\n|-unboost|p2a: Volcarona|atk|1\n|-unboost|p2a: Volcarona|spa|1\n|\n|t:|1774253435\n|switch|p1b: Rillaboom|Rillaboom, L50, M|100/100|[from] Parting Shot\n|-fieldstart|move: Grassy Terrain|[from] ability: Grassy Surge|[of] p1b: Rillaboom\n|\n|-heal|p1a: Zamazenta|88/100|[from] Grassy Terrain\n|upkeep\n|turn|5\n|\n|t:|1774253445\n|-terastallize|p2b: Calyrex|Fairy\n|move|p1b: Rillaboom|Fake Out|p2b: Calyrex\n|-damage|p2b: Calyrex|92/100\n|move|p2a: Volcarona|Fiery Dance|p1b: Rillaboom\n|-supereffective|p1b: Rillaboom\n|-damage|p1b: Rillaboom|9/100\n|move|p1a: Zamazenta|Body Press|p2b: Calyrex\n|-resisted|p2b: Calyrex\n|-damage|p2b: Calyrex|73/100\n|cant|p2b: Calyrex|flinch\n|\n|-heal|p1a: Zamazenta|94/100|[from] Grassy Terrain\n|-heal|p1b: Rillaboom|15/100|[from] Grassy Terrain\n|-heal|p2b: Calyrex|79/100|[from] Grassy Terrain\n|-heal|p2b: Calyrex|85/100|[from] item: Leftovers\n|upkeep\n|turn|6\n|-message|Gene10 forfeited.\n|\n|win|Billlmads\n|raw|Gene10's rating: 1493 &rarr; <strong>1479</strong><br />(-14 for losing)\n|raw|Billlmads's rating: 1601 &rarr; <strong>1615</strong><br />(+14 for winning)\n|l|\u203dGene10\n|player|p1|\n","uploadtime":1774253629,"views":12,"formatid":"gen9vgc2026regi","rating":1479,"private":0,"password":null}