{"id":"gen9vgc2026regi-2552249051","format":"[Gen 9] VGC 2026 Reg I","players":["uchdb","CHR1SPHX"],"log":"|j|\u2606uchdb\n|j|\u2606CHR1SPHX\n|t:|1772696636\n|gametype|doubles\n|player|p1|uchdb|102|1445\n|player|p2|CHR1SPHX|hilbert|1293\n|gen|9\n|tier|[Gen 9] VGC 2026 Reg I\n|rated|\n|rule|Species Clause: Limit one of each Pok\u00e9mon\n|rule|Item Clause: Limit 1 of each item\n|clearpoke\n|poke|p1|Terapagos, L50, M|\n|poke|p1|Annihilape, L50, F|\n|poke|p1|Landorus, L50, M|\n|poke|p1|Urshifu-*, L50, M|\n|poke|p1|Calyrex-Shadow, L50|\n|poke|p1|Tornadus, L50, M|\n|poke|p2|Lunala, L50|\n|poke|p2|Amoonguss, L50, M|\n|poke|p2|Ursaluna-Bloodmoon, L50, M|\n|poke|p2|Incineroar, L50, M|\n|poke|p2|Koraidon, L50|\n|poke|p2|Flutter Mane, L50|\n|teampreview|4\n|inactive|Battle timer is ON: inactive players will automatically lose when time's up. (requested by CHR1SPHX)\n|\n|t:|1772696662\n|teamsize|p1|4\n|teamsize|p2|4\n|start\n|switch|p1a: Annihilape|Annihilape, L50, F|100/100\n|switch|p1b: Calyrex|Calyrex-Shadow, L50|100/100\n|switch|p2a: Lunala|Lunala, L50, shiny|100/100\n|switch|p2b: Ursaluna|Ursaluna-Bloodmoon, L50, M|100/100\n|-ability|p1b: Calyrex|As One\n|-ability|p1b: Calyrex|Unnerve\n|turn|1\n|inactive|CHR1SPHX has 30 seconds left.\n|inactive|CHR1SPHX has 20 seconds left.\n|\n|t:|1772696698\n|move|p1b: Calyrex|Protect|p1b: Calyrex\n|-singleturn|p1b: Calyrex|Protect\n|move|p2a: Lunala|Wide Guard|p2a: Lunala\n|-singleturn|p2a: Lunala|Wide Guard\n|move|p1a: Annihilape|Taunt|p2a: Lunala\n|-start|p2a: Lunala|move: Taunt\n|-enditem|p2a: Lunala|Mental Herb\n|-end|p2a: Lunala|move: Taunt\n|move|p2b: Ursaluna|Hyper Voice|p1b: Calyrex|[spread] p1a\n|-activate|p1b: Calyrex|move: Protect\n|-damage|p1a: Annihilape|60/100\n|-damage|p2b: Ursaluna|91/100|[from] item: Life Orb\n|\n|upkeep\n|turn|2\n|inactive|uchdb has 30 seconds left.\n|inactive|CHR1SPHX has 30 seconds left.\n|\n|t:|1772696725\n|-terastallize|p2a: Lunala|Fairy\n|move|p1b: Calyrex|Psychic|p2b: Ursaluna\n|-damage|p2b: Ursaluna|30/100\n|move|p1a: Annihilape|Close Combat|p2b: Ursaluna\n|-supereffective|p2b: Ursaluna\n|-damage|p2b: Ursaluna|0 fnt\n|-unboost|p1a: Annihilape|def|1\n|-unboost|p1a: Annihilape|spd|1\n|faint|p2b: Ursaluna\n|move|p2a: Lunala|Moongeist Beam|p1b: Calyrex\n|-supereffective|p1b: Calyrex\n|-enditem|p1b: Calyrex|Focus Sash\n|-damage|p1b: Calyrex|1/100\n|\n|upkeep\n|\n|t:|1772696736\n|switch|p2b: Amoonguss|Amoonguss, L50, M, shiny|100/100\n|turn|3\n|\n|t:|1772696756\n|move|p1b: Calyrex|Protect|p1b: Calyrex\n|-singleturn|p1b: Calyrex|Protect\n|move|p2b: Amoonguss|Rage Powder|p2b: Amoonguss\n|-singleturn|p2b: Amoonguss|move: Rage Powder\n|move|p1a: Annihilape|Taunt|p2b: Amoonguss\n|-start|p2b: Amoonguss|move: Taunt\n|move|p2a: Lunala|Trick Room|p2a: Lunala\n|-fieldstart|move: Trick Room|[of] p2a: Lunala\n|\n|upkeep\n|turn|4\n|\n|t:|1772696772\n|switch|p1a: Tornadus|Tornadus, L50, M|100/100\n|switch|p1b: Terapagos|Terapagos, L50, M|100/100\n|-activate|p1b: Terapagos|ability: Tera Shift\n|detailschange|p1b: Terapagos|Terapagos-Terastal, L50, M\n|-heal|p1b: Terapagos|100/100|[silent]\n|move|p2b: Amoonguss|Pollen Puff|p1b: Terapagos\n|-activate|p1b: Terapagos|ability: Tera Shell\n|-resisted|p1b: Terapagos\n|-damage|p1b: Terapagos|93/100\n|move|p2a: Lunala|Moonblast|p1a: Tornadus\n|-damage|p1a: Tornadus|47/100\n|\n|upkeep\n|turn|5\n|\n|t:|1772696793\n|switch|p2b: Incineroar|Incineroar, L50, M|100/100\n|-ability|p2b: Incineroar|Intimidate|boost\n|-unboost|p1a: Tornadus|atk|1\n|-unboost|p1b: Terapagos|atk|1\n|-terastallize|p1b: Terapagos|Stellar\n|detailschange|p1b: Terapagos|Terapagos-Stellar, L50, M, tera:Stellar\n|-heal|p1b: Terapagos|95/100|[silent]\n|move|p2a: Lunala|Wide Guard|p2a: Lunala\n|-singleturn|p2a: Lunala|Wide Guard\n|move|p1a: Tornadus|Taunt|p2a: Lunala\n|-start|p2a: Lunala|move: Taunt\n|move|p1b: Terapagos|Tera Starstorm|p2b: Incineroar|[spread] \n|-activate|p2a: Lunala|move: Wide Guard\n|-activate|p2b: Incineroar|move: Wide Guard\n|\n|upkeep\n|turn|6\n|\n|t:|1772696810\n|switch|p2a: Amoonguss|Amoonguss, L50, M, shiny|100/100\n|switch|p1a: Annihilape|Annihilape, L50, F|60/100\n|move|p2b: Incineroar|Knock Off|p1b: Terapagos\n|-damage|p1b: Terapagos|72/100\n|-enditem|p1b: Terapagos|Choice Specs|[from] move: Knock Off|[of] p2b: Incineroar\n|move|p1b: Terapagos|Tera Starstorm|p2a: Amoonguss|[spread] p2a,p2b\n|-damage|p2a: Amoonguss|64/100\n|-damage|p2b: Incineroar|71/100\n|\n|upkeep\n|turn|7\n|inactive|CHR1SPHX has 30 seconds left.\n|inactive|CHR1SPHX has 20 seconds left.\n|inactive|CHR1SPHX has 15 seconds left.\n|\n|t:|1772696853\n|move|p2a: Amoonguss|Spore|p1b: Terapagos\n|-status|p1b: Terapagos|slp|[from] move: Spore\n|move|p2b: Incineroar|Knock Off|p1a: Annihilape\n|-crit|p1a: Annihilape\n|-damage|p1a: Annihilape|6/100\n|-enditem|p1a: Annihilape|Sitrus Berry|[from] move: Knock Off|[of] p2b: Incineroar\n|cant|p1b: Terapagos|slp\n|move|p1a: Annihilape|Taunt|p2a: Amoonguss\n|-start|p2a: Amoonguss|move: Taunt\n|\n|-fieldend|move: Trick Room\n|upkeep\n|turn|8\n|\n|t:|1772696868\n|switch|p2b: Lunala|Lunala, L50, shiny, tera:Fairy|100/100\n|move|p1a: Annihilape|Rage Fist|p2b: Lunala\n|-damage|p2b: Lunala|82/100\n|cant|p1b: Terapagos|slp\n|move|p2a: Amoonguss|Pollen Puff|p1a: Annihilape\n|-resisted|p1a: Annihilape\n|-damage|p1a: Annihilape|3/100\n|\n|upkeep\n|turn|9\n|\n|t:|1772696889\n|move|p1a: Annihilape|Rage Fist|p2b: Lunala\n|-damage|p2b: Lunala|31/100\n|cant|p1b: Terapagos|slp\n|move|p2b: Lunala|Moonblast|p1b: Terapagos\n|-damage|p1b: Terapagos|39/100 slp\n|move|p2a: Amoonguss|Pollen Puff|p2b: Lunala\n|-heal|p2b: Lunala|81/100\n|\n|upkeep\n|turn|10\n|\n|t:|1772696912\n|switch|p2b: Incineroar|Incineroar, L50, M|71/100\n|-ability|p2b: Incineroar|Intimidate|boost\n|-unboost|p1a: Annihilape|atk|1\n|-ability|p1a: Annihilape|Defiant|boost\n|-boost|p1a: Annihilape|atk|2\n|-unboost|p1b: Terapagos|atk|1\n|move|p1a: Annihilape|Rage Fist|p2a: Amoonguss\n|-damage|p2a: Amoonguss|0 fnt\n|-damage|p1a: Annihilape|0 fnt|[from] item: Rocky Helmet|[of] p2a: Amoonguss\n|faint|p2a: Amoonguss\n|faint|p1a: Annihilape\n|-curestatus|p1b: Terapagos|slp|[msg]\n|move|p1b: Terapagos|Tera Starstorm|p2b: Incineroar\n|-damage|p2b: Incineroar|27/100\n|\n|upkeep\n|\n|t:|1772696921\n|switch|p1a: Tornadus|Tornadus, L50, M|47/100\n|switch|p2a: Lunala|Lunala, L50, shiny, tera:Fairy|81/100\n|turn|11\n|inactive|CHR1SPHX has 30 seconds left.\n|\n|t:|1772696953\n|move|p1a: Tornadus|Taunt|p2a: Lunala\n|-start|p2a: Lunala|move: Taunt\n|move|p1b: Terapagos|Earth Power|p2b: Incineroar\n|-supereffective|p2b: Incineroar\n|-crit|p2b: Incineroar\n|-damage|p2b: Incineroar|0 fnt\n|faint|p2b: Incineroar\n|move|p2a: Lunala|Moonblast|p1b: Terapagos\n|-crit|p1b: Terapagos\n|-damage|p1b: Terapagos|0 fnt\n|faint|p1b: Terapagos\n|detailschange|p1: Terapagos|Terapagos, L50, M|[silent]\n|\n|upkeep\n|\n|t:|1772696963\n|switch|p1b: Calyrex|Calyrex-Shadow, L50|1/100\n|-ability|p1b: Calyrex|As One\n|-ability|p1b: Calyrex|Unnerve\n|turn|12\n|\n|t:|1772696972\n|move|p1b: Calyrex|Protect|p1b: Calyrex\n|-singleturn|p1b: Calyrex|Protect\n|move|p1a: Tornadus|Bleakwind Storm|p2a: Lunala\n|-damage|p2a: Lunala|50/100\n|move|p2a: Lunala|Moonblast|p1b: Calyrex\n|-activate|p1b: Calyrex|move: Protect\n|\n|upkeep\n|turn|13\n|\n|t:|1772696979\n|move|p1b: Calyrex|Astral Barrage|p2a: Lunala\n|-damage|p2a: Lunala|0 fnt\n|faint|p2a: Lunala\n|\n|win|uchdb\n|raw|uchdb's rating: 1445 &rarr; <strong>1457</strong><br />(+12 for winning)\n|raw|CHR1SPHX's rating: 1293 &rarr; <strong>1278</strong><br />(-15 for losing)\n|l|\u2606uchdb\n|player|p1|\n|l|\u2606CHR1SPHX\n|player|p2|\n","uploadtime":1772697245,"views":12,"formatid":"gen9vgc2026regi","rating":1278,"private":0,"password":null}