{"id":"gen9vgc2026regi-2550474633","format":"[Gen 9] VGC 2026 Reg I","players":["CHR1SPHX","meep1203"],"log":"|j|\u2606CHR1SPHX\n|j|\u2606meep1203\n|t:|1772490892\n|gametype|doubles\n|player|p1|CHR1SPHX|hilbert-wonderlauncher|1289\n|player|p2|meep1203|medium|1252\n|gen|9\n|tier|[Gen 9] VGC 2026 Reg I\n|rated|\n|rule|Species Clause: Limit one of each Pok\u00e9mon\n|rule|Item Clause: Limit 1 of each item\n|clearpoke\n|poke|p1|Incineroar, L50, M|\n|poke|p1|Koraidon, L50|\n|poke|p1|Flutter Mane, L50|\n|poke|p1|Brute Bonnet, L50|\n|poke|p1|Calyrex-Ice, L50|\n|poke|p1|Farigiraf, L50, F|\n|poke|p2|Miraidon, L50|\n|poke|p2|Kyogre, L50|\n|poke|p2|Inteleon, L50, M|\n|poke|p2|Lumineon, L50, F|\n|poke|p2|Raichu, L50, F|\n|poke|p2|Farigiraf, L50, M|\n|teampreview|4\n|inactive|Battle timer is ON: inactive players will automatically lose when time's up. (requested by meep1203)\n|inactive|CHR1SPHX also wants the timer to be on.\n|\n|t:|1772490917\n|teamsize|p1|4\n|teamsize|p2|4\n|start\n|switch|p1a: Farigiraf|Farigiraf, L50, F|100/100\n|switch|p1b: Calyrex|Calyrex-Ice, L50|100/100\n|switch|p2a: Microwave|Miraidon, L50|100/100\n|switch|p2b: Raichu|Raichu, L50, F|100/100\n|-ability|p1b: Calyrex|As One\n|-ability|p1b: Calyrex|Unnerve\n|-fieldstart|move: Electric Terrain|[from] ability: Hadron Engine|[of] p2a: Microwave\n|turn|1\n|inactive|meep1203 has 30 seconds left.\n|inactive|meep1203 has 20 seconds left.\n|inactive|meep1203 has 15 seconds left.\n|\n|t:|1772490958\n|move|p1b: Calyrex|Protect|p1b: Calyrex\n|-singleturn|p1b: Calyrex|Protect\n|move|p2a: Microwave|Discharge|p1a: Farigiraf|[spread] p1a\n|-activate|p1b: Calyrex|move: Protect\n|-ability|p2b: Raichu|Lightning Rod|boost\n|-boost|p2b: Raichu|spa|1\n|-damage|p1a: Farigiraf|24/100\n|-status|p1a: Farigiraf|par\n|move|p2b: Raichu|Thunder|p1a: Farigiraf\n|-damage|p1a: Farigiraf|0 fnt\n|faint|p1a: Farigiraf\n|\n|upkeep\n|\n|t:|1772490972\n|switch|p1a: Koraidon|Koraidon, L50|100/100\n|-weather|SunnyDay|[from] ability: Orichalcum Pulse|[of] p1a: Koraidon\n|-activate|p1a: Koraidon|Orichalcum Pulse|[source]\n|turn|2\n|inactive|meep1203 has 30 seconds left.\n|\n|t:|1772491004\n|switch|p2a: Kyogre|Kyogre, L50|100/100\n|-weather|RainDance|[from] ability: Drizzle|[of] p2a: Kyogre\n|switch|p2b: Lumineon|Lumineon, L50, F|100/100\n|-terastallize|p1a: Koraidon|Fire\n|move|p1a: Koraidon|Flame Charge|p2b: Lumineon\n|-resisted|p2b: Lumineon\n|-damage|p2b: Lumineon|91/100\n|-boost|p1a: Koraidon|spe|1\n|move|p1b: Calyrex|Glacial Lance|p2b: Lumineon|[spread] p2a,p2b\n|-resisted|p2a: Kyogre\n|-resisted|p2b: Lumineon\n|-damage|p2a: Kyogre|72/100\n|-damage|p2b: Lumineon|55/100\n|-enditem|p2a: Kyogre|Eject Button\n|\n|t:|1772491020\n|switch|p2a: Microwave|Miraidon, L50|100/100\n|-activate|p2a: Microwave|ability: Hadron Engine\n|\n|-weather|RainDance|[upkeep]\n|upkeep\n|turn|3\n|\n|t:|1772491031\n|switch|p1a: Brute Bonnet|Brute Bonnet, L50, shiny|100/100\n|-terastallize|p2b: Lumineon|Ground\n|move|p2b: Lumineon|Tailwind|p2b: Lumineon\n|-sidestart|p2: meep1203|move: Tailwind\n|move|p2a: Microwave|Discharge|p1a: Brute Bonnet|[spread] p1a,p1b\n|-immune|p2b: Lumineon\n|-resisted|p1a: Brute Bonnet\n|-damage|p1a: Brute Bonnet|68/100\n|-damage|p1b: Calyrex|45/100\n|move|p1b: Calyrex|Glacial Lance|p2a: Microwave|[spread] p2a,p2b\n|-supereffective|p2a: Microwave\n|-supereffective|p2b: Lumineon\n|-damage|p2a: Microwave|0 fnt\n|-damage|p2b: Lumineon|0 fnt\n|faint|p2a: Microwave\n|faint|p2b: Lumineon\n|-ability|p1b: Calyrex|Chilling Neigh|boost\n|-boost|p1b: Calyrex|atk|2\n|\n|-weather|RainDance|[upkeep]\n|upkeep\n|\n|t:|1772491048\n|switch|p2a: Kyogre|Kyogre, L50|72/100\n|switch|p2b: Raichu|Raichu, L50, F|100/100\n|turn|4\n|inactive|meep1203 has 30 seconds left.\n|\n|t:|1772491073\n|-end|p1a: Brute Bonnet|Protosynthesis|[silent]\n|switch|p1a: Koraidon|Koraidon, L50, tera:Fire|100/100\n|-weather|SunnyDay|[from] ability: Orichalcum Pulse|[of] p1a: Koraidon\n|-activate|p1a: Koraidon|Orichalcum Pulse|[source]\n|move|p2b: Raichu|Fake Out|p1b: Calyrex\n|-damage|p1b: Calyrex|40/100\n|move|p2a: Kyogre|Ice Beam|p1a: Koraidon\n|-resisted|p1a: Koraidon\n|-damage|p1a: Koraidon|88/100\n|cant|p1b: Calyrex|flinch\n|\n|-weather|SunnyDay|[upkeep]\n|upkeep\n|turn|5\n|\n|t:|1772491092\n|switch|p1a: Brute Bonnet|Brute Bonnet, L50, shiny|68/100\n|-activate|p1a: Brute Bonnet|ability: Protosynthesis\n|-start|p1a: Brute Bonnet|protosynthesisdef\n|move|p2b: Raichu|Electroweb|p1b: Calyrex|[spread] p1a,p1b\n|-resisted|p1a: Brute Bonnet\n|-damage|p1a: Brute Bonnet|61/100\n|-damage|p1b: Calyrex|27/100\n|-unboost|p1a: Brute Bonnet|spe|1\n|move|p2a: Kyogre|Origin Pulse|p1b: Calyrex|[spread] p1a\n|-miss|p2a: Kyogre|p1b: Calyrex\n|-resisted|p1a: Brute Bonnet\n|-damage|p1a: Brute Bonnet|51/100\n|move|p1b: Calyrex|Glacial Lance|p2b: Raichu|[spread] p2a,p2b\n|-resisted|p2a: Kyogre\n|-crit|p2a: Kyogre\n|-damage|p2a: Kyogre|0 fnt\n|-damage|p2b: Raichu|0 fnt\n|faint|p2a: Kyogre\n|faint|p2b: Raichu\n|\n|win|CHR1SPHX\n|raw|CHR1SPHX's rating: 1289 &rarr; <strong>1311</strong><br />(+22 for winning)\n|raw|meep1203's rating: 1252 &rarr; <strong>1230</strong><br />(-22 for losing)\n|l|\u2606meep1203\n|player|p2|\n|l|\u2606CHR1SPHX\n|player|p1|\n","uploadtime":1772491265,"views":13,"formatid":"gen9vgc2026regi","rating":1230,"private":0,"password":null}