{"id":"gen9vgc2026regi-2589286121","format":"[Gen 9] VGC 2026 Reg I","players":["Harry Koekenpan","Shagrathisbeast"],"log":"|j|\u2606Harry Koekenpan\n|j|\u2606Shagrathisbeast\n|t:|1776711747\n|gametype|doubles\n|player|p1|Harry Koekenpan|101|1464\n|player|p2|Shagrathisbeast|266|1473\n|gen|9\n|tier|[Gen 9] VGC 2026 Reg I\n|rated|\n|rule|Species Clause: Limit one of each Pok\u00e9mon\n|rule|Item Clause: Limit 1 of each item\n|clearpoke\n|poke|p1|Weezing-Galar, L50, M|\n|poke|p1|Calyrex-Shadow, L50|\n|poke|p1|Regigigas, L50|\n|poke|p1|Koraidon, L50|\n|poke|p1|Chi-Yu, L50|\n|poke|p1|Brute Bonnet, L50|\n|poke|p2|Calyrex-Shadow, L50|\n|poke|p2|Clefairy, L50, F|\n|poke|p2|Urshifu-*, L50, F|\n|poke|p2|Tornadus, L50, M|\n|poke|p2|Rayquaza, L50|\n|poke|p2|Smeargle, L50, F|\n|teampreview|4\n|inactive|Battle timer is ON: inactive players will automatically lose when time's up. (requested by Harry Koekenpan)\n|inactive|Harry Koekenpan has 60 seconds left.\n|\n|t:|1776711811\n|teamsize|p1|4\n|teamsize|p2|4\n|start\n|switch|p1a: Weezing|Weezing-Galar, L50, M|100/100\n|switch|p1b: Regigigas|Regigigas, L50|100/100\n|switch|p2a: Calyrex|Calyrex-Shadow, L50|100/100\n|switch|p2b: Smeargle|Smeargle, L50, F, shiny|100/100\n|-ability|p1a: Weezing|Neutralizing Gas\n|-ability|p2a: Calyrex|As One\n|-ability|p2a: Calyrex|Unnerve\n|turn|1\n|inactive|Shagrathisbeast has 30 seconds left.\n|inactive|Shagrathisbeast has 20 seconds left.\n|inactive|Shagrathisbeast has 15 seconds left.\n|\n|t:|1776711852\n|move|p2a: Calyrex|Protect|p2a: Calyrex\n|-singleturn|p2a: Calyrex|Protect\n|move|p1b: Regigigas|Knock Off|p2a: Calyrex\n|-activate|p2a: Calyrex|move: Protect\n|move|p2b: Smeargle|Spore|p1b: Regigigas\n|-status|p1b: Regigigas|slp|[from] move: Spore\n|move|p1a: Weezing|Poison Gas|p2b: Smeargle|[spread] p2b\n|-activate|p2a: Calyrex|move: Protect\n|-status|p2b: Smeargle|psn\n|\n|-damage|p2b: Smeargle|88/100 psn|[from] psn\n|upkeep\n|turn|2\n|\n|t:|1776711871\n|move|p1a: Weezing|Protect|p1a: Weezing\n|-singleturn|p1a: Weezing|Protect\n|cant|p1b: Regigigas|slp\n|move|p2a: Calyrex|Nasty Plot|p2a: Calyrex\n|-boost|p2a: Calyrex|spa|2\n|move|p2b: Smeargle|Spore|p1a: Weezing\n|-activate|p1a: Weezing|move: Protect\n|\n|-damage|p2b: Smeargle|76/100 psn|[from] psn\n|upkeep\n|turn|3\n|inactive|Harry Koekenpan has 30 seconds left.\n|inactive|Harry Koekenpan has 20 seconds left.\n|inactive|Shagrathisbeast has 30 seconds left.\n|inactive|Harry Koekenpan has 15 seconds left.\n|\n|t:|1776711911\n|-terastallize|p2a: Calyrex|Dark\n|-terastallize|p1a: Weezing|Dark\n|cant|p1b: Regigigas|slp\n|move|p2a: Calyrex|Psychic|p1b: Regigigas\n|-damage|p1b: Regigigas|0 fnt\n|faint|p1b: Regigigas\n|-end|p1b: Regigigas|Slow Start|[silent]\n|-ability|p2a: Calyrex|Grim Neigh|boost\n|-boost|p2a: Calyrex|spa|1\n|-damage|p2a: Calyrex|91/100|[from] item: Life Orb\n|move|p2b: Smeargle|Spore|p1a: Weezing\n|-status|p1a: Weezing|slp|[from] move: Spore\n|cant|p1a: Weezing|slp\n|\n|-damage|p2b: Smeargle|63/100 psn|[from] psn\n|upkeep\n|\n|t:|1776711926\n|switch|p1b: Calyrex|Calyrex-Shadow, L50|100/100\n|-ability|p1b: Calyrex|As One\n|-ability|p1b: Calyrex|Unnerve\n|turn|4\n|\n|t:|1776711941\n|move|p1b: Calyrex|Pollen Puff|p2a: Calyrex\n|-supereffective|p2a: Calyrex\n|-damage|p2a: Calyrex|0 fnt\n|faint|p2a: Calyrex\n|-ability|p1b: Calyrex|Grim Neigh|boost\n|-boost|p1b: Calyrex|spa|1\n|-damage|p1b: Calyrex|91/100|[from] item: Life Orb\n|move|p2b: Smeargle|Spore|p1b: Calyrex\n|-status|p1b: Calyrex|slp|[from] move: Spore\n|-curestatus|p1a: Weezing|slp|[msg]\n|move|p1a: Weezing|Sludge Bomb|p2b: Smeargle\n|-damage|p2b: Smeargle|4/100 psn\n|\n|-damage|p2b: Smeargle|0 fnt|[from] psn\n|faint|p2b: Smeargle\n|upkeep\n|\n|t:|1776711946\n|switch|p2a: Tornadus|Tornadus, L50, M, shiny|100/100\n|switch|p2b: Urshifu|Urshifu-Rapid-Strike, L50, F|100/100\n|turn|5\n|\n|t:|1776711966\n|move|p2b: Urshifu|Surging Strikes|p1a: Weezing\n|-crit|p1a: Weezing\n|-damage|p1a: Weezing|81/100\n|-crit|p1a: Weezing\n|-damage|p1a: Weezing|63/100\n|-crit|p1a: Weezing\n|-damage|p1a: Weezing|42/100\n|-enditem|p1a: Weezing|Sitrus Berry|[eat]\n|-heal|p1a: Weezing|67/100|[from] item: Sitrus Berry\n|-hitcount|p1a: Weezing|3\n|cant|p1b: Calyrex|slp\n|move|p2a: Tornadus|Bleakwind Storm|p1b: Calyrex|[spread] p1a\n|-miss|p2a: Tornadus|p1b: Calyrex\n|-damage|p1a: Weezing|27/100\n|move|p1a: Weezing|Poison Gas|p2a: Tornadus|[spread] p2a,p2b\n|-status|p2a: Tornadus|psn\n|-status|p2b: Urshifu|psn\n|\n|-damage|p2b: Urshifu|88/100 psn|[from] psn\n|-damage|p2a: Tornadus|88/100 psn|[from] psn\n|upkeep\n|turn|6\n|\n|t:|1776711989\n|move|p1a: Weezing|Protect|p1a: Weezing\n|-singleturn|p1a: Weezing|Protect\n|move|p2b: Urshifu|Surging Strikes|p1b: Calyrex\n|-crit|p1b: Calyrex\n|-damage|p1b: Calyrex|63/100 slp\n|-crit|p1b: Calyrex\n|-damage|p1b: Calyrex|33/100 slp\n|-crit|p1b: Calyrex\n|-damage|p1b: Calyrex|6/100 slp\n|-hitcount|p1b: Calyrex|3\n|cant|p1b: Calyrex|slp\n|move|p2a: Tornadus|Bleakwind Storm|p1a: Weezing|[spread] p1b\n|-activate|p1a: Weezing|move: Protect\n|-damage|p1b: Calyrex|0 fnt\n|faint|p1b: Calyrex\n|\n|-damage|p2b: Urshifu|75/100 psn|[from] psn\n|-damage|p2a: Tornadus|76/100 psn|[from] psn\n|upkeep\n|\n|t:|1776712001\n|switch|p1b: Koraidon|Koraidon, L50|100/100\n|-weather|SunnyDay|[from] ability: Orichalcum Pulse|[of] p1b: Koraidon\n|-activate|p1b: Koraidon|Orichalcum Pulse|[source]\n|turn|7\n|\n|t:|1776712009\n|move|p2b: Urshifu|Surging Strikes|p1a: Weezing\n|-crit|p1a: Weezing\n|-damage|p1a: Weezing|19/100\n|-crit|p1a: Weezing\n|-damage|p1a: Weezing|10/100\n|-crit|p1a: Weezing\n|-damage|p1a: Weezing|0 fnt\n|faint|p1a: Weezing\n|-end|p1a: Weezing|ability: Neutralizing Gas\n|-hitcount|p1: Weezing|3\n|move|p1b: Koraidon|Flare Blitz|p2a: Tornadus\n|-damage|p2a: Tornadus|0 fnt\n|faint|p2a: Tornadus\n|-damage|p1b: Koraidon|74/100|[from] Recoil\n|\n|-weather|SunnyDay|[upkeep]\n|-damage|p2b: Urshifu|63/100 psn|[from] psn\n|upkeep\n|turn|8\n|-message|Shagrathisbeast forfeited.\n|\n|win|Harry Koekenpan\n|raw|Harry Koekenpan's rating: 1464 &rarr; <strong>1485</strong><br />(+21 for winning)\n|raw|Shagrathisbeast's rating: 1473 &rarr; <strong>1452</strong><br />(-21 for losing)\n|l|\u2606Shagrathisbeast\n|player|p2|\n|l|\u2606Harry Koekenpan\n|player|p1|\n","uploadtime":1776712167,"views":10,"formatid":"gen9vgc2026regi","rating":1452,"private":0,"password":null}