{"id":"gen9vgc2026regi-2560863547","format":"[Gen 9] VGC 2026 Reg I","players":["AxeP91","LechonkBro"],"log":"|j|\u2606AxeP91\n|j|\u2606LechonkBro\n|t:|1773739550\n|gametype|doubles\n|player|p1|AxeP91|266|1377\n|player|p2|LechonkBro|265|1533\n|gen|9\n|tier|[Gen 9] VGC 2026 Reg I\n|rated|\n|rule|Species Clause: Limit one of each Pok\u00e9mon\n|rule|Item Clause: Limit 1 of each item\n|clearpoke\n|poke|p1|Whimsicott, L50, M|\n|poke|p1|Grimmsnarl, L50, M|\n|poke|p1|Urshifu-*, L50, F|\n|poke|p1|Terapagos, L50, M|\n|poke|p1|Calyrex-Shadow, L50|\n|poke|p1|Incineroar, L50, M|\n|poke|p2|Chien-Pao, L50|\n|poke|p2|Calyrex-Shadow, L50|\n|poke|p2|Dondozo, L50, F|\n|poke|p2|Zamazenta-*, L50|\n|poke|p2|Dragonite, L50, M|\n|poke|p2|Tatsugiri, L50, M|\n|teampreview|4\n|inactive|Battle timer is ON: inactive players will automatically lose when time's up. (requested by LechonkBro)\n|j| ido1234567890\n|l| ido1234567890\n|\n|t:|1773739573\n|teamsize|p1|4\n|teamsize|p2|4\n|start\n|switch|p1a: Grimmsnarl|Grimmsnarl, L50, M|100/100\n|switch|p1b: Terapagos|Terapagos, L50, M|100/100\n|switch|p2a: Calyrex|Calyrex-Shadow, L50|100/100\n|switch|p2b: Dragonite|Dragonite, L50, M|100/100\n|-activate|p1b: Terapagos|ability: Tera Shift\n|detailschange|p1b: Terapagos|Terapagos-Terastal, L50, M\n|-heal|p1b: Terapagos|100/100|[silent]\n|-ability|p2a: Calyrex|As One\n|-ability|p2a: Calyrex|Unnerve\n|turn|1\n|\n|t:|1773739596\n|-terastallize|p2b: Dragonite|Normal\n|move|p2b: Dragonite|Extreme Speed|p1a: Grimmsnarl\n|-damage|p1a: Grimmsnarl|33/100\n|move|p1a: Grimmsnarl|Reflect|p1a: Grimmsnarl\n|-sidestart|p1: AxeP91|Reflect\n|move|p2a: Calyrex|Trick|p1b: Terapagos\n|-activate|p2a: Calyrex|move: Trick|[of] p1b: Terapagos\n|-item|p1b: Terapagos|Choice Scarf|[from] move: Trick\n|-item|p2a: Calyrex|Leftovers|[from] move: Trick\n|move|p1b: Terapagos|Calm Mind|p1b: Terapagos\n|-boost|p1b: Terapagos|spa|1\n|-boost|p1b: Terapagos|spd|1\n|\n|upkeep\n|turn|2\n|inactive|AxeP91 has 30 seconds left.\n|\n|t:|1773739624\n|switch|p1b: Incineroar|Incineroar, L50, M|100/100\n|-ability|p1b: Incineroar|Intimidate|boost\n|-unboost|p2a: Calyrex|atk|1\n|-fail|p2b: Dragonite|unboost|Attack|[from] ability: Inner Focus|[of] p2b: Dragonite\n|move|p2b: Dragonite|Extreme Speed|p1a: Grimmsnarl\n|-damage|p1a: Grimmsnarl|0 fnt\n|faint|p1a: Grimmsnarl\n|move|p2a: Calyrex|Astral Barrage|p1b: Incineroar\n|-resisted|p1b: Incineroar\n|-damage|p1b: Incineroar|68/100\n|\n|upkeep\n|\n|t:|1773739638\n|switch|p1a: Terapagos|Terapagos-Terastal, L50, M|100/100\n|turn|3\n|\n|t:|1773739647\n|switch|p2a: Zamazenta|Zamazenta-Crowned, L50|100/100\n|-ability|p2a: Zamazenta|Dauntless Shield|boost\n|-boost|p2a: Zamazenta|def|1\n|-terastallize|p1a: Terapagos|Stellar\n|detailschange|p1a: Terapagos|Terapagos-Stellar, L50, M, tera:Stellar\n|-heal|p1a: Terapagos|100/100|[silent]\n|move|p2b: Dragonite|Extreme Speed|p1b: Incineroar\n|-damage|p1b: Incineroar|32/100\n|-enditem|p1b: Incineroar|Sitrus Berry|[eat]\n|-heal|p1b: Incineroar|56/100|[from] item: Sitrus Berry\n|move|p1a: Terapagos|Tera Starstorm|p2a: Zamazenta|[spread] p2a,p2b\n|-supereffective|p2b: Dragonite\n|-damage|p2a: Zamazenta|74/100\n|-damage|p2b: Dragonite|38/100\n|move|p1b: Incineroar|Knock Off|p2a: Zamazenta\n|-resisted|p2a: Zamazenta\n|-damage|p2a: Zamazenta|69/100\n|\n|upkeep\n|turn|4\n|inactive|AxeP91 has 30 seconds left.\n|inactive|LechonkBro has 30 seconds left.\n|inactive|AxeP91 has 20 seconds left.\n|\n|t:|1773739682\n|switch|p1a: Calyrex|Calyrex-Shadow, L50|100/100\n|-ability|p1a: Calyrex|As One\n|-ability|p1a: Calyrex|Unnerve\n|move|p2a: Zamazenta|Wide Guard|p2a: Zamazenta\n|-singleturn|p2a: Zamazenta|Wide Guard\n|move|p2b: Dragonite|Extreme Speed|p1b: Incineroar\n|-damage|p1b: Incineroar|23/100\n|move|p1b: Incineroar|Knock Off|p2b: Dragonite\n|-damage|p2b: Dragonite|1/100\n|-enditem|p2b: Dragonite|Choice Band|[from] move: Knock Off|[of] p1b: Incineroar\n|\n|upkeep\n|turn|5\n|inactive|AxeP91 has 30 seconds left.\n|inactive|AxeP91 has 20 seconds left.\n|\n|t:|1773739720\n|move|p1a: Calyrex|Protect|p1a: Calyrex\n|-singleturn|p1a: Calyrex|Protect\n|move|p2b: Dragonite|Extreme Speed|p1b: Incineroar\n|-damage|p1b: Incineroar|0 fnt\n|faint|p1b: Incineroar\n|move|p2a: Zamazenta|Behemoth Bash|p1a: Calyrex\n|-activate|p1a: Calyrex|move: Protect\n|\n|upkeep\n|\n|t:|1773739736\n|switch|p1b: Terapagos|Terapagos-Stellar, L50, M, tera:Stellar|100/100\n|turn|6\n|\n|t:|1773739758\n|move|p2b: Dragonite|Extreme Speed|p1b: Terapagos\n|-damage|p1b: Terapagos|83/100\n|move|p1a: Calyrex|Psychic|p2a: Zamazenta\n|-damage|p2a: Zamazenta|16/100\n|-damage|p1a: Calyrex|91/100|[from] item: Life Orb\n|move|p1b: Terapagos|Earth Power|p2a: Zamazenta\n|-supereffective|p2a: Zamazenta\n|-damage|p2a: Zamazenta|0 fnt\n|faint|p2a: Zamazenta\n|\n|upkeep\n|\n|t:|1773739773\n|switch|p2a: Calyrex|Calyrex-Shadow, L50|100/100\n|-ability|p2a: Calyrex|As One\n|-ability|p2a: Calyrex|Unnerve\n|turn|7\n|\n|t:|1773739796\n|move|p2b: Dragonite|Extreme Speed|p1b: Terapagos\n|-damage|p1b: Terapagos|64/100\n|move|p2a: Calyrex|Astral Barrage|p1b: Terapagos|[spread] p1a\n|-immune|p1b: Terapagos\n|-supereffective|p1a: Calyrex\n|-damage|p1a: Calyrex|0 fnt\n|faint|p1a: Calyrex\n|-ability|p2a: Calyrex|Grim Neigh|boost\n|-boost|p2a: Calyrex|spa|1\n|move|p1b: Terapagos|Earth Power|p2a: Calyrex\n|-damage|p2a: Calyrex|64/100\n|\n|-heal|p2a: Calyrex|70/100|[from] item: Leftovers\n|upkeep\n|turn|8\n|-message|AxeP91 forfeited.\n|\n|win|LechonkBro\n|raw|AxeP91's rating: 1377 &rarr; <strong>1365</strong><br />(-12 for losing)\n|raw|LechonkBro's rating: 1533 &rarr; <strong>1545</strong><br />(+12 for winning)\n|l|\u2606AxeP91\n|player|p1|\n|l|\u2606LechonkBro\n|player|p2|\n","uploadtime":1773740035,"views":12,"formatid":"gen9vgc2026regi","rating":1365,"private":0,"password":null}