{"id":"gen9vgc2026regi-2518634087","format":"[Gen 9] VGC 2026 Reg I","players":["VJ2511","Kenobi_1"],"log":"|j|\u2606VJ2511\n|j|\u2606Kenobi_1\n|t:|1768411650\n|gametype|doubles\n|player|p1|VJ2511|red-masters3|\n|player|p2|Kenobi_1|ash-alola|\n|gen|9\n|tier|[Gen 9] VGC 2026 Reg I\n|rule|Species Clause: Limit one of each Pok\u00e9mon\n|rule|Item Clause: Limit 1 of each item\n|clearpoke\n|poke|p1|Calyrex-Ice, L50|\n|poke|p1|Miraidon, L50|\n|poke|p1|Incineroar, L50, M|\n|poke|p1|Landorus, L50, M|\n|poke|p1|Urshifu-*, L50, M|\n|poke|p1|Farigiraf, L50, F|\n|poke|p2|Calyrex-Shadow, L50|\n|poke|p2|Zamazenta-*, L50|\n|poke|p2|Smeargle, L50, M|\n|poke|p2|Raging Bolt, L50|\n|poke|p2|Rillaboom, L50, M|\n|poke|p2|Tornadus, L50, M|\n|teampreview|4\n|inactive|Battle timer is ON: inactive players will automatically lose when time's up. (requested by VJ2511)\n|inactive|Kenobi_1 also wants the timer to be on.\n|j| Rege1\n|l| Rege1\n|inactive|Kenobi_1 has 60 seconds left.\n|inactive|VJ2511 has 60 seconds left.\n|\n|t:|1768411702\n|teamsize|p1|4\n|teamsize|p2|4\n|start\n|switch|p1a: Calyrex|Calyrex-Ice, L50|100/100\n|switch|p1b: Incineroar|Incineroar, L50, M|100/100\n|switch|p2a: Raging Bolt|Raging Bolt, L50|100/100\n|switch|p2b: Rillaboom|Rillaboom, L50, M, shiny|100/100\n|-ability|p1a: Calyrex|As One\n|-ability|p1a: Calyrex|Unnerve\n|-fieldstart|move: Grassy Terrain|[from] ability: Grassy Surge|[of] p2b: Rillaboom\n|-ability|p1b: Incineroar|Intimidate|boost\n|-unboost|p2a: Raging Bolt|atk|1\n|-unboost|p2b: Rillaboom|atk|1\n|-enditem|p2a: Raging Bolt|Booster Energy\n|-activate|p2a: Raging Bolt|ability: Protosynthesis|[fromitem]\n|-start|p2a: Raging Bolt|protosynthesisspa\n|turn|1\n|inactive|Kenobi_1 has 30 seconds left.\n|inactive|Kenobi_1 has 20 seconds left.\n|inactive|Kenobi_1 has 15 seconds left.\n|inactive|Kenobi_1 has 10 seconds left.\n|\n|t:|1768411751\n|move|p2b: Rillaboom|Fake Out|p1a: Calyrex\n|-crit|p1a: Calyrex\n|-damage|p1a: Calyrex|88/100\n|move|p1b: Incineroar|Fake Out|p2a: Raging Bolt\n|-damage|p2a: Raging Bolt|90/100\n|cant|p2a: Raging Bolt|flinch\n|cant|p1a: Calyrex|flinch\n|\n|-heal|p2a: Raging Bolt|96/100|[from] Grassy Terrain\n|-heal|p1a: Calyrex|94/100|[from] Grassy Terrain\n|-heal|p1a: Calyrex|99/100|[from] item: Leftovers\n|upkeep\n|turn|2\n|\n|t:|1768411764\n|move|p2b: Rillaboom|U-turn|p1b: Incineroar\n|-damage|p1b: Incineroar|87/100\n|\n|t:|1768411767\n|switch|p2b: Zamazenta|Zamazenta-Crowned, L50, shiny|100/100|[from] U-turn\n|-ability|p2b: Zamazenta|Dauntless Shield|boost\n|-boost|p2b: Zamazenta|def|1\n|move|p2a: Raging Bolt|Draco Meteor|p1a: Calyrex\n|-damage|p1a: Calyrex|37/100\n|-unboost|p2a: Raging Bolt|spa|2\n|move|p1b: Incineroar|Flare Blitz|p2b: Zamazenta\n|-supereffective|p2b: Zamazenta\n|-damage|p2b: Zamazenta|53/100\n|-damage|p1b: Incineroar|73/100|[from] Recoil\n|move|p1a: Calyrex|Trick Room|p1a: Calyrex\n|-fieldstart|move: Trick Room|[of] p1a: Calyrex\n|\n|-heal|p1a: Calyrex|43/100|[from] Grassy Terrain\n|-heal|p1a: Calyrex|49/100|[from] item: Leftovers\n|-heal|p1b: Incineroar|79/100|[from] Grassy Terrain\n|-heal|p2a: Raging Bolt|100/100|[from] Grassy Terrain\n|-heal|p2b: Zamazenta|59/100|[from] Grassy Terrain\n|upkeep\n|turn|3\n|inactive|VJ2511 has 30 seconds left.\n|\n|t:|1768411797\n|move|p2b: Zamazenta|Protect|p2b: Zamazenta\n|-singleturn|p2b: Zamazenta|Protect\n|move|p1a: Calyrex|Glacial Lance|p2a: Raging Bolt|[spread] p2a\n|-activate|p2b: Zamazenta|move: Protect\n|-supereffective|p2a: Raging Bolt\n|-damage|p2a: Raging Bolt|15/100\n|move|p1b: Incineroar|U-turn|p2a: Raging Bolt\n|-damage|p2a: Raging Bolt|0 fnt\n|faint|p2a: Raging Bolt\n|-end|p2a: Raging Bolt|Protosynthesis|[silent]\n|\n|t:|1768411807\n|switch|p1b: Landorus|Landorus, L50, M|100/100|[from] U-turn\n|\n|-heal|p1a: Calyrex|55/100|[from] Grassy Terrain\n|-heal|p1a: Calyrex|60/100|[from] item: Leftovers\n|-heal|p2b: Zamazenta|65/100|[from] Grassy Terrain\n|upkeep\n|\n|t:|1768411809\n|switch|p2a: Calyrex|Calyrex-Shadow, L50|100/100\n|-ability|p2a: Calyrex|As One\n|-ability|p2a: Calyrex|Unnerve\n|turn|4\n|\n|t:|1768411829\n|-terastallize|p1a: Calyrex|Water\n|move|p2b: Zamazenta|Wide Guard|p2b: Zamazenta\n|-singleturn|p2b: Zamazenta|Wide Guard\n|move|p1a: Calyrex|Leech Seed|p2a: Calyrex\n|-start|p2a: Calyrex|move: Leech Seed\n|move|p1b: Landorus|Earth Power|p2b: Zamazenta\n|-supereffective|p2b: Zamazenta\n|-damage|p2b: Zamazenta|0 fnt\n|faint|p2b: Zamazenta\n|move|p2a: Calyrex|Astral Barrage|p1b: Landorus|[spread] p1a,p1b\n|-damage|p1a: Calyrex|15/100\n|-damage|p1b: Landorus|19/100\n|-damage|p2a: Calyrex|91/100|[from] item: Life Orb\n|\n|-heal|p1a: Calyrex|21/100|[from] Grassy Terrain\n|-heal|p1a: Calyrex|27/100|[from] item: Leftovers\n|-heal|p2a: Calyrex|97/100|[from] Grassy Terrain\n|-damage|p2a: Calyrex|85/100|[from] Leech Seed|[of] p1a: Calyrex\n|-heal|p1a: Calyrex|37/100|[silent]\n|upkeep\n|\n|t:|1768411847\n|switch|p2b: Rillaboom|Rillaboom, L50, M, shiny|100/100\n|turn|5\n|\n|t:|1768411853\n|move|p1a: Calyrex|Protect|p1a: Calyrex\n|-singleturn|p1a: Calyrex|Protect\n|move|p1b: Landorus|Protect|p1b: Landorus\n|-singleturn|p1b: Landorus|Protect\n|move|p2b: Rillaboom|Fake Out|p1a: Calyrex\n|-activate|p1a: Calyrex|move: Protect\n|move|p2a: Calyrex|Astral Barrage|p1b: Landorus|[spread] \n|-activate|p1a: Calyrex|move: Protect\n|-activate|p1b: Landorus|move: Protect\n|\n|-heal|p1a: Calyrex|43/100|[from] Grassy Terrain\n|-heal|p1a: Calyrex|49/100|[from] item: Leftovers\n|-heal|p2a: Calyrex|91/100|[from] Grassy Terrain\n|-damage|p2a: Calyrex|79/100|[from] Leech Seed|[of] p1a: Calyrex\n|-heal|p1a: Calyrex|59/100|[silent]\n|-fieldend|move: Grassy Terrain\n|upkeep\n|turn|6\n|\n|t:|1768411873\n|move|p2a: Calyrex|Protect|p2a: Calyrex\n|-singleturn|p2a: Calyrex|Protect\n|move|p1a: Calyrex|Glacial Lance|p2b: Rillaboom|[spread] p2b\n|-activate|p2a: Calyrex|move: Protect\n|-supereffective|p2b: Rillaboom\n|-damage|p2b: Rillaboom|0 fnt\n|faint|p2b: Rillaboom\n|-ability|p1a: Calyrex|Chilling Neigh|boost\n|-boost|p1a: Calyrex|atk|1\n|move|p1b: Landorus|Earth Power|p2a: Calyrex\n|-activate|p2a: Calyrex|move: Protect\n|\n|-heal|p1a: Calyrex|65/100|[from] item: Leftovers\n|-damage|p2a: Calyrex|66/100|[from] Leech Seed|[of] p1a: Calyrex\n|-heal|p1a: Calyrex|76/100|[silent]\n|-fieldend|move: Trick Room\n|upkeep\n|turn|7\n|\n|t:|1768411884\n|-terastallize|p2a: Calyrex|Dark\n|move|p1b: Landorus|Protect|p1b: Landorus\n|-singleturn|p1b: Landorus|Protect\n|move|p1a: Calyrex|Protect|p1a: Calyrex\n|-singleturn|p1a: Calyrex|Protect\n|move|p2a: Calyrex|Astral Barrage|p1b: Landorus|[spread] \n|-activate|p1a: Calyrex|move: Protect\n|-activate|p1b: Landorus|move: Protect\n|\n|-heal|p1a: Calyrex|82/100|[from] item: Leftovers\n|-damage|p2a: Calyrex|54/100|[from] Leech Seed|[of] p1a: Calyrex\n|-heal|p1a: Calyrex|92/100|[silent]\n|upkeep\n|turn|8\n|\n|t:|1768411898\n|move|p2a: Calyrex|Astral Barrage|p1a: Calyrex|[spread] p1a,p1b\n|-damage|p1a: Calyrex|52/100\n|-damage|p1b: Landorus|0 fnt\n|faint|p1b: Landorus\n|-ability|p2a: Calyrex|Grim Neigh|boost\n|-boost|p2a: Calyrex|spa|1\n|-damage|p2a: Calyrex|45/100|[from] item: Life Orb\n|move|p1a: Calyrex|Glacial Lance|p2a: Calyrex\n|-damage|p2a: Calyrex|0 fnt\n|faint|p2a: Calyrex\n|\n|win|VJ2511\n","uploadtime":1768411907,"views":15,"formatid":"gen9vgc2026regi","rating":null,"private":0,"password":null}