{"id":"gen9vgc2026regi-2586748924","format":"[Gen 9] VGC 2026 Reg I","players":["darkrai (fr)","BenSon_A27_Zong"],"log":"|j|\u2606darkrai (fr)\n|j|\u2606BenSon_A27_Zong\n|t:|1776456860\n|gametype|doubles\n|player|p1|darkrai (fr)|rocketgrunt|1276\n|player|p2|BenSon_A27_Zong|bugsy|1175\n|gen|9\n|tier|[Gen 9] VGC 2026 Reg I\n|rated|\n|rule|Species Clause: Limit one of each Pok\u00e9mon\n|rule|Item Clause: Limit 1 of each item\n|clearpoke\n|poke|p1|Kyurem-White, L50|\n|poke|p1|Ninetales-Alola, L50, M|\n|poke|p1|Chi-Yu, L50|\n|poke|p1|Ho-Oh, L50|\n|poke|p1|Rillaboom, L50, F|\n|poke|p1|Urshifu-*, L50, F|\n|poke|p2|Muk-Alola, L50, F|\n|poke|p2|Dondozo, L50, F|\n|poke|p2|Grimmsnarl, L50, M|\n|poke|p2|Incineroar, L50, F|\n|poke|p2|Tatsugiri, L50, F|\n|poke|p2|Smeargle, L50, M|\n|teampreview|4\n|inactive|Battle timer is ON: inactive players will automatically lose when time's up. (requested by BenSon_A27_Zong)\n|\n|t:|1776456880\n|teamsize|p1|4\n|teamsize|p2|4\n|start\n|switch|p1a: Urshifu|Urshifu-Rapid-Strike, L50, F|100/100\n|switch|p1b: Rillaboom|Rillaboom, L50, F|100/100\n|switch|p2a: Incineroar|Incineroar, L50, F|100/100\n|switch|p2b: Grimmsnarl|Grimmsnarl, L50, M|100/100\n|-fieldstart|move: Grassy Terrain|[from] ability: Grassy Surge|[of] p1b: Rillaboom\n|-ability|p2a: Incineroar|Intimidate|boost\n|-unboost|p1a: Urshifu|atk|1\n|-unboost|p1b: Rillaboom|atk|1\n|turn|1\n|\n|t:|1776456893\n|move|p1a: Urshifu|Detect|p1a: Urshifu\n|-singleturn|p1a: Urshifu|Protect\n|move|p1b: Rillaboom|Fake Out|p2b: Grimmsnarl\n|-crit|p2b: Grimmsnarl\n|-damage|p2b: Grimmsnarl|78/100\n|cant|p2b: Grimmsnarl|flinch\n|move|p2a: Incineroar|Roar|p1a: Urshifu\n|drag|p1a: Ninetales|Ninetales-Alola, L50, M|100/100\n|-weather|Snowscape|[from] ability: Snow Warning|[of] p1a: Ninetales\n|\n|-weather|Snowscape|[upkeep]\n|-heal|p2b: Grimmsnarl|84/100|[from] Grassy Terrain\n|upkeep\n|turn|2\n|inactive|darkrai (fr) has 30 seconds left.\n|\n|t:|1776456925\n|move|p2b: Grimmsnarl|Light Screen|p2b: Grimmsnarl\n|-sidestart|p2: BenSon_A27_Zong|move: Light Screen\n|move|p1a: Ninetales|Icy Wind|p2b: Grimmsnarl|[spread] p2a,p2b\n|-resisted|p2a: Incineroar\n|-damage|p2a: Incineroar|98/100\n|-damage|p2b: Grimmsnarl|75/100\n|-unboost|p2a: Incineroar|spe|1\n|-unboost|p2b: Grimmsnarl|spe|1\n|move|p1b: Rillaboom|U-turn|p2a: Incineroar\n|-damage|p2a: Incineroar|85/100\n|\n|t:|1776456936\n|switch|p1b: Urshifu|Urshifu-Rapid-Strike, L50, F|100/100|[from] U-turn\n|move|p2a: Incineroar|Snarl|p1b: Urshifu|[spread] p1a\n|-miss|p2a: Incineroar|p1b: Urshifu\n|-resisted|p1a: Ninetales\n|-damage|p1a: Ninetales|95/100\n|-unboost|p1a: Ninetales|spa|1\n|\n|-weather|Snowscape|[upkeep]\n|-heal|p1a: Ninetales|100/100|[from] Grassy Terrain\n|-heal|p2b: Grimmsnarl|81/100|[from] Grassy Terrain\n|-heal|p2a: Incineroar|91/100|[from] Grassy Terrain\n|upkeep\n|turn|3\n|\n|t:|1776456954\n|move|p2b: Grimmsnarl|Reflect|p2b: Grimmsnarl\n|-sidestart|p2: BenSon_A27_Zong|Reflect\n|move|p1a: Ninetales|Aurora Veil|p1a: Ninetales\n|-sidestart|p1: darkrai (fr)|move: Aurora Veil\n|move|p1b: Urshifu|Surging Strikes|p2a: Incineroar\n|-supereffective|p2a: Incineroar\n|-crit|p2a: Incineroar\n|-damage|p2a: Incineroar|46/100\n|-enditem|p2a: Incineroar|Sitrus Berry|[eat]\n|-heal|p2a: Incineroar|71/100|[from] item: Sitrus Berry\n|-supereffective|p2a: Incineroar\n|-crit|p2a: Incineroar\n|-damage|p2a: Incineroar|25/100\n|-supereffective|p2a: Incineroar\n|-crit|p2a: Incineroar\n|-damage|p2a: Incineroar|0 fnt\n|faint|p2a: Incineroar\n|-hitcount|p2: Incineroar|3\n|\n|-weather|Snowscape|[upkeep]\n|-heal|p2b: Grimmsnarl|87/100|[from] Grassy Terrain\n|upkeep\n|\n|t:|1776456962\n|switch|p2a: Muk|Muk-Alola, L50, F|100/100\n|turn|4\n|\n|t:|1776456985\n|switch|p1a: Kyurem|Kyurem-White, L50|100/100\n|-ability|p1a: Kyurem|Turboblaze\n|move|p1b: Urshifu|Surging Strikes|p2a: Muk\n|-crit|p2a: Muk\n|-damage|p2a: Muk|83/100\n|-crit|p2a: Muk\n|-damage|p2a: Muk|64/100\n|-crit|p2a: Muk\n|-damage|p2a: Muk|48/100\n|-hitcount|p2a: Muk|3\n|move|p2a: Muk|Minimize|p2a: Muk\n|-boost|p2a: Muk|evasion|2\n|move|p2b: Grimmsnarl|Spirit Break|p1b: Urshifu\n|-supereffective|p1b: Urshifu\n|-crit|p1b: Urshifu\n|-enditem|p1b: Urshifu|Focus Sash\n|-damage|p1b: Urshifu|1/100\n|-unboost|p1b: Urshifu|spa|1\n|\n|-weather|Snowscape|[upkeep]\n|-heal|p1b: Urshifu|7/100|[from] Grassy Terrain\n|-heal|p2a: Muk|54/100|[from] Grassy Terrain\n|-heal|p2a: Muk|60/100|[from] item: Leftovers\n|-heal|p2b: Grimmsnarl|93/100|[from] Grassy Terrain\n|upkeep\n|turn|5\n|\n|t:|1776457010\n|move|p1b: Urshifu|Close Combat|p2a: Muk|[miss]\n|-miss|p1b: Urshifu|p2a: Muk\n|move|p1a: Kyurem|Blizzard|p2a: Muk|[spread] p2a,p2b\n|-damage|p2a: Muk|22/100\n|-damage|p2b: Grimmsnarl|36/100\n|-damage|p1a: Kyurem|91/100|[from] item: Life Orb\n|move|p2a: Muk|Minimize|p2a: Muk\n|-boost|p2a: Muk|evasion|2\n|move|p2b: Grimmsnarl|Spirit Break|p1b: Urshifu\n|-supereffective|p1b: Urshifu\n|-crit|p1b: Urshifu\n|-damage|p1b: Urshifu|0 fnt\n|faint|p1b: Urshifu\n|\n|-weather|none\n|-heal|p1a: Kyurem|97/100|[from] Grassy Terrain\n|-heal|p2a: Muk|28/100|[from] Grassy Terrain\n|-heal|p2a: Muk|34/100|[from] item: Leftovers\n|-heal|p2b: Grimmsnarl|42/100|[from] Grassy Terrain\n|-fieldend|move: Grassy Terrain\n|upkeep\n|\n|t:|1776457029\n|switch|p1b: Ninetales|Ninetales-Alola, L50, M|100/100\n|-weather|Snowscape|[from] ability: Snow Warning|[of] p1b: Ninetales\n|turn|6\n|\n|t:|1776457037\n|move|p2a: Muk|Protect|p2a: Muk\n|-singleturn|p2a: Muk|Protect\n|move|p1b: Ninetales|Blizzard|p2a: Muk|[spread] p2b\n|-activate|p2a: Muk|move: Protect\n|-damage|p2b: Grimmsnarl|25/100\n|move|p1a: Kyurem|Blizzard|p2a: Muk|[spread] p2b\n|-activate|p2a: Muk|move: Protect\n|-damage|p2b: Grimmsnarl|0 fnt\n|faint|p2b: Grimmsnarl\n|-ability|p2a: Muk|Prankster|Power of Alchemy|[from] ability: Power of Alchemy|[of] p2b: Grimmsnarl\n|-damage|p1a: Kyurem|87/100|[from] item: Life Orb\n|\n|-weather|Snowscape|[upkeep]\n|-heal|p2a: Muk|41/100|[from] item: Leftovers\n|upkeep\n|\n|t:|1776457039\n|switch|p2b: Smeargle|Smeargle, L50, M|100/100\n|turn|7\n|\n|t:|1776457063\n|move|p2b: Smeargle|Wide Guard|p2b: Smeargle\n|-singleturn|p2b: Smeargle|Wide Guard\n|move|p2a: Muk|Minimize|p2a: Muk\n|-boost|p2a: Muk|evasion|2\n|move|p1b: Ninetales|Blizzard|p2a: Muk|[spread] \n|-activate|p2a: Muk|move: Wide Guard\n|-activate|p2b: Smeargle|move: Wide Guard\n|move|p1a: Kyurem|Earth Power|p2a: Muk\n|-supereffective|p2a: Muk\n|-damage|p2a: Muk|0 fnt\n|faint|p2a: Muk\n|-damage|p1a: Kyurem|77/100|[from] item: Life Orb\n|\n|-weather|Snowscape|[upkeep]\n|-ability|p2b: Smeargle|Moody|boost\n|-boost|p2b: Smeargle|spe|2\n|-unboost|p2b: Smeargle|atk|1\n|upkeep\n|turn|8\n|-message|BenSon_A27_Zong forfeited.\n|\n|win|darkrai (fr)\n|raw|darkrai (fr)'s rating: 1276 &rarr; <strong>1294</strong><br />(+18 for winning)\n|raw|BenSon_A27_Zong's rating: 1175 &rarr; <strong>1157</strong><br />(-18 for losing)\n|l|\u2606BenSon_A27_Zong\n|player|p2|\n|l|\u2606darkrai (fr)\n|player|p1|\n","uploadtime":1776457253,"views":7,"formatid":"gen9vgc2026regi","rating":1157,"private":0,"password":null}