{"id":"gen9vgc2026regi-2522522937","format":"[Gen 9] VGC 2026 Reg I","players":["kelii","xiaoliyunVGC"],"log":"|j|\u2606kelii\n|j|\u2606xiaoliyunVGC\n|t:|1768919063\n|gametype|doubles\n|player|p1|kelii|102|1354\n|player|p2|xiaoliyunVGC|liko|1356\n|gen|9\n|tier|[Gen 9] VGC 2026 Reg I\n|rated|\n|rule|Species Clause: Limit one of each Pok\u00e9mon\n|rule|Item Clause: Limit 1 of each item\n|clearpoke\n|poke|p1|Miraidon, L50|\n|poke|p1|Groudon, L50|\n|poke|p1|Raging Bolt, L50|\n|poke|p1|Farigiraf, L50, F|\n|poke|p1|Grimmsnarl, L50, M|\n|poke|p1|Incineroar, L50, F|\n|poke|p2|Zamazenta-*, L50|\n|poke|p2|Kyogre, L50|\n|poke|p2|Raichu, L50, F|\n|poke|p2|Flutter Mane, L50|\n|poke|p2|Tornadus, L50, M|\n|poke|p2|Kingambit, L50, M|\n|teampreview|4\n|inactive|Battle timer is ON: inactive players will automatically lose when time's up. (requested by xiaoliyunVGC)\n|inactive|xiaoliyunVGC has 60 seconds left.\n|\n|t:|1768919123\n|teamsize|p1|4\n|teamsize|p2|4\n|start\n|switch|p1a: Grimmsnarl|Grimmsnarl, L50, M, shiny|100/100\n|switch|p1b: John Drift|Miraidon, L50, shiny|100/100\n|switch|p2a: Zamazenta|Zamazenta-Crowned, L50, shiny|100/100\n|switch|p2b: Raichu|Raichu, L50, F|100/100\n|-fieldstart|move: Electric Terrain|[from] ability: Hadron Engine|[of] p1b: John Drift\n|-ability|p2a: Zamazenta|Dauntless Shield|boost\n|-boost|p2a: Zamazenta|def|1\n|turn|1\n|\n|t:|1768919146\n|move|p2b: Raichu|Fake Out|p1a: Grimmsnarl\n|-damage|p1a: Grimmsnarl|91/100\n|cant|p1a: Grimmsnarl|flinch\n|move|p1b: John Drift|Overheat|p2a: Zamazenta\n|-supereffective|p2a: Zamazenta\n|-damage|p2a: Zamazenta|17/100\n|-unboost|p1b: John Drift|spa|2\n|move|p2a: Zamazenta|Body Press|p1b: John Drift\n|-damage|p1b: John Drift|33/100\n|\n|upkeep\n|turn|2\n|inactive|kelii has 30 seconds left.\n|inactive|xiaoliyunVGC has 30 seconds left.\n|\n|t:|1768919178\n|switch|p2b: Kyogre|Kyogre, L50|100/100\n|-weather|RainDance|[from] ability: Drizzle|[of] p2b: Kyogre\n|-terastallize|p2a: Zamazenta|Fighting\n|move|p1a: Grimmsnarl|Light Screen|p1a: Grimmsnarl\n|-sidestart|p1: kelii|move: Light Screen\n|move|p1b: John Drift|Snarl|p2a: Zamazenta|[spread] p2a,p2b\n|-resisted|p2a: Zamazenta\n|-damage|p2a: Zamazenta|14/100\n|-damage|p2b: Kyogre|93/100\n|-unboost|p2a: Zamazenta|spa|1\n|-unboost|p2b: Kyogre|spa|1\n|move|p2a: Zamazenta|Body Press|p1b: John Drift\n|-damage|p1b: John Drift|0 fnt\n|faint|p1b: John Drift\n|\n|-weather|RainDance|[upkeep]\n|upkeep\n|\n|t:|1768919193\n|switch|p1b: Groujohn|Groudon, L50, shiny|100/100\n|-weather|SunnyDay|[from] ability: Drought|[of] p1b: Groujohn\n|turn|3\n|\n|t:|1768919213\n|switch|p2b: Raichu|Raichu, L50, F|100/100\n|move|p2a: Zamazenta|Behemoth Bash|p1a: Grimmsnarl\n|-supereffective|p1a: Grimmsnarl\n|-damage|p1a: Grimmsnarl|11/100\n|move|p1b: Groujohn|Precipice Blades|p2a: Zamazenta|[spread] p2a,p2b\n|-supereffective|p2b: Raichu\n|-damage|p2a: Zamazenta|0 fnt\n|-enditem|p2b: Raichu|Focus Sash\n|-damage|p2b: Raichu|1/100\n|faint|p2a: Zamazenta\n|move|p1a: Grimmsnarl|Spirit Break|p2b: Raichu\n|-damage|p2b: Raichu|0 fnt\n|faint|p2b: Raichu\n|\n|-weather|SunnyDay|[upkeep]\n|upkeep\n|\n|t:|1768919224\n|switch|p2b: Flutter Mane|Flutter Mane, L50|100/100\n|switch|p2a: Kyogre|Kyogre, L50|93/100\n|-weather|RainDance|[from] ability: Drizzle|[of] p2a: Kyogre\n|-enditem|p2b: Flutter Mane|Booster Energy\n|-activate|p2b: Flutter Mane|ability: Protosynthesis|[fromitem]\n|-start|p2b: Flutter Mane|protosynthesisspe\n|turn|4\n|\n|t:|1768919237\n|move|p1a: Grimmsnarl|Light Screen||[still]\n|-fail|p1a: Grimmsnarl\n|move|p2b: Flutter Mane|Moonblast|p1b: Groujohn\n|-damage|p1b: Groujohn|72/100\n|-unboost|p1b: Groujohn|spa|1\n|move|p2a: Kyogre|Water Spout|p1b: Groujohn|[spread] p1a,p1b\n|-supereffective|p1b: Groujohn\n|-damage|p1a: Grimmsnarl|0 fnt\n|-damage|p1b: Groujohn|0 fnt\n|faint|p1a: Grimmsnarl\n|faint|p1b: Groujohn\n|\n|-weather|RainDance|[upkeep]\n|upkeep\n|\n|t:|1768919246\n|switch|p1b: Long John|Farigiraf, L50, F, shiny|100/100\n|-enditem|p1b: Long John|Electric Seed\n|-boost|p1b: Long John|def|1|[from] item: Electric Seed\n|turn|5\n|-message|kelii forfeited.\n|\n|win|xiaoliyunVGC\n|raw|kelii's rating: 1354 &rarr; <strong>1334</strong><br />(-20 for losing)\n|raw|xiaoliyunVGC's rating: 1356 &rarr; <strong>1376</strong><br />(+20 for winning)\n|l|\u2606kelii\n|player|p1|\n|l|\u2606xiaoliyunVGC\n|player|p2|\n","uploadtime":1768919507,"views":14,"formatid":"gen9vgc2026regi","rating":1334,"private":0,"password":null}