{"id":"gen9vgc2026regi-2519269154","format":"[Gen 9] VGC 2026 Reg I","players":["ky123456","paradox franco"],"log":"|j|\u2606ky123456\n|j|\u2606paradox franco\n|t:|1768490629\n|gametype|doubles\n|player|p1|ky123456|cynthia-gen4|1373\n|player|p2|paradox franco|elesa|1328\n|gen|9\n|tier|[Gen 9] VGC 2026 Reg I\n|rated|\n|rule|Species Clause: Limit one of each Pok\u00e9mon\n|rule|Item Clause: Limit 1 of each item\n|clearpoke\n|poke|p1|Miraidon, L50|\n|poke|p1|Incineroar, L50, M|\n|poke|p1|Calyrex-Ice, L50|\n|poke|p1|Landorus, L50, M|\n|poke|p1|Urshifu-*, L50, M|\n|poke|p1|Grimmsnarl, L50, M|\n|poke|p2|Calyrex-Shadow, L50|\n|poke|p2|Zamazenta-*, L50|\n|poke|p2|Raging Bolt, L50|\n|poke|p2|Urshifu-*, L50, F|\n|poke|p2|Dragonite, L50, M|\n|poke|p2|Weezing-Galar, L50, F|\n|teampreview|4\n|\n|t:|1768490657\n|teamsize|p1|4\n|teamsize|p2|4\n|start\n|switch|p1a: Calyrex|Calyrex-Ice, L50|100/100\n|switch|p1b: Grimmsnarl|Grimmsnarl, L50, M|100/100\n|switch|p2a: Calyrex|Calyrex-Shadow, L50|100/100\n|switch|p2b: Weezing|Weezing-Galar, L50, F|100/100\n|-ability|p2b: Weezing|Neutralizing Gas\n|-ability|p2a: Calyrex|As One\n|-ability|p2a: Calyrex|Unnerve\n|-ability|p1a: Calyrex|As One\n|-ability|p1a: Calyrex|Unnerve\n|turn|1\n|\n|t:|1768490687\n|-terastallize|p1a: Calyrex|Water\n|move|p2a: Calyrex|Astral Barrage|p1b: Grimmsnarl|[spread] p1a,p1b\n|-resisted|p1b: Grimmsnarl\n|-damage|p1a: Calyrex|67/100\n|-damage|p1b: Grimmsnarl|75/100\n|move|p2b: Weezing|Poison Gas|p1b: Grimmsnarl|[spread] p1a,p1b\n|-status|p1a: Calyrex|psn\n|-status|p1b: Grimmsnarl|psn\n|move|p1b: Grimmsnarl|Light Screen|p1b: Grimmsnarl\n|-sidestart|p1: ky123456|move: Light Screen\n|move|p1a: Calyrex|Trick Room|p1a: Calyrex\n|-fieldstart|move: Trick Room|[of] p1a: Calyrex\n|\n|-heal|p1a: Calyrex|73/100 psn|[from] item: Leftovers\n|-damage|p1a: Calyrex|61/100 psn|[from] psn\n|-damage|p1b: Grimmsnarl|63/100 psn|[from] psn\n|upkeep\n|turn|2\n|\n|t:|1768490706\n|move|p2a: Calyrex|Protect|p2a: Calyrex\n|-singleturn|p2a: Calyrex|Protect\n|move|p1a: Calyrex|Glacial Lance|p2a: Calyrex|[spread] p2b\n|-activate|p2a: Calyrex|move: Protect\n|-damage|p2b: Weezing|56/100\n|move|p1b: Grimmsnarl|Spirit Break|p2a: Calyrex\n|-activate|p2a: Calyrex|move: Protect\n|move|p2b: Weezing|Sludge Bomb|p1a: Calyrex\n|-damage|p1a: Calyrex|49/100 psn\n|\n|-heal|p1a: Calyrex|55/100 psn|[from] item: Leftovers\n|-damage|p1a: Calyrex|43/100 psn|[from] psn\n|-damage|p1b: Grimmsnarl|51/100 psn|[from] psn\n|upkeep\n|turn|3\n|\n|t:|1768490717\n|move|p2b: Weezing|Protect|p2b: Weezing\n|-singleturn|p2b: Weezing|Protect\n|move|p1a: Calyrex|Glacial Lance|p2b: Weezing|[spread] p2a\n|-activate|p2b: Weezing|move: Protect\n|-damage|p2a: Calyrex|31/100\n|move|p1b: Grimmsnarl|Spirit Break|p2a: Calyrex\n|-damage|p2a: Calyrex|0 fnt\n|faint|p2a: Calyrex\n|\n|-heal|p1a: Calyrex|49/100 psn|[from] item: Leftovers\n|-damage|p1a: Calyrex|37/100 psn|[from] psn\n|-damage|p1b: Grimmsnarl|39/100 psn|[from] psn\n|upkeep\n|\n|t:|1768490722\n|switch|p2a: Dragonite|Dragonite, L50, M|100/100\n|turn|4\n|\n|t:|1768490744\n|-terastallize|p2a: Dragonite|Normal\n|move|p2a: Dragonite|Extreme Speed|p1a: Calyrex\n|-damage|p1a: Calyrex|0 fnt\n|faint|p1a: Calyrex\n|move|p2b: Weezing|Sludge Bomb|p1b: Grimmsnarl\n|-supereffective|p1b: Grimmsnarl\n|-damage|p1b: Grimmsnarl|9/100 psn\n|move|p1b: Grimmsnarl|Reflect|p1b: Grimmsnarl\n|-sidestart|p1: ky123456|Reflect\n|\n|-damage|p1b: Grimmsnarl|0 fnt|[from] psn\n|faint|p1b: Grimmsnarl\n|upkeep\n|\n|t:|1768490749\n|switch|p1a: Miraidon|Miraidon, L50, shiny|100/100\n|switch|p1b: Landorus|Landorus, L50, M|100/100\n|turn|5\n|\n|t:|1768490762\n|move|p2a: Dragonite|Extreme Speed|p1b: Landorus\n|-damage|p1b: Landorus|50/100\n|move|p2b: Weezing|Poison Gas|p1b: Landorus|[spread] p1a,p1b\n|-status|p1a: Miraidon|psn\n|-status|p1b: Landorus|psn\n|move|p1b: Landorus|Sandsear Storm|p2b: Weezing|[spread] p2a,p2b\n|-supereffective|p2b: Weezing\n|-damage|p2a: Dragonite|58/100\n|-damage|p2b: Weezing|0 fnt\n|faint|p2b: Weezing\n|-end|p2b: Weezing|ability: Neutralizing Gas\n|-fieldstart|move: Electric Terrain|[from] ability: Hadron Engine|[of] p1a: Miraidon\n|-damage|p1b: Landorus|40/100 psn|[from] item: Life Orb\n|move|p1a: Miraidon|Electro Drift|p2a: Dragonite\n|-damage|p2a: Dragonite|0 fnt\n|faint|p2a: Dragonite\n|\n|-damage|p1b: Landorus|28/100 psn|[from] psn\n|-damage|p1a: Miraidon|88/100 psn|[from] psn\n|-fieldend|move: Trick Room\n|upkeep\n|\n|t:|1768490768\n|switch|p2b: Zamazenta|Zamazenta-Crowned, L50|100/100\n|-ability|p2b: Zamazenta|Dauntless Shield|boost\n|-boost|p2b: Zamazenta|def|1\n|turn|6\n|\n|t:|1768490775\n|move|p2b: Zamazenta|Body Press|p1a: Miraidon\n|-damage|p1a: Miraidon|51/100 psn\n|move|p1a: Miraidon|Electro Drift|p2b: Zamazenta\n|-damage|p2b: Zamazenta|0 fnt\n|faint|p2b: Zamazenta\n|\n|win|ky123456\n|raw|ky123456's rating: 1373 &rarr; <strong>1390</strong><br />(+17 for winning)\n|raw|paradox franco's rating: 1328 &rarr; <strong>1311</strong><br />(-17 for losing)\n|l|\u2606paradox franco\n|player|p2|\n|l|\u2606ky123456\n|player|p1|\n","uploadtime":1768490925,"views":13,"formatid":"gen9vgc2026regi","rating":1311,"private":0,"password":null}