{"id":"gen9vgc2026regi-2586223261","format":"[Gen 9] VGC 2026 Reg I","players":["Sheevpnew","phoenix of rage"],"log":"|j|\u2606Sheevpnew\n|j|\u2606phoenix of rage\n|t:|1776414302\n|gametype|doubles\n|player|p1|Sheevpnew|265|1405\n|player|p2|phoenix of rage|benga|1341\n|gen|9\n|tier|[Gen 9] VGC 2026 Reg I\n|rated|\n|rule|Species Clause: Limit one of each Pok\u00e9mon\n|rule|Item Clause: Limit 1 of each item\n|clearpoke\n|poke|p1|Calyrex-Ice, L50|\n|poke|p1|Kyogre, L50|\n|poke|p1|Smeargle, L50, M|\n|poke|p1|Roaring Moon, L50|\n|poke|p1|Landorus, L50, M|\n|poke|p1|Ogerpon-Cornerstone, L50, F|\n|poke|p2|Lunala, L50|\n|poke|p2|Indeedee-F, L50, F|\n|poke|p2|Zoroark-Hisui, L50, M|\n|poke|p2|Zacian-*, L50|\n|poke|p2|Chi-Yu, L50|\n|poke|p2|Moltres-Galar, L50|\n|teampreview|4\n|inactive|Battle timer is ON: inactive players will automatically lose when time's up. (requested by phoenix of rage)\n|inactive|phoenix of rage has 60 seconds left.\n|inactive|phoenix of rage has 30 seconds left.\n|\n|t:|1776414364\n|teamsize|p1|4\n|teamsize|p2|4\n|start\n|switch|p1a: Smeargle|Smeargle, L50, M|100/100\n|switch|p1b: Kyogre|Kyogre, L50|100/100\n|switch|p2a: Chi-Yu|Chi-Yu, L50|100/100\n|switch|p2b: Lunala|Lunala, L50|100/100\n|-ability|p2a: Chi-Yu|Beads of Ruin\n|-weather|RainDance|[from] ability: Drizzle|[of] p1b: Kyogre\n|turn|1\n|\n|t:|1776414378\n|-terastallize|p2a: Chi-Yu|Ghost\n|move|p1a: Smeargle|Follow Me|p1a: Smeargle\n|-singleturn|p1a: Smeargle|move: Follow Me\n|move|p2a: Chi-Yu|Snarl|p1b: Kyogre|[spread] p1a,p1b\n|-crit|p1b: Kyogre\n|-damage|p1a: Smeargle|24/100\n|-damage|p1b: Kyogre|67/100\n|-unboost|p1a: Smeargle|spa|1\n|-unboost|p1b: Kyogre|spa|1\n|move|p2b: Lunala|Snarl|p1a: Smeargle|[spread] p1a,p1b\n|-damage|p1a: Smeargle|0 fnt\n|-damage|p1b: Kyogre|54/100\n|-unboost|p1b: Kyogre|spa|1\n|faint|p1a: Smeargle\n|move|p1b: Kyogre|Water Spout|p2a: Chi-Yu|[spread] p2a,p2b\n|-damage|p2a: Chi-Yu|63/100\n|-damage|p2b: Lunala|4/100\n|replace|p2b: Zoroark|Zoroark-Hisui, L50, M\n|-end|p2b: Zoroark|Illusion\n|\n|-weather|RainDance|[upkeep]\n|upkeep\n|\n|t:|1776414399\n|switch|p1a: Roaring Moon|Roaring Moon, L50|100/100\n|-enditem|p1a: Roaring Moon|Booster Energy\n|-activate|p1a: Roaring Moon|ability: Protosynthesis|[fromitem]\n|-start|p1a: Roaring Moon|protosynthesisspe\n|turn|2\n|\n|t:|1776414416\n|switch|p1b: Ogerpon|Ogerpon-Cornerstone, L50, F|100/100\n|move|p1a: Roaring Moon|Knock Off|p2a: Chi-Yu\n|-supereffective|p2a: Chi-Yu\n|-damage|p2a: Chi-Yu|0 fnt\n|-enditem|p2a: Chi-Yu|Choice Scarf|[from] move: Knock Off|[of] p1a: Roaring Moon\n|faint|p2a: Chi-Yu\n|move|p2b: Zoroark|Icy Wind|p1a: Roaring Moon|[spread] p1a,p1b\n|-supereffective|p1a: Roaring Moon\n|-supereffective|p1b: Ogerpon\n|-damage|p1a: Roaring Moon|68/100\n|-damage|p1b: Ogerpon|62/100\n|-unboost|p1a: Roaring Moon|spe|1\n|-unboost|p1b: Ogerpon|spe|1\n|\n|-weather|RainDance|[upkeep]\n|upkeep\n|\n|t:|1776414434\n|switch|p2a: Zacian|Zacian-Crowned, L50|100/100\n|-ability|p2a: Zacian|Intrepid Sword|boost\n|-boost|p2a: Zacian|atk|1\n|turn|3\n|inactive|phoenix of rage has 30 seconds left.\n|\n|t:|1776414468\n|move|p1b: Ogerpon|Follow Me|p1b: Ogerpon\n|-singleturn|p1b: Ogerpon|move: Follow Me\n|move|p2a: Zacian|Play Rough|p1b: Ogerpon\n|-crit|p1b: Ogerpon\n|-damage|p1b: Ogerpon|0 fnt\n|faint|p1b: Ogerpon\n|move|p1a: Roaring Moon|Tailwind|p1a: Roaring Moon\n|-sidestart|p1: Sheevpnew|move: Tailwind\n|move|p2b: Zoroark|Icy Wind|p1a: Roaring Moon\n|-supereffective|p1a: Roaring Moon\n|-damage|p1a: Roaring Moon|30/100\n|-unboost|p1a: Roaring Moon|spe|1\n|\n|-weather|RainDance|[upkeep]\n|upkeep\n|\n|t:|1776414478\n|switch|p1b: Kyogre|Kyogre, L50|54/100\n|turn|4\n|\n|t:|1776414490\n|move|p1a: Roaring Moon|Acrobatics|p2a: Zacian\n|-resisted|p2a: Zacian\n|-damage|p2a: Zacian|84/100\n|move|p1b: Kyogre|Origin Pulse|p2b: Zoroark|[spread] p2a,p2b\n|-damage|p2a: Zacian|8/100\n|-damage|p2b: Zoroark|0 fnt\n|faint|p2b: Zoroark\n|move|p2a: Zacian|Play Rough|p1b: Kyogre\n|-damage|p1b: Kyogre|0 fnt\n|faint|p1b: Kyogre\n|\n|-weather|RainDance|[upkeep]\n|upkeep\n|\n|t:|1776414501\n|switch|p2b: Lunala|Lunala, L50|100/100\n|turn|5\n|-message|Sheevpnew forfeited.\n|\n|win|phoenix of rage\n|raw|Sheevpnew's rating: 1405 &rarr; <strong>1381</strong><br />(-24 for losing)\n|raw|phoenix of rage's rating: 1341 &rarr; <strong>1365</strong><br />(+24 for winning)\n|l|\u2606Sheevpnew\n|player|p1|\n","uploadtime":1776414507,"views":11,"formatid":"gen9vgc2026regi","rating":1365,"private":0,"password":null}