{"id":"gen9vgc2026regi-2527924127","format":"[Gen 9] VGC 2026 Reg I","players":["ky123456","we all hate ursf"],"log":"|j|\u2606ky123456\n|j|\u2606we all hate ursf\n|t:|1769600828\n|gametype|doubles\n|player|p1|ky123456|cynthia-gen4|1522\n|player|p2|we all hate ursf|shadowtriad|1451\n|gen|9\n|tier|[Gen 9] VGC 2026 Reg I\n|rated|\n|rule|Species Clause: Limit one of each Pok\u00e9mon\n|rule|Item Clause: Limit 1 of each item\n|clearpoke\n|poke|p1|Kyogre, L50|\n|poke|p1|Calyrex-Ice, L50|\n|poke|p1|Grimmsnarl, L50, M|\n|poke|p1|Rillaboom, L50, M|\n|poke|p1|Landorus, L50, M|\n|poke|p1|Urshifu-*, L50, F|\n|poke|p2|Calyrex-Shadow, L50|\n|poke|p2|Zamazenta-*, L50|\n|poke|p2|Incineroar, L50, F|\n|poke|p2|Raging Bolt, L50|\n|poke|p2|Whimsicott, L50, F|\n|poke|p2|Urshifu-*, L50, M|\n|teampreview|4\n|inactive|Battle timer is ON: inactive players will automatically lose when time's up. (requested by we all hate ursf)\n|\n|t:|1769600854\n|teamsize|p1|4\n|teamsize|p2|4\n|start\n|switch|p1a: Kyogre|Kyogre, L50|100/100\n|switch|p1b: Grimmsnarl|Grimmsnarl, L50, M|100/100\n|switch|p2a: Calyrex|Calyrex-Shadow, L50|100/100\n|switch|p2b: Whimsicott|Whimsicott, L50, F|100/100\n|-ability|p2a: Calyrex|As One\n|-ability|p2a: Calyrex|Unnerve\n|-weather|RainDance|[from] ability: Drizzle|[of] p1a: Kyogre\n|turn|1\n|\n|t:|1769600863\n|-terastallize|p2a: Calyrex|Stellar\n|move|p2b: Whimsicott|Fake Tears|p1a: Kyogre\n|-unboost|p1a: Kyogre|spd|2\n|move|p1b: Grimmsnarl|Light Screen|p1b: Grimmsnarl\n|-sidestart|p1: ky123456|move: Light Screen\n|move|p2a: Calyrex|Astral Barrage|p1b: Grimmsnarl|[spread] p1a,p1b\n|-resisted|p1b: Grimmsnarl\n|-damage|p1a: Kyogre|41/100\n|-damage|p1b: Grimmsnarl|64/100\n|-damage|p2a: Calyrex|91/100|[from] item: Life Orb\n|move|p1a: Kyogre|Origin Pulse|p2a: Calyrex|[spread] p2a,p2b\n|-resisted|p2b: Whimsicott\n|-damage|p2a: Calyrex|6/100\n|-damage|p2b: Whimsicott|8/100\n|\n|-weather|RainDance|[upkeep]\n|upkeep\n|turn|2\n|inactive|ky123456 has 30 seconds left.\n|inactive|ky123456 has 20 seconds left.\n|\n|t:|1769600902\n|move|p2b: Whimsicott|Tailwind|p2b: Whimsicott\n|-sidestart|p2: we all hate ursf|move: Tailwind\n|move|p2a: Calyrex|Astral Barrage|p1a: Kyogre|[spread] p1a,p1b\n|-resisted|p1b: Grimmsnarl\n|-damage|p1a: Kyogre|0 fnt\n|-damage|p1b: Grimmsnarl|39/100\n|faint|p1a: Kyogre\n|-ability|p2a: Calyrex|Grim Neigh|boost\n|-boost|p2a: Calyrex|spa|1\n|-damage|p2a: Calyrex|0 fnt|[from] item: Life Orb\n|faint|p2a: Calyrex\n|move|p1b: Grimmsnarl|Foul Play|p2b: Whimsicott\n|-resisted|p2b: Whimsicott\n|-damage|p2b: Whimsicott|0 fnt\n|faint|p2b: Whimsicott\n|\n|-weather|RainDance|[upkeep]\n|upkeep\n|\n|t:|1769600920\n|switch|p2a: Zamazenta|Zamazenta-Crowned, L50|100/100\n|switch|p2b: Urshifu|Urshifu-Rapid-Strike, L50, M|100/100\n|switch|p1a: Landorus|Landorus, L50, M|100/100\n|-ability|p2a: Zamazenta|Dauntless Shield|boost\n|-boost|p2a: Zamazenta|def|1\n|turn|3\n|\n|t:|1769600931\n|-terastallize|p1a: Landorus|Water\n|move|p1b: Grimmsnarl|Thunder Wave|p2a: Zamazenta\n|-status|p2a: Zamazenta|par\n|move|p2b: Urshifu|Surging Strikes|p1a: Landorus\n|-resisted|p1a: Landorus\n|-crit|p1a: Landorus\n|-damage|p1a: Landorus|85/100\n|-resisted|p1a: Landorus\n|-crit|p1a: Landorus\n|-damage|p1a: Landorus|70/100\n|-resisted|p1a: Landorus\n|-crit|p1a: Landorus\n|-damage|p1a: Landorus|54/100\n|-hitcount|p1a: Landorus|3\n|move|p2a: Zamazenta|Behemoth Bash|p1b: Grimmsnarl\n|-supereffective|p1b: Grimmsnarl\n|-damage|p1b: Grimmsnarl|0 fnt\n|faint|p1b: Grimmsnarl\n|move|p1a: Landorus|Earth Power|p2b: Urshifu\n|-damage|p2b: Urshifu|0 fnt\n|faint|p2b: Urshifu\n|\n|-weather|RainDance|[upkeep]\n|upkeep\n|\n|t:|1769600938\n|switch|p1b: Calyrex|Calyrex-Ice, L50|100/100\n|-ability|p1b: Calyrex|As One\n|-ability|p1b: Calyrex|Unnerve\n|turn|4\n|\n|t:|1769600947\n|move|p2a: Zamazenta|Body Press|p1a: Landorus\n|-damage|p1a: Landorus|0 fnt\n|faint|p1a: Landorus\n|move|p1b: Calyrex|Leech Seed|p2a: Zamazenta\n|-start|p2a: Zamazenta|move: Leech Seed\n|\n|-weather|RainDance|[upkeep]\n|-damage|p2a: Zamazenta|88/100 par|[from] Leech Seed|[of] p1b: Calyrex\n|upkeep\n|turn|5\n|\n|t:|1769600964\n|move|p1b: Calyrex|Protect|p1b: Calyrex\n|-singleturn|p1b: Calyrex|Protect\n|cant|p2a: Zamazenta|par\n|\n|-weather|none\n|-damage|p2a: Zamazenta|76/100 par|[from] Leech Seed|[of] p1b: Calyrex\n|-sideend|p2: we all hate ursf|move: Tailwind\n|upkeep\n|turn|6\n|\n|t:|1769600971\n|cant|p2a: Zamazenta|par\n|move|p1b: Calyrex|Trick Room|p1b: Calyrex\n|-fieldstart|move: Trick Room|[of] p1b: Calyrex\n|\n|-damage|p2a: Zamazenta|64/100 par|[from] Leech Seed|[of] p1b: Calyrex\n|upkeep\n|turn|7\n|\n|t:|1769600977\n|move|p1b: Calyrex|Protect|p1b: Calyrex\n|-singleturn|p1b: Calyrex|Protect\n|move|p2a: Zamazenta|Behemoth Bash|p1b: Calyrex\n|-activate|p1b: Calyrex|move: Protect\n|\n|-damage|p2a: Zamazenta|52/100 par|[from] Leech Seed|[of] p1b: Calyrex\n|upkeep\n|turn|8\n|\n|t:|1769600987\n|move|p1b: Calyrex|Glacial Lance|p2a: Zamazenta\n|-resisted|p2a: Zamazenta\n|-damage|p2a: Zamazenta|40/100 par\n|move|p2a: Zamazenta|Behemoth Bash|p1b: Calyrex\n|-supereffective|p1b: Calyrex\n|-damage|p1b: Calyrex|54/100\n|\n|-heal|p1b: Calyrex|60/100|[from] item: Leftovers\n|-damage|p2a: Zamazenta|28/100 par|[from] Leech Seed|[of] p1b: Calyrex\n|-heal|p1b: Calyrex|72/100|[silent]\n|-sideend|p1: ky123456|move: Light Screen\n|upkeep\n|turn|9\n|\n|t:|1769600994\n|move|p1b: Calyrex|Protect|p1b: Calyrex\n|-singleturn|p1b: Calyrex|Protect\n|move|p2a: Zamazenta|Body Press|p1b: Calyrex\n|-activate|p1b: Calyrex|move: Protect\n|\n|-heal|p1b: Calyrex|77/100|[from] item: Leftovers\n|-damage|p2a: Zamazenta|16/100 par|[from] Leech Seed|[of] p1b: Calyrex\n|-heal|p1b: Calyrex|89/100|[silent]\n|upkeep\n|turn|10\n|\n|t:|1769601003\n|move|p1b: Calyrex|Glacial Lance|p2a: Zamazenta\n|-resisted|p2a: Zamazenta\n|-damage|p2a: Zamazenta|2/100 par\n|move|p2a: Zamazenta|Body Press|p1b: Calyrex\n|-damage|p1b: Calyrex|47/100\n|\n|-heal|p1b: Calyrex|53/100|[from] item: Leftovers\n|-damage|p2a: Zamazenta|0 fnt|[from] Leech Seed|[of] p1b: Calyrex\n|-heal|p1b: Calyrex|54/100|[silent]\n|faint|p2a: Zamazenta\n|\n|win|ky123456\n|raw|ky123456's rating: 1522 &rarr; <strong>1538</strong><br />(+16 for winning)\n|raw|we all hate ursf's rating: 1451 &rarr; <strong>1435</strong><br />(-16 for losing)\n|l|\u2606we all hate ursf\n|player|p2|\n|l|\u2606ky123456\n|player|p1|\n","uploadtime":1769601203,"views":16,"formatid":"gen9vgc2026regi","rating":1435,"private":0,"password":null}