{"id":"gen9vgc2026regi-2576814908","format":"[Gen 9] VGC 2026 Reg I","players":["Bman311","KatKraydel"],"log":"|j|\u2606Bman311\n|j|\u2606KatKraydel\n|t:|1775507913\n|gametype|doubles\n|player|p1|Bman311|101|\n|player|p2|KatKraydel|lebanne|\n|gen|9\n|tier|[Gen 9] VGC 2026 Reg I\n|rated|Tournament battle\n|rule|Species Clause: Limit one of each Pok\u00e9mon\n|rule|Item Clause: Limit 1 of each item\n|raw|<div class=\"infobox\"><details class=\"readmore\" open><summary><strong>3 custom rules:</strong></summary> Open Team Sheets, Force Open Team Sheets, !Open Team Sheets</details></div>\n|clearpoke\n|poke|p1|Koraidon, L50|\n|poke|p1|Calyrex-Ice, L50|\n|poke|p1|Incineroar, L50, F|\n|poke|p1|Brute Bonnet, L50|\n|poke|p1|Flutter Mane, L50|\n|poke|p1|Raging Bolt, L50|\n|poke|p2|Calyrex-Shadow, L50|\n|poke|p2|Terapagos, L50, M|\n|poke|p2|Rillaboom, L50, F|\n|poke|p2|Whimsicott, L50, F|\n|poke|p2|Urshifu-*, L50, F|\n|poke|p2|Clefairy, L50, F|\n|teampreview|4\n|showteam|p1|Koraidon||LifeOrb|OrichalcumPulse|FlareBlitz,CloseCombat,FlameCharge,Protect||||||50|,,,,,Fire]Calyrex-Ice||ClearAmulet|AsOneGlastrier|GlacialLance,HighHorsepower,TrickRoom,Protect||||||50|,,,,,Water]Incineroar||AssaultVest|Intimidate|FakeOut,KnockOff,FlareBlitz,Uturn|||F|||50|,,,,,Grass]Brute Bonnet||CovertCloak|Protosynthesis|Spore,RagePowder,SeedBomb,SuckerPunch||||||50|,,,,,Water]Flutter Mane||FocusSash|Protosynthesis|Moonblast,ShadowBall,IcyWind,Taunt||||||50|,,,,,Stellar]Raging Bolt||SafetyGoggles|Protosynthesis|Thunderbolt,DracoMeteor,Thunderclap,Protect||||||50|,,,,,Electric\n|showteam|p2|Calyrex-Shadow||LifeOrb|AsOneSpectrier|AstralBarrage,Psychic,Substitute,Protect||||||50|,,,,,Dark]Terapagos||ChoiceSpecs|TeraShift|TeraStarstorm,EarthPower,DarkPulse,DazzlingGleam|||M|||50|,,,,,Stellar]Rillaboom||AssaultVest|GrassySurge|FakeOut,WoodHammer,GrassyGlide,Uturn|||F|||50|,,,,,Water]Whimsicott||CovertCloak|Prankster|Moonblast,Tailwind,Encore,FakeTears|||F|||50|,,,,,Water]Urshifu||FocusSash|UnseenFist|WickedBlow,CloseCombat,SuckerPunch,Protect|||F|||50|,,,,,Dark]Clefairy||Eviolite|FriendGuard|FollowMe,HelpingHand,AfterYou,Protect|||F|||50|,,,,,Grass\n|inactive|Battle timer is ON: inactive players will automatically lose when time's up. (requested by Bman311)\n|c|\u2606KatKraydel|!lastfm\n|c| KatKraydel|/raw <div class=\"infobox\"><table><tr><td style=\"padding-right:5px\"><img src=\"https://lastfm.freetls.fastly.net/i/u/174s/29349532b02716ae33d587f4ba7dab4f.png\" width=\"75\" height=\"75\" /></td><td><strong><a href=\"https://www.last.fm/user/katiclus\">KatKraydel</a></strong> is currently listening to:<br />Twenty One Pilots - Shy Away</td></tr></table><div class=\"gray\" style=\"float:right;font-size:8pt\">[powered by AudioScrobbler]</div><div style=\"clear:both\"></div></div>\n|c|\u2606KatKraydel|glhf\n|c|\u2606Bman311|glhf\n|inactive|KatKraydel has 60 seconds left.\n|j| dannyboy2000\n|\n|t:|1775507954\n|teamsize|p1|4\n|teamsize|p2|4\n|start\n|switch|p1a: Koraidon|Koraidon, L50|100/100\n|switch|p1b: Flutter Mane|Flutter Mane, L50|100/100\n|switch|p2a: Terapagos|Terapagos, L50, M|100/100\n|switch|p2b: Chappell Roan|Calyrex-Shadow, L50|100/100\n|-activate|p2a: Terapagos|ability: Tera Shift\n|detailschange|p2a: Terapagos|Terapagos-Terastal, L50, M\n|-heal|p2a: Terapagos|100/100|[silent]\n|-ability|p2b: Chappell Roan|As One\n|-ability|p2b: Chappell Roan|Unnerve\n|-weather|SunnyDay|[from] ability: Orichalcum Pulse|[of] p1a: Koraidon\n|-activate|p1b: Flutter Mane|ability: Protosynthesis\n|-start|p1b: Flutter Mane|protosynthesisspe\n|-activate|p1a: Koraidon|Orichalcum Pulse|[source]\n|turn|1\n|l| dannyboy2000\n|\n|t:|1775507974\n|-terastallize|p1a: Koraidon|Fire\n|-terastallize|p2a: Terapagos|Stellar\n|detailschange|p2a: Terapagos|Terapagos-Stellar, L50, M, tera:Stellar\n|-heal|p2a: Terapagos|100/100|[silent]\n|-ability|p2a: Terapagos|Teraform Zero\n|-weather|none\n|-end|p1b: Flutter Mane|Protosynthesis\n|move|p2b: Chappell Roan|Psychic|p1a: Koraidon\n|-damage|p1a: Koraidon|31/100\n|-damage|p2b: Chappell Roan|91/100|[from] item: Life Orb\n|move|p1a: Koraidon|Close Combat|p2a: Terapagos\n|-supereffective|p2a: Terapagos\n|-damage|p2a: Terapagos|0 fnt\n|-unboost|p1a: Koraidon|def|1\n|-unboost|p1a: Koraidon|spd|1\n|faint|p2a: Terapagos\n|detailschange|p2: Terapagos|Terapagos, L50, M|[silent]\n|-damage|p1a: Koraidon|22/100|[from] item: Life Orb\n|move|p1b: Flutter Mane|Icy Wind|p2b: Chappell Roan\n|-damage|p2b: Chappell Roan|72/100\n|-unboost|p2b: Chappell Roan|spe|1\n|\n|upkeep\n|\n|t:|1775507994\n|switch|p2a: Urshifu|Urshifu, L50, F|100/100\n|turn|2\n|\n|t:|1775508014\n|switch|p1a: Brute Bonnet|Brute Bonnet, L50|100/100\n|switch|p2b: Bounce Man|Whimsicott, L50, F|100/100\n|move|p2a: Urshifu|Sucker Punch|p1b: Flutter Mane\n|-damage|p1b: Flutter Mane|14/100\n|move|p1b: Flutter Mane|Shadow Ball|p2b: Bounce Man\n|-damage|p2b: Bounce Man|47/100\n|\n|upkeep\n|turn|3\n|\n|t:|1775508031\n|-end|p1b: Flutter Mane|Protosynthesis|[silent]\n|switch|p1b: Koraidon|Koraidon, L50, tera:Fire|22/100\n|-weather|SunnyDay|[from] ability: Orichalcum Pulse|[of] p1b: Koraidon\n|-activate|p1a: Brute Bonnet|ability: Protosynthesis\n|-start|p1a: Brute Bonnet|protosynthesisdef\n|-activate|p1b: Koraidon|Orichalcum Pulse|[source]\n|move|p2b: Bounce Man|Tailwind|p2b: Bounce Man\n|-sidestart|p2: KatKraydel|move: Tailwind\n|move|p2a: Urshifu|Close Combat|p1a: Brute Bonnet\n|-supereffective|p1a: Brute Bonnet\n|-damage|p1a: Brute Bonnet|39/100\n|-unboost|p2a: Urshifu|def|1\n|-unboost|p2a: Urshifu|spd|1\n|move|p1a: Brute Bonnet|Spore|p2a: Urshifu\n|-status|p2a: Urshifu|slp|[from] move: Spore\n|\n|-weather|SunnyDay|[upkeep]\n|upkeep\n|turn|4\n|\n|t:|1775508043\n|move|p2b: Bounce Man|Moonblast|p1a: Brute Bonnet\n|-supereffective|p1a: Brute Bonnet\n|-damage|p1a: Brute Bonnet|0 fnt\n|faint|p1a: Brute Bonnet\n|-end|p1a: Brute Bonnet|Protosynthesis|[silent]\n|cant|p2a: Urshifu|slp\n|move|p1b: Koraidon|Flame Charge|p2b: Bounce Man\n|-supereffective|p2b: Bounce Man\n|-damage|p2b: Bounce Man|0 fnt\n|-boost|p1b: Koraidon|spe|1\n|faint|p2b: Bounce Man\n|-damage|p1b: Koraidon|12/100|[from] item: Life Orb\n|\n|-weather|SunnyDay|[upkeep]\n|upkeep\n|\n|t:|1775508052\n|switch|p2b: Chappell Roan|Calyrex-Shadow, L50|72/100\n|switch|p1a: Calyrex|Calyrex-Ice, L50|100/100\n|-ability|p2b: Chappell Roan|As One\n|-ability|p2b: Chappell Roan|Unnerve\n|-ability|p1a: Calyrex|As One\n|-ability|p1a: Calyrex|Unnerve\n|turn|5\n|\n|t:|1775508056\n|move|p1b: Koraidon|Protect|p1b: Koraidon\n|-singleturn|p1b: Koraidon|Protect\n|move|p2b: Chappell Roan|Astral Barrage|p1a: Calyrex|[spread] p1a\n|-activate|p1b: Koraidon|move: Protect\n|-supereffective|p1a: Calyrex\n|-damage|p1a: Calyrex|14/100\n|-damage|p2b: Chappell Roan|63/100|[from] item: Life Orb\n|cant|p2a: Urshifu|slp\n|move|p1a: Calyrex|Trick Room|p1a: Calyrex\n|-fieldstart|move: Trick Room|[of] p1a: Calyrex\n|\n|-weather|SunnyDay|[upkeep]\n|upkeep\n|turn|6\n|\n|t:|1775508069\n|move|p2b: Chappell Roan|Protect|p2b: Chappell Roan\n|-singleturn|p2b: Chappell Roan|Protect\n|cant|p2a: Urshifu|slp\n|move|p1a: Calyrex|Glacial Lance|p2b: Chappell Roan|[spread] p2a\n|-activate|p2b: Chappell Roan|move: Protect\n|-damage|p2a: Urshifu|11/100 slp\n|move|p1b: Koraidon|Close Combat|p2a: Urshifu\n|-supereffective|p2a: Urshifu\n|-damage|p2a: Urshifu|0 fnt\n|-unboost|p1b: Koraidon|def|1\n|-unboost|p1b: Koraidon|spd|1\n|faint|p2a: Urshifu\n|-damage|p1b: Koraidon|2/100|[from] item: Life Orb\n|\n|-weather|SunnyDay|[upkeep]\n|-sideend|p2: KatKraydel|move: Tailwind\n|upkeep\n|turn|7\n|\n|t:|1775508081\n|switch|p1b: Flutter Mane|Flutter Mane, L50|14/100\n|-activate|p1b: Flutter Mane|ability: Protosynthesis\n|-start|p1b: Flutter Mane|protosynthesisspe\n|move|p2b: Chappell Roan|Protect|p2b: Chappell Roan\n|-singleturn|p2b: Chappell Roan|Protect\n|move|p1a: Calyrex|Glacial Lance|p2b: Chappell Roan\n|-activate|p2b: Chappell Roan|move: Protect\n|\n|-weather|none\n|-end|p1b: Flutter Mane|Protosynthesis\n|upkeep\n|turn|8\n|\n|t:|1775508088\n|move|p2b: Chappell Roan|Protect||[still]\n|-fail|p2b: Chappell Roan\n|move|p1a: Calyrex|Glacial Lance|p2b: Chappell Roan\n|-damage|p2b: Chappell Roan|0 fnt\n|faint|p2b: Chappell Roan\n|\n|win|Bman311\n|n|\u2606Bman311|bman311\n|n|\u2606KatKraydel|katkraydel\n|c|\u2606Bman311|gg\n|c|\u2606KatKraydel|urshifu sucks\n|l|\u2606KatKraydel\n|player|p2|\n|l|\u2606Bman311\n|player|p1|\n|j|\u2606Bman311\n|player|p1|Bman311|101|\n","uploadtime":1775508129,"views":7,"formatid":"gen9vgc2026regi","rating":null,"private":0,"password":null}