{"id":"gen9vgc2026regi-2577901178","format":"[Gen 9] VGC 2026 Reg I","players":["hambogar15","eltutonach"],"log":"|j|\u2606hambogar15\n|j|\u2606eltutonach\n|t:|1775618190\n|gametype|doubles\n|player|p1|hambogar15|2|1154\n|player|p2|eltutonach|102|1139\n|gen|9\n|tier|[Gen 9] VGC 2026 Reg I\n|rated|\n|rule|Species Clause: Limit one of each Pok\u00e9mon\n|rule|Item Clause: Limit 1 of each item\n|clearpoke\n|poke|p1|Koraidon, L50|\n|poke|p1|Incineroar, L50, F|\n|poke|p1|Calyrex-Shadow, L50|\n|poke|p1|Rillaboom, L50, M|\n|poke|p1|Flutter Mane, L50|\n|poke|p1|Ogerpon-Wellspring, L50, F|\n|poke|p2|Cobalion, L50|\n|poke|p2|Whimsicott, L50, F|\n|poke|p2|Kyogre, L50|\n|poke|p2|Calyrex-Ice, L50|\n|poke|p2|Grimmsnarl, L50, M|\n|poke|p2|Indeedee-F, L50, F|\n|teampreview|4\n|inactive|Battle timer is ON: inactive players will automatically lose when time's up. (requested by eltutonach)\n|\n|t:|1775618213\n|teamsize|p1|4\n|teamsize|p2|4\n|start\n|switch|p1a: Flutter Mane|Flutter Mane, L50|100/100\n|switch|p1b: Koraidon|Koraidon, L50|100/100\n|switch|p2a: Cobalion|Cobalion, L50|100/100\n|switch|p2b: Whimsicott|Whimsicott, L50, F|100/100\n|-weather|SunnyDay|[from] ability: Orichalcum Pulse|[of] p1b: Koraidon\n|-activate|p1a: Flutter Mane|ability: Protosynthesis\n|-start|p1a: Flutter Mane|protosynthesisspe\n|-activate|p1b: Koraidon|Orichalcum Pulse|[source]\n|turn|1\n|inactive|eltutonach has 30 seconds left.\n|inactive|eltutonach has 20 seconds left.\n|\n|t:|1775618249\n|move|p1a: Flutter Mane|Protect|p1a: Flutter Mane\n|-singleturn|p1a: Flutter Mane|Protect\n|move|p2a: Cobalion|Protect|p2a: Cobalion\n|-singleturn|p2a: Cobalion|Protect\n|move|p2b: Whimsicott|Tailwind|p2b: Whimsicott\n|-sidestart|p2: eltutonach|move: Tailwind\n|move|p1b: Koraidon|Flare Blitz|p2a: Cobalion\n|-activate|p2a: Cobalion|move: Protect\n|\n|-weather|SunnyDay|[upkeep]\n|upkeep\n|turn|2\n|inactive|hambogar15 has 30 seconds left.\n|\n|t:|1775618278\n|-terastallize|p2a: Cobalion|Water\n|move|p1a: Flutter Mane|Icy Wind|p2b: Whimsicott|[spread] p2a\n|-miss|p1a: Flutter Mane|p2b: Whimsicott\n|-resisted|p2a: Cobalion\n|-crit|p2a: Cobalion\n|-damage|p2a: Cobalion|86/100\n|-unboost|p2a: Cobalion|spe|1\n|move|p2b: Whimsicott|Beat Up|p2a: Cobalion\n|-damage|p2a: Cobalion|84/100\n|-ability|p2a: Cobalion|Justified|boost\n|-boost|p2a: Cobalion|atk|1\n|-damage|p2a: Cobalion|82/100\n|-ability|p2a: Cobalion|Justified|boost\n|-boost|p2a: Cobalion|atk|1\n|-crit|p2a: Cobalion\n|-damage|p2a: Cobalion|77/100\n|-ability|p2a: Cobalion|Justified|boost\n|-boost|p2a: Cobalion|atk|1\n|-damage|p2a: Cobalion|75/100\n|-ability|p2a: Cobalion|Justified|boost\n|-boost|p2a: Cobalion|atk|1\n|-hitcount|p2a: Cobalion|4\n|move|p1b: Koraidon|Flare Blitz|p2a: Cobalion\n|-resisted|p2a: Cobalion\n|-damage|p2a: Cobalion|19/100\n|-damage|p1b: Koraidon|83/100|[from] Recoil\n|move|p2a: Cobalion|Stone Edge|p1a: Flutter Mane\n|-enditem|p1a: Flutter Mane|Focus Sash\n|-damage|p1a: Flutter Mane|1/100\n|-damage|p2a: Cobalion|9/100|[from] item: Life Orb\n|\n|-weather|SunnyDay|[upkeep]\n|upkeep\n|turn|3\n|inactive|hambogar15 has 30 seconds left.\n|inactive|eltutonach has 30 seconds left.\n|inactive|hambogar15 has 20 seconds left.\n|inactive|eltutonach has 20 seconds left.\n|inactive|eltutonach has 15 seconds left.\n|\n|t:|1775618322\n|switch|p1b: Rillaboom|Rillaboom, L50, M|100/100\n|-fieldstart|move: Grassy Terrain|[from] ability: Grassy Surge|[of] p1b: Rillaboom\n|move|p1a: Flutter Mane|Icy Wind|p2b: Whimsicott|[spread] p2a,p2b\n|-resisted|p2a: Cobalion\n|-supereffective|p2b: Whimsicott\n|-damage|p2a: Cobalion|0 fnt\n|-damage|p2b: Whimsicott|62/100\n|faint|p2a: Cobalion\n|move|p2b: Whimsicott|Beat Up|p1a: Flutter Mane\n|-damage|p1a: Flutter Mane|0 fnt\n|faint|p1a: Flutter Mane\n|-end|p1a: Flutter Mane|Protosynthesis|[silent]\n|-hitcount|p1: Flutter Mane|1\n|\n|-weather|SunnyDay|[upkeep]\n|-heal|p2b: Whimsicott|68/100|[from] Grassy Terrain\n|upkeep\n|\n|t:|1775618342\n|switch|p1a: Calyrex|Calyrex-Shadow, L50|100/100\n|switch|p2a: Calyrex|Calyrex-Ice, L50|100/100\n|-ability|p1a: Calyrex|As One\n|-ability|p1a: Calyrex|Unnerve\n|-ability|p2a: Calyrex|As One\n|-ability|p2a: Calyrex|Unnerve\n|turn|4\n|inactive|hambogar15 has 30 seconds left.\n|\n|t:|1775618372\n|move|p2b: Whimsicott|Helping Hand|p2a: Calyrex\n|-singleturn|p2a: Calyrex|Helping Hand|[of] p2b: Whimsicott\n|move|p1b: Rillaboom|Fake Out|p2b: Whimsicott\n|-damage|p2b: Whimsicott|56/100\n|move|p1a: Calyrex|Astral Barrage|p2a: Calyrex|[spread] p2a,p2b\n|-supereffective|p2a: Calyrex\n|-damage|p2a: Calyrex|9/100\n|-damage|p2b: Whimsicott|0 fnt\n|faint|p2b: Whimsicott\n|-ability|p1a: Calyrex|Grim Neigh|boost\n|-boost|p1a: Calyrex|spa|1\n|-damage|p1a: Calyrex|91/100|[from] item: Life Orb\n|move|p2a: Calyrex|Glacial Lance|p1a: Calyrex|[spread] p1a,p1b\n|-supereffective|p1b: Rillaboom\n|-damage|p1a: Calyrex|0 fnt\n|-damage|p1b: Rillaboom|0 fnt\n|faint|p1a: Calyrex\n|faint|p1b: Rillaboom\n|-ability|p2a: Calyrex|Chilling Neigh|boost\n|-boost|p2a: Calyrex|atk|2\n|\n|-weather|SunnyDay|[upkeep]\n|-heal|p2a: Calyrex|15/100|[from] Grassy Terrain\n|-sideend|p2: eltutonach|move: Tailwind\n|upkeep\n|\n|t:|1775618396\n|switch|p2b: Indeedee|Indeedee-F, L50, F|100/100\n|switch|p1b: Koraidon|Koraidon, L50|83/100\n|-activate|p1b: Koraidon|ability: Orichalcum Pulse\n|turn|5\n|\n|t:|1775618419\n|-terastallize|p1b: Koraidon|Fire\n|move|p2b: Indeedee|Fake Out|p1b: Koraidon\n|-damage|p1b: Koraidon|74/100\n|cant|p1b: Koraidon|flinch\n|move|p2a: Calyrex|Glacial Lance|p1b: Koraidon\n|-resisted|p1b: Koraidon\n|-damage|p1b: Koraidon|0 fnt\n|faint|p1b: Koraidon\n|\n|win|eltutonach\n|raw|hambogar15's rating: 1154 &rarr; <strong>1128</strong><br />(-26 for losing)\n|raw|eltutonach's rating: 1139 &rarr; <strong>1165</strong><br />(+26 for winning)\n|l|\u2606eltutonach\n|player|p2|\n|l|\u2606hambogar15\n|player|p1|\n","uploadtime":1775618625,"views":8,"formatid":"gen9vgc2026regi","rating":1128,"private":0,"password":null}