{"id":"gen9vgc2026regi-2563828459","format":"[Gen 9] VGC 2026 Reg I","players":["ggbond12138","TheManOfSausage"],"log":"|j|\u2606ggbond12138\n|j|\u2606TheManOfSausage\n|t:|1774067866\n|gametype|doubles\n|player|p1|ggbond12138|170|1390\n|player|p2|TheManOfSausage|miku-water|1530\n|gen|9\n|tier|[Gen 9] VGC 2026 Reg I\n|rated|\n|rule|Species Clause: Limit one of each Pok\u00e9mon\n|rule|Item Clause: Limit 1 of each item\n|clearpoke\n|poke|p1|Kyogre, L50|\n|poke|p1|Tornadus, L50, M|\n|poke|p1|Landorus, L50, M|\n|poke|p1|Raging Bolt, L50|\n|poke|p1|Zamazenta-*, L50|\n|poke|p1|Urshifu-*, L50, F|\n|poke|p2|Calyrex-Ice, L50|\n|poke|p2|Miraidon, L50|\n|poke|p2|Amoonguss, L50, F|\n|poke|p2|Volcarona, L50, M|\n|poke|p2|Iron Valiant, L50|\n|poke|p2|Iron Hands, L50|\n|teampreview|4\n|inactive|Battle timer is ON: inactive players will automatically lose when time's up. (requested by ggbond12138)\nTheManOfSausage has agreed to open team sheets.\n|inactive|ggbond12138 has 60 seconds left.\n|\n|t:|1774067926\n|teamsize|p1|4\n|teamsize|p2|4\n|start\n|switch|p1a: Urshifu|Urshifu, L50, F|100/100\n|switch|p1b: Landorus|Landorus, L50, M|100/100\n|switch|p2a: Tama|Miraidon, L50|100/100\n|switch|p2b: Iron Valiant|Iron Valiant, L50|100/100\n|-fieldstart|move: Electric Terrain|[from] ability: Hadron Engine|[of] p2a: Tama\n|-activate|p2b: Iron Valiant|ability: Quark Drive\n|-start|p2b: Iron Valiant|quarkdrivespe\n|turn|1\n|\n|t:|1774067946\n|switch|p1b: Zamazenta|Zamazenta-Crowned, L50|100/100\n|-ability|p1b: Zamazenta|Dauntless Shield|boost\n|-boost|p1b: Zamazenta|def|1\n|move|p1a: Urshifu|Detect|p1a: Urshifu\n|-singleturn|p1a: Urshifu|Protect\n|move|p2a: Tama|Volt Switch|p1a: Urshifu\n|-activate|p1a: Urshifu|move: Protect\n|move|p2b: Iron Valiant|Spirit Break|p1a: Urshifu\n|-activate|p1a: Urshifu|move: Protect\n|\n|upkeep\n|turn|2\n|inactive|ggbond12138 has 30 seconds left.\n|\n|t:|1774067976\n|switch|p1a: Landorus|Landorus, L50, M|100/100\n|move|p2a: Tama|Volt Switch|p1a: Landorus\n|-immune|p1a: Landorus\n|move|p2b: Iron Valiant|Spirit Break|p1a: Landorus\n|-damage|p1a: Landorus|55/100\n|-unboost|p1a: Landorus|spa|1\n|move|p1b: Zamazenta|Body Press|p2a: Tama\n|-damage|p2a: Tama|30/100\n|\n|upkeep\n|turn|3\n|inactive|ggbond12138 has 30 seconds left.\n|inactive|ggbond12138 has 20 seconds left.\n|inactive|ggbond12138 has 15 seconds left.\n|inactive|ggbond12138 has 10 seconds left.\n|\n|t:|1774068026\n|switch|p2a: Ogurin|Calyrex-Ice, L50|100/100\n|-ability|p2a: Ogurin|As One\n|-ability|p2a: Ogurin|Unnerve\n|switch|p1a: Kyogre|Kyogre, L50|100/100\n|-weather|RainDance|[from] ability: Drizzle|[of] p1a: Kyogre\n|move|p2b: Iron Valiant|Imprison|p2b: Iron Valiant\n|-start|p2b: Iron Valiant|move: Imprison\n|move|p1b: Zamazenta|Body Press|p2a: Ogurin\n|-damage|p2a: Ogurin|59/100\n|\n|-weather|RainDance|[upkeep]\n|upkeep\n|turn|4\n|inactive|ggbond12138 has 30 seconds left.\n|inactive|ggbond12138 has 20 seconds left.\n|\n|t:|1774068062\n|move|p2a: Ogurin|Protect|p2a: Ogurin\n|-singleturn|p2a: Ogurin|Protect\n|move|p2b: Iron Valiant|Spirit Break|p1a: Kyogre\n|-damage|p1a: Kyogre|62/100\n|-unboost|p1a: Kyogre|spa|1\n|move|p1b: Zamazenta|Body Press|p2a: Ogurin\n|-activate|p2a: Ogurin|move: Protect\n|move|p1a: Kyogre|Thunder|p2a: Ogurin\n|-activate|p2a: Ogurin|move: Protect\n|\n|-weather|RainDance|[upkeep]\n|upkeep\n|turn|5\n|\n|t:|1774068081\n|switch|p2a: Amoonguss|Amoonguss, L50, F|100/100\n|move|p2b: Iron Valiant|Spirit Break|p1a: Kyogre\n|-damage|p1a: Kyogre|27/100\n|-unboost|p1a: Kyogre|spa|1\n|move|p1b: Zamazenta|Body Press|p2a: Amoonguss\n|-resisted|p2a: Amoonguss\n|-damage|p2a: Amoonguss|66/100\n|-damage|p1b: Zamazenta|84/100|[from] item: Rocky Helmet|[of] p2a: Amoonguss\n|move|p1a: Kyogre|Thunder|p2a: Amoonguss\n|-resisted|p2a: Amoonguss\n|-damage|p2a: Amoonguss|55/100\n|\n|-weather|RainDance|[upkeep]\n|-fieldend|move: Electric Terrain\n|-end|p2b: Iron Valiant|Quark Drive\n|upkeep\n|turn|6\n|inactive|ggbond12138 has 30 seconds left.\n|inactive|ggbond12138 has 20 seconds left.\n|inactive|ggbond12138 has 15 seconds left.\n|\n|t:|1774068121\n|move|p2b: Iron Valiant|Spirit Break|p1a: Kyogre\n|-damage|p1a: Kyogre|0 fnt\n|faint|p1a: Kyogre\n|move|p1b: Zamazenta|Body Press|p2b: Iron Valiant\n|-resisted|p2b: Iron Valiant\n|-damage|p2b: Iron Valiant|59/100\n|move|p2a: Amoonguss|Spore|p1b: Zamazenta\n|-status|p1b: Zamazenta|slp|[from] move: Spore\n|\n|-weather|RainDance|[upkeep]\n|upkeep\n|\n|t:|1774068134\n|switch|p1a: Landorus|Landorus, L50, M|55/100\n|turn|7\n|inactive|TheManOfSausage has 30 seconds left.\n|\n|t:|1774068162\n|-terastallize|p1a: Landorus|Ground\n|move|p1a: Landorus|Sandsear Storm|p2b: Iron Valiant|[spread] p2a,p2b\n|-damage|p2a: Amoonguss|2/100\n|-damage|p2b: Iron Valiant|0 fnt\n|faint|p2b: Iron Valiant\n|-end|p2b: Iron Valiant|Quark Drive|[silent]\n|cant|p1b: Zamazenta|slp\n|move|p2a: Amoonguss|Spore|p1a: Landorus\n|-status|p1a: Landorus|slp|[from] move: Spore\n|\n|-weather|none\n|upkeep\n|\n|t:|1774068168\n|switch|p2b: Ogurin|Calyrex-Ice, L50|59/100\n|-ability|p2b: Ogurin|As One\n|-ability|p2b: Ogurin|Unnerve\n|turn|8\n|\n|t:|1774068177\n|cant|p1b: Zamazenta|slp\n|cant|p1a: Landorus|slp\n|move|p2b: Ogurin|Glacial Lance|p1b: Zamazenta|[spread] p1a,p1b\n|-supereffective|p1a: Landorus\n|-resisted|p1b: Zamazenta\n|-damage|p1a: Landorus|0 fnt\n|-damage|p1b: Zamazenta|73/100 slp\n|faint|p1a: Landorus\n|-ability|p2b: Ogurin|Chilling Neigh|boost\n|-boost|p2b: Ogurin|atk|1\n|move|p2a: Amoonguss|Pollen Puff|p2b: Ogurin\n|-heal|p2b: Ogurin|100/100\n|\n|upkeep\n|\n|t:|1774068179\n|switch|p1a: Urshifu|Urshifu, L50, F|100/100\n|turn|9\n|\n|t:|1774068192\n|-terastallize|p2b: Ogurin|Water\n|move|p2a: Amoonguss|Rage Powder|p2a: Amoonguss\n|-singleturn|p2a: Amoonguss|move: Rage Powder\n|cant|p1b: Zamazenta|slp\n|move|p1a: Urshifu|Coaching|p1b: Zamazenta\n|-boost|p1b: Zamazenta|atk|1\n|-boost|p1b: Zamazenta|def|1\n|move|p2b: Ogurin|Glacial Lance|p1b: Zamazenta|[spread] p1a,p1b\n|-resisted|p1b: Zamazenta\n|-damage|p1a: Urshifu|25/100\n|-damage|p1b: Zamazenta|62/100 slp\n|\n|upkeep\n|turn|10\n|\n|t:|1774068209\n|-curestatus|p1b: Zamazenta|slp|[msg]\n|move|p1b: Zamazenta|Wide Guard|p1b: Zamazenta\n|-singleturn|p1b: Zamazenta|Wide Guard\n|move|p2a: Amoonguss|Rage Powder|p2a: Amoonguss\n|-singleturn|p2a: Amoonguss|move: Rage Powder\n|move|p1a: Urshifu|Wicked Blow|p2a: Amoonguss\n|-crit|p2a: Amoonguss\n|-damage|p2a: Amoonguss|0 fnt\n|-damage|p1a: Urshifu|9/100|[from] item: Rocky Helmet|[of] p2a: Amoonguss\n|faint|p2a: Amoonguss\n|move|p2b: Ogurin|High Horsepower|p1a: Urshifu\n|-damage|p1a: Urshifu|0 fnt\n|faint|p1a: Urshifu\n|-ability|p2b: Ogurin|Chilling Neigh|boost\n|-boost|p2b: Ogurin|atk|1\n|\n|upkeep\n|-message|ggbond12138 forfeited.\n|\n|win|TheManOfSausage\n|raw|ggbond12138's rating: 1390 &rarr; <strong>1378</strong><br />(-12 for losing)\n|raw|TheManOfSausage's rating: 1530 &rarr; <strong>1542</strong><br />(+12 for winning)\n|l|\u2606ggbond12138\n|player|p1|\n|l|\u2606TheManOfSausage\n|player|p2|\n","uploadtime":1774068359,"views":15,"formatid":"gen9vgc2026regi","rating":1378,"private":0,"password":null}