{"id":"gen9vgc2026regi-2553263133","format":"[Gen 9] VGC 2026 Reg I","players":["bighamsterbaseball","ryo8989"],"log":"|j|\u203dbighamsterbaseball\n|j|\u2606ryo8989\n|t:|1772815151\n|gametype|doubles\n|player|p1|bighamsterbaseball|pokemaniac|1366\n|player|p2|ryo8989|erika|1297\n|gen|9\n|tier|[Gen 9] VGC 2026 Reg I\n|rated|\n|rule|Species Clause: Limit one of each Pok\u00e9mon\n|rule|Item Clause: Limit 1 of each item\n|clearpoke\n|poke|p1|Eternatus, L50|\n|poke|p1|Ho-Oh, L50|\n|poke|p1|Tinkaton, L50, F|\n|poke|p1|Ogerpon-Cornerstone, L50, F|\n|poke|p1|Araquanid, L50, F|\n|poke|p1|Flutter Mane, L50|\n|poke|p2|Calyrex-Shadow, L50|\n|poke|p2|Rillaboom, L50, F|\n|poke|p2|Incineroar, L50, M|\n|poke|p2|Clefairy, L50, M|\n|poke|p2|Koraidon, L50|\n|poke|p2|Flutter Mane, L50|\n|teampreview|4\n|inactive|Battle timer is ON: inactive players will automatically lose when time's up. (requested by ryo8989)\n|\n|t:|1772815222\n|teamsize|p1|4\n|teamsize|p2|4\n|start\n|switch|p1a: Ho-Oh|Ho-Oh, L50|100/100\n|switch|p1b: Araquanid|Araquanid, L50, F|100/100\n|switch|p2a: Calyrex|Calyrex-Shadow, L50|100/100\n|switch|p2b: Incineroar|Incineroar, L50, M|100/100\n|-ability|p2a: Calyrex|As One\n|-ability|p2a: Calyrex|Unnerve\n|-ability|p2b: Incineroar|Intimidate|boost\n|-fail|p1a: Ho-Oh|unboost|[from] item: Clear Amulet|[of] p1a: Ho-Oh\n|-unboost|p1b: Araquanid|atk|1\n|turn|1\n|\n|t:|1772815241\n|move|p1a: Ho-Oh|Protect|p1a: Ho-Oh\n|-singleturn|p1a: Ho-Oh|Protect\n|move|p1b: Araquanid|Protect|p1b: Araquanid\n|-singleturn|p1b: Araquanid|Protect\n|move|p2b: Incineroar|Fake Out|p1a: Ho-Oh\n|-activate|p1a: Ho-Oh|move: Protect\n|move|p2a: Calyrex|Psychic|p1b: Araquanid\n|-activate|p1b: Araquanid|move: Protect\n|\n|upkeep\n|turn|2\n|\n|t:|1772815266\n|move|p2a: Calyrex|Psychic|p1b: Araquanid\n|-damage|p1b: Araquanid|42/100\n|-damage|p2a: Calyrex|91/100|[from] item: Life Orb\n|move|p1a: Ho-Oh|Brave Bird|p2a: Calyrex\n|-damage|p2a: Calyrex|22/100\n|-damage|p1a: Ho-Oh|81/100|[from] Recoil\n|move|p2b: Incineroar|U-turn|p1b: Araquanid\n|-damage|p1b: Araquanid|22/100\n|\n|t:|1772815276\n|switch|p2b: Koraidon|Koraidon, L50|100/100|[from] U-turn\n|-weather|SunnyDay|[from] ability: Orichalcum Pulse|[of] p2b: Koraidon\n|-activate|p2b: Koraidon|Orichalcum Pulse|[source]\n|move|p1b: Araquanid|Sticky Web|p2a: Calyrex\n|-sidestart|p2: ryo8989|move: Sticky Web\n|\n|-weather|SunnyDay|[upkeep]\n|upkeep\n|turn|3\n|inactive|bighamsterbaseball has 30 seconds left.\n|\n|t:|1772815305\n|-terastallize|p2b: Koraidon|Fire\n|move|p2a: Calyrex|Protect|p2a: Calyrex\n|-singleturn|p2a: Calyrex|Protect\n|move|p2b: Koraidon|Flame Charge|p1b: Araquanid\n|-damage|p1b: Araquanid|0 fnt\n|-boost|p2b: Koraidon|spe|1\n|faint|p1b: Araquanid\n|move|p1a: Ho-Oh|Brave Bird|p2b: Koraidon\n|-crit|p2b: Koraidon\n|-damage|p2b: Koraidon|35/100\n|-damage|p1a: Ho-Oh|61/100|[from] Recoil\n|\n|-weather|SunnyDay|[upkeep]\n|upkeep\n|\n|t:|1772815327\n|switch|p1b: Flutter Mane|Flutter Mane, L50|100/100\n|-activate|p1b: Flutter Mane|ability: Protosynthesis\n|-start|p1b: Flutter Mane|protosynthesisspe\n|turn|4\n|\n|t:|1772815337\n|move|p1b: Flutter Mane|Protect|p1b: Flutter Mane\n|-singleturn|p1b: Flutter Mane|Protect\n|move|p2b: Koraidon|Flame Charge|p1b: Flutter Mane\n|-activate|p1b: Flutter Mane|move: Protect\n|move|p2a: Calyrex|Astral Barrage|p1a: Ho-Oh|[spread] p1a\n|-activate|p1b: Flutter Mane|move: Protect\n|-damage|p1a: Ho-Oh|12/100\n|-damage|p2a: Calyrex|13/100|[from] item: Life Orb\n|move|p1a: Ho-Oh|Brave Bird|p2b: Koraidon\n|-damage|p2b: Koraidon|0 fnt\n|faint|p2b: Koraidon\n|-damage|p1a: Ho-Oh|1/100|[from] Recoil\n|\n|-weather|SunnyDay|[upkeep]\n|upkeep\n|\n|t:|1772815356\n|switch|p2b: Clefairy|Clefairy, L50, M, shiny|100/100\n|-activate|p2b: Clefairy|move: Sticky Web\n|-unboost|p2b: Clefairy|spe|1\n|turn|5\n|inactive|bighamsterbaseball has 30 seconds left.\n|inactive|bighamsterbaseball has 20 seconds left.\n|inactive|bighamsterbaseball has 15 seconds left.\n|inactive|bighamsterbaseball has 10 seconds left.\n|\n|t:|1772815406\n|-terastallize|p1b: Flutter Mane|Steel\n|move|p2a: Calyrex|Protect|p2a: Calyrex\n|-singleturn|p2a: Calyrex|Protect\n|move|p1b: Flutter Mane|Icy Wind|p2b: Clefairy|[spread] p2b\n|-activate|p2a: Calyrex|move: Protect\n|-damage|p2b: Clefairy|89/100\n|-unboost|p2b: Clefairy|spe|1\n|move|p1a: Ho-Oh|Sacred Fire|p2b: Clefairy\n|-damage|p2b: Clefairy|29/100\n|-status|p2b: Clefairy|brn\n|move|p2b: Clefairy|Life Dew|p2b: Clefairy|[spread] p2a,p2b\n|-heal|p2a: Calyrex|38/100\n|-heal|p2b: Clefairy|54/100 brn\n|\n|-weather|SunnyDay|[upkeep]\n|-damage|p2b: Clefairy|48/100 brn|[from] brn\n|upkeep\n|turn|6\n|inactive|bighamsterbaseball has 30 seconds left.\n|inactive|bighamsterbaseball has 20 seconds left.\n|\n|t:|1772815443\n|move|p1a: Ho-Oh|Protect|p1a: Ho-Oh\n|-singleturn|p1a: Ho-Oh|Protect\n|move|p1b: Flutter Mane|Shadow Ball|p2a: Calyrex\n|-supereffective|p2a: Calyrex\n|-damage|p2a: Calyrex|0 fnt\n|faint|p2a: Calyrex\n|move|p2b: Clefairy|Life Dew|p2b: Clefairy\n|-heal|p2b: Clefairy|73/100 brn\n|\n|-weather|none\n|-end|p1b: Flutter Mane|Protosynthesis\n|-damage|p2b: Clefairy|67/100 brn|[from] brn\n|upkeep\n|-enditem|p1b: Flutter Mane|Booster Energy\n|-activate|p1b: Flutter Mane|ability: Protosynthesis|[fromitem]\n|-start|p1b: Flutter Mane|protosynthesisspe\n|\n|t:|1772815459\n|switch|p2a: Incineroar|Incineroar, L50, M|100/100\n|-activate|p2a: Incineroar|move: Sticky Web\n|-unboost|p2a: Incineroar|spe|1\n|-ability|p2a: Incineroar|Intimidate|boost\n|-fail|p1a: Ho-Oh|unboost|[from] item: Clear Amulet|[of] p1a: Ho-Oh\n|-unboost|p1b: Flutter Mane|atk|1\n|turn|7\n|l|\u203dbighamsterbaseball\n|inactive|bighamsterbaseball disconnected and has a minute to reconnect!\n|player|p1|\n|inactive|ryo8989 has 30 seconds left.\n|j|\u203dbighamsterbaseball\n|inactive|bighamsterbaseball reconnected.\n|player|p1|bighamsterbaseball|pokemaniac|\n|n|\u203dbighamsterbaseball|bighamsterbaseball\n|inactive|ryo8989 has 20 seconds left.\n|inactive|ryo8989 has 15 seconds left.\n|inactive|ryo8989 has 10 seconds left.\n|inactive|ryo8989 has 5 seconds left.\n|\n|t:|1772815514\n|switch|p1a: Eternatus|Eternatus, L50|100/100\n|-ability|p1a: Eternatus|Pressure\n|move|p1b: Flutter Mane|Protect|p1b: Flutter Mane\n|-singleturn|p1b: Flutter Mane|Protect\n|move|p2b: Clefairy|Follow Me|p2b: Clefairy\n|-singleturn|p2b: Clefairy|move: Follow Me\n|move|p2a: Incineroar|Knock Off|p1a: Eternatus\n|-damage|p1a: Eternatus|70/100\n|-enditem|p1a: Eternatus|Choice Specs|[from] move: Knock Off|[of] p2a: Incineroar\n|\n|-damage|p2b: Clefairy|60/100 brn|[from] brn\n|upkeep\n|turn|8\n|inactive|ryo8989 has 30 seconds left.\n|inactive|ryo8989 has 20 seconds left.\n|inactive|ryo8989 has 15 seconds left.\n|inactive|ryo8989 has 10 seconds left.\n|inactive|ryo8989 has 5 seconds left.\n|\n|t:|1772815569\n|move|p2b: Clefairy|Follow Me|p2b: Clefairy\n|-singleturn|p2b: Clefairy|move: Follow Me\n|move|p1b: Flutter Mane|Moonblast|p2b: Clefairy\n|-damage|p2b: Clefairy|24/100 brn\n|-unboost|p2b: Clefairy|spa|1\n|move|p1a: Eternatus|Sludge Wave|p2b: Clefairy|[spread] p2a,p2b\n|-immune|p1b: Flutter Mane\n|-supereffective|p2b: Clefairy\n|-damage|p2a: Incineroar|74/100\n|-damage|p2b: Clefairy|0 fnt\n|faint|p2b: Clefairy\n|move|p2a: Incineroar|Knock Off|p1b: Flutter Mane\n|-damage|p1b: Flutter Mane|61/100\n|\n|upkeep\n|turn|9\n|inactive|ryo8989 has 30 seconds left.\n|inactive|ryo8989 has 20 seconds left.\n|inactive|ryo8989 has 15 seconds left.\n|inactive|ryo8989 has 10 seconds left.\n|inactive|ryo8989 has 5 seconds left.\n|\n|t:|1772815624\n|move|p1b: Flutter Mane|Moonblast|p2a: Incineroar\n|-damage|p2a: Incineroar|33/100\n|-unboost|p2a: Incineroar|spa|1\n|move|p1a: Eternatus|Dynamax Cannon|p2a: Incineroar\n|-damage|p2a: Incineroar|0 fnt\n|faint|p2a: Incineroar\n|\n|win|bighamsterbaseball\n|raw|bighamsterbaseball's rating: 1366 &rarr; <strong>1382</strong><br />(+16 for winning)\n|raw|ryo8989's rating: 1297 &rarr; <strong>1277</strong><br />(-20 for losing)\n","uploadtime":1772815634,"views":23,"formatid":"gen9vgc2026regi","rating":1277,"private":0,"password":null}