{"id":"gen9vgc2026regi-2565238368","format":"[Gen 9] VGC 2026 Reg I","players":["kitjay","conniecut"],"log":"|j|\u2606kitjay\n|j|\u2606conniecut\n|t:|1774249510\n|gametype|doubles\n|player|p1|kitjay|cynthia-gen4|1127\n|player|p2|conniecut|lady|1231\n|gen|9\n|tier|[Gen 9] VGC 2026 Reg I\n|rated|\n|rule|Species Clause: Limit one of each Pok\u00e9mon\n|rule|Item Clause: Limit 1 of each item\n|clearpoke\n|poke|p1|Flutter Mane, L50|\n|poke|p1|Toedscruel, L50, F|\n|poke|p1|Corviknight, L50, F|\n|poke|p1|Weezing-Galar, L50, M|\n|poke|p1|Zamazenta-*, L50|\n|poke|p1|Urshifu-*, L50, F|\n|poke|p2|Calyrex-Ice, L50|\n|poke|p2|Sentret, L50, F|\n|poke|p2|Ho-Oh, L50|\n|poke|p2|Ursaluna-Bloodmoon, L50, M|\n|poke|p2|Amoonguss, L50, M|\n|poke|p2|Urshifu-*, L50, F|\n|teampreview|4\n|\n|t:|1774249555\n|teamsize|p1|4\n|teamsize|p2|4\n|start\n|switch|p1a: Weezing|Weezing-Galar, L50, M|100/100\n|switch|p1b: Zamazenta|Zamazenta-Crowned, L50|100/100\n|switch|p2a: Calyrex|Calyrex-Ice, L50|100/100\n|switch|p2b: Sentret|Sentret, L50, F|100/100\n|-ability|p1a: Weezing|Neutralizing Gas\n|-ability|p2a: Calyrex|As One\n|-ability|p2a: Calyrex|Unnerve\n|turn|1\n|\n|t:|1774249581\n|move|p2b: Sentret|Follow Me|p2b: Sentret\n|-singleturn|p2b: Sentret|move: Follow Me\n|move|p1b: Zamazenta|Snarl|p2a: Calyrex|[spread] p2a,p2b\n|-supereffective|p2a: Calyrex\n|-damage|p2a: Calyrex|89/100\n|-damage|p2b: Sentret|80/100\n|-unboost|p2a: Calyrex|spa|1\n|-unboost|p2b: Sentret|spa|1\n|move|p1a: Weezing|Will-O-Wisp|p2b: Sentret\n|-status|p2b: Sentret|brn\n|move|p2a: Calyrex|Trick Room|p2a: Calyrex\n|-fieldstart|move: Trick Room|[of] p2a: Calyrex\n|\n|-damage|p2b: Sentret|74/100 brn|[from] brn\n|upkeep\n|turn|2\n|\n|t:|1774249615\n|move|p1b: Zamazenta|Wide Guard|p1b: Zamazenta\n|-singleturn|p1b: Zamazenta|Wide Guard\n|move|p2b: Sentret|Endeavor|p1b: Zamazenta\n|-damage|p1b: Zamazenta|42/100\n|move|p2a: Calyrex|Glacial Lance|p1a: Weezing|[spread] \n|-activate|p1a: Weezing|move: Wide Guard\n|-activate|p1b: Zamazenta|move: Wide Guard\n|move|p1a: Weezing|Will-O-Wisp|p2a: Calyrex\n|-status|p2a: Calyrex|brn\n|\n|-damage|p2b: Sentret|69/100 brn|[from] brn\n|-damage|p2a: Calyrex|83/100 brn|[from] brn\n|upkeep\n|turn|3\n|\n|t:|1774249652\n|switch|p1b: Flutter Mane|Flutter Mane, L50|100/100\n|move|p1a: Weezing|Protect|p1a: Weezing\n|-singleturn|p1a: Weezing|Protect\n|move|p2b: Sentret|Endeavor|p1a: Weezing\n|-activate|p1a: Weezing|move: Protect\n|move|p2a: Calyrex|Close Combat|p1b: Flutter Mane\n|-immune|p1b: Flutter Mane\n|\n|-damage|p2b: Sentret|64/100 brn|[from] brn\n|-damage|p2a: Calyrex|77/100 brn|[from] brn\n|upkeep\n|turn|4\n|inactive|Battle timer is ON: inactive players will automatically lose when time's up. (requested by conniecut)\n|\n|t:|1774249686\n|move|p2b: Sentret|Endeavor|p1a: Weezing\n|-damage|p1a: Weezing|45/100\n|move|p2a: Calyrex|Glacial Lance|p1b: Flutter Mane|[spread] p1a,p1b\n|-crit|p1a: Weezing\n|-damage|p1a: Weezing|0 fnt\n|-damage|p1b: Flutter Mane|20/100\n|faint|p1a: Weezing\n|-end|p1a: Weezing|ability: Neutralizing Gas\n|-item|p1b: Flutter Mane|Focus Sash|[from] ability: Frisk|[of] p2b: Sentret\n|-ability|p2a: Calyrex|Chilling Neigh|boost\n|-boost|p2a: Calyrex|atk|1\n|move|p1b: Flutter Mane|Shadow Ball|p2a: Calyrex\n|-supereffective|p2a: Calyrex\n|-damage|p2a: Calyrex|19/100 brn\n|\n|-damage|p2b: Sentret|58/100 brn|[from] brn\n|-damage|p2a: Calyrex|13/100 brn|[from] brn\n|upkeep\n|\n|t:|1774249702\n|switch|p1a: Corviknight|Corviknight, L50, F|100/100\n|turn|5\n|\n|t:|1774249708\n|move|p1a: Corviknight|Protect|p1a: Corviknight\n|-singleturn|p1a: Corviknight|Protect\n|move|p1b: Flutter Mane|Protect|p1b: Flutter Mane\n|-singleturn|p1b: Flutter Mane|Protect\n|move|p2b: Sentret|Endeavor|p1a: Corviknight\n|-activate|p1a: Corviknight|move: Protect\n|move|p2a: Calyrex|Glacial Lance|p1a: Corviknight|[spread] \n|-activate|p1a: Corviknight|move: Protect\n|-activate|p1b: Flutter Mane|move: Protect\n|\n|-damage|p2b: Sentret|53/100 brn|[from] brn\n|-damage|p2a: Calyrex|7/100 brn|[from] brn\n|-fieldend|move: Trick Room\n|upkeep\n|turn|6\n|\n|t:|1774249734\n|move|p2b: Sentret|Follow Me|p2b: Sentret\n|-singleturn|p2b: Sentret|move: Follow Me\n|move|p1b: Flutter Mane|Icy Wind|p2a: Calyrex|[spread] p2b\n|-miss|p1b: Flutter Mane|p2a: Calyrex\n|-damage|p2b: Sentret|8/100 brn\n|-unboost|p2b: Sentret|spe|1\n|move|p1a: Corviknight|Tailwind|p1a: Corviknight\n|-sidestart|p1: kitjay|move: Tailwind\n|move|p2a: Calyrex|Glacial Lance|p1a: Corviknight|[spread] p1a,p1b\n|-damage|p1a: Corviknight|54/100\n|-damage|p1b: Flutter Mane|0 fnt\n|faint|p1b: Flutter Mane\n|-end|p1b: Flutter Mane|Protosynthesis|[silent]\n|-ability|p2a: Calyrex|Chilling Neigh|boost\n|-boost|p2a: Calyrex|atk|1\n|\n|-damage|p2a: Calyrex|0 fnt|[from] brn\n|faint|p2a: Calyrex\n|-damage|p2b: Sentret|2/100 brn|[from] brn\n|upkeep\n|\n|t:|1774249754\n|switch|p1b: Zamazenta|Zamazenta-Crowned, L50|42/100\n|switch|p2a: Ho-Oh|Ho-Oh, L50|100/100\n|-ability|p1b: Zamazenta|Dauntless Shield|boost\n|-boost|p1b: Zamazenta|def|1\n|turn|7\n|\n|t:|1774249774\n|move|p2b: Sentret|Follow Me|p2b: Sentret\n|-singleturn|p2b: Sentret|move: Follow Me\n|move|p1b: Zamazenta|Snarl|p2a: Ho-Oh|[spread] p2b\n|-miss|p1b: Zamazenta|p2a: Ho-Oh\n|-damage|p2b: Sentret|0 fnt\n|faint|p2b: Sentret\n|move|p1a: Corviknight|Roost|p1a: Corviknight\n|-heal|p1a: Corviknight|100/100\n|-singleturn|p1a: Corviknight|move: Roost\n|move|p2a: Ho-Oh|Sacred Fire|p1a: Corviknight\n|-supereffective|p1a: Corviknight\n|-damage|p1a: Corviknight|6/100\n|-status|p1a: Corviknight|brn\n|-enditem|p1a: Corviknight|Sitrus Berry|[eat]\n|-heal|p1a: Corviknight|31/100 brn|[from] item: Sitrus Berry\n|\n|-damage|p1a: Corviknight|25/100 brn|[from] brn\n|upkeep\n|\n|t:|1774249786\n|switch|p2b: Ursaluna|Ursaluna-Bloodmoon, L50, M|100/100\n|turn|8\n|\n|t:|1774249808\n|-terastallize|p1a: Corviknight|Dragon\n|move|p2b: Ursaluna|Vacuum Wave|p1b: Zamazenta\n|-supereffective|p1b: Zamazenta\n|-damage|p1b: Zamazenta|19/100\n|move|p1b: Zamazenta|Body Press|p2b: Ursaluna\n|-supereffective|p2b: Ursaluna\n|-damage|p2b: Ursaluna|8/100\n|move|p1a: Corviknight|Roost|p1a: Corviknight\n|-heal|p1a: Corviknight|75/100 brn\n|move|p2a: Ho-Oh|Sacred Fire|p1b: Zamazenta\n|-supereffective|p1b: Zamazenta\n|-damage|p1b: Zamazenta|0 fnt\n|faint|p1b: Zamazenta\n|\n|-damage|p1a: Corviknight|69/100 brn|[from] brn\n|upkeep\n|turn|9\n|inactive|kitjay has 30 seconds left.\n|\n|t:|1774249833\n|move|p1a: Corviknight|Protect|p1a: Corviknight\n|-singleturn|p1a: Corviknight|Protect\n|move|p2b: Ursaluna|Vacuum Wave|p1a: Corviknight\n|-activate|p1a: Corviknight|move: Protect\n|move|p2a: Ho-Oh|Brave Bird|p1a: Corviknight\n|-activate|p1a: Corviknight|move: Protect\n|\n|-damage|p1a: Corviknight|63/100 brn|[from] brn\n|-sideend|p1: kitjay|move: Tailwind\n|upkeep\n|turn|10\n|\n|t:|1774249861\n|move|p2a: Ho-Oh|Brave Bird|p1a: Corviknight\n|-damage|p1a: Corviknight|11/100 brn\n|-damage|p2a: Ho-Oh|83/100|[from] Recoil\n|move|p1a: Corviknight|Roost|p1a: Corviknight\n|-heal|p1a: Corviknight|61/100 brn\n|move|p2b: Ursaluna|Blood Moon|p1a: Corviknight\n|-crit|p1a: Corviknight\n|-damage|p1a: Corviknight|0 fnt\n|faint|p1a: Corviknight\n|\n|win|conniecut\n|raw|kitjay's rating: 1127 &rarr; <strong>1109</strong><br />(-18 for losing)\n|raw|conniecut's rating: 1231 &rarr; <strong>1249</strong><br />(+18 for winning)\n|l|\u2606conniecut\n|player|p2|\n","uploadtime":1774250213,"views":14,"formatid":"gen9vgc2026regi","rating":1109,"private":0,"password":null}