{"id":"gen9vgc2026regi-2563373024","format":"[Gen 9] VGC 2026 Reg I","players":["nerd159","shangenb4"],"log":"|j|\u2606nerd159\n|j|\u2606shangenb4\n|t:|1774020689\n|gametype|doubles\n|player|p1|nerd159|169|1447\n|player|p2|shangenb4|170|1477\n|gen|9\n|tier|[Gen 9] VGC 2026 Reg I\n|rated|\n|rule|Species Clause: Limit one of each Pok\u00e9mon\n|rule|Item Clause: Limit 1 of each item\n|clearpoke\n|poke|p1|Zamazenta-*, L50|\n|poke|p1|Calyrex-Shadow, L50|\n|poke|p1|Excadrill, L50, M|\n|poke|p1|Tyranitar, L50, M|\n|poke|p1|Ogerpon-Wellspring, L50, F|\n|poke|p1|Farigiraf, L50, F|\n|poke|p2|Koraidon, L50|\n|poke|p2|Lunala, L50|\n|poke|p2|Flutter Mane, L50|\n|poke|p2|Chi-Yu, L50|\n|poke|p2|Raging Bolt, L50|\n|poke|p2|Indeedee-F, L50, F|\n|teampreview|4\n|inactive|Battle timer is ON: inactive players will automatically lose when time's up. (requested by shangenb4)\n|inactive|shangenb4 has 60 seconds left.\n|inactive|shangenb4 has 30 seconds left.\n|inactive|shangenb4 has 20 seconds left.\n|inactive|shangenb4 has 15 seconds left.\n|inactive|shangenb4 has 10 seconds left.\n|\n|t:|1774020770\n|teamsize|p1|4\n|teamsize|p2|4\n|start\n|switch|p1a: Zamazenta|Zamazenta-Crowned, L50|100/100\n|switch|p1b: Tyranitar|Tyranitar, L50, M|100/100\n|switch|p2a: Flutter Mane|Flutter Mane, L50|100/100\n|switch|p2b: Lunala|Lunala, L50|100/100\n|-ability|p1a: Zamazenta|Dauntless Shield|boost\n|-boost|p1a: Zamazenta|def|1\n|-weather|Sandstorm|[from] ability: Sand Stream|[of] p1b: Tyranitar\n|turn|1\n|\n|t:|1774020784\n|switch|p2b: Koraidon|Koraidon, L50|100/100\n|-weather|SunnyDay|[from] ability: Orichalcum Pulse|[of] p2b: Koraidon\n|-activate|p2a: Flutter Mane|ability: Protosynthesis\n|-start|p2a: Flutter Mane|protosynthesisspe\n|-activate|p2b: Koraidon|Orichalcum Pulse|[source]\n|move|p2a: Flutter Mane|Moonblast|p1b: Tyranitar\n|-supereffective|p1b: Tyranitar\n|-damage|p1b: Tyranitar|47/100\n|move|p1a: Zamazenta|Heavy Slam|p2a: Flutter Mane\n|-supereffective|p2a: Flutter Mane\n|-enditem|p2a: Flutter Mane|Focus Sash\n|-damage|p2a: Flutter Mane|1/100\n|move|p1b: Tyranitar|Knock Off|p2b: Koraidon\n|-resisted|p2b: Koraidon\n|-damage|p2b: Koraidon|82/100\n|-enditem|p2b: Koraidon|Clear Amulet|[from] move: Knock Off|[of] p1b: Tyranitar\n|\n|-weather|SunnyDay|[upkeep]\n|upkeep\n|turn|2\n|inactive|shangenb4 has 30 seconds left.\n|\n|t:|1774020816\n|switch|p1b: Farigiraf|Farigiraf, L50, F|100/100\n|-terastallize|p1a: Zamazenta|Fire\n|-terastallize|p2b: Koraidon|Fire\n|move|p2a: Flutter Mane|Moonblast|p1b: Farigiraf\n|-damage|p1b: Farigiraf|54/100\n|move|p1a: Zamazenta|Body Press|p2b: Koraidon\n|-damage|p2b: Koraidon|31/100\n|move|p2b: Koraidon|Flame Charge|p1a: Zamazenta\n|-resisted|p1a: Zamazenta\n|-damage|p1a: Zamazenta|86/100\n|-boost|p2b: Koraidon|spe|1\n|\n|-weather|SunnyDay|[upkeep]\n|upkeep\n|turn|3\n|inactive|shangenb4 has 30 seconds left.\n|inactive|shangenb4 has 20 seconds left.\n|inactive|shangenb4 has 15 seconds left.\n|inactive|shangenb4 has 10 seconds left.\n|inactive|shangenb4 has 5 seconds left.\n|\n|t:|1774020867\n|-end|p2a: Flutter Mane|Protosynthesis|[silent]\n|switch|p2a: Lunala|Lunala, L50|100/100\n|switch|p1b: Tyranitar|Tyranitar, L50, M|47/100\n|-weather|Sandstorm|[from] ability: Sand Stream|[of] p1b: Tyranitar\n|move|p2b: Koraidon|Protect|p2b: Koraidon\n|-singleturn|p2b: Koraidon|Protect\n|move|p1a: Zamazenta|Body Press|p2b: Koraidon\n|-activate|p2b: Koraidon|move: Protect\n|\n|-weather|Sandstorm|[upkeep]\n|-damage|p2b: Koraidon|25/100|[from] Sandstorm\n|-damage|p1a: Zamazenta|80/100|[from] Sandstorm\n|-damage|p2a: Lunala|94/100|[from] Sandstorm\n|upkeep\n|turn|4\n|\n|t:|1774020888\n|switch|p1b: Calyrex|Calyrex-Shadow, L50|100/100\n|-ability|p1b: Calyrex|As One\n|-ability|p1b: Calyrex|Unnerve\n|move|p2b: Koraidon|Collision Course|p1b: Calyrex\n|-immune|p1b: Calyrex\n|move|p1a: Zamazenta|Body Press|p2b: Koraidon\n|-damage|p2b: Koraidon|0 fnt\n|faint|p2b: Koraidon\n|move|p2a: Lunala|Meteor Beam||[still]\n|-prepare|p2a: Lunala|Meteor Beam\n|-boost|p2a: Lunala|spa|1\n|-enditem|p2a: Lunala|Power Herb\n|-anim|p2a: Lunala|Meteor Beam|p1a: Zamazenta\n|-supereffective|p1a: Zamazenta\n|-damage|p1a: Zamazenta|0 fnt\n|faint|p1a: Zamazenta\n|\n|-weather|Sandstorm|[upkeep]\n|-damage|p1b: Calyrex|95/100|[from] Sandstorm\n|-damage|p2a: Lunala|88/100|[from] Sandstorm\n|upkeep\n|inactive|shangenb4 has 30 seconds left.\n|\n|t:|1774020914\n|switch|p1a: Tyranitar|Tyranitar, L50, M|47/100\n|switch|p2b: Chi-Yu|Chi-Yu, L50|100/100\n|-ability|p2b: Chi-Yu|Beads of Ruin\n|turn|5\n|inactive|shangenb4 has 30 seconds left.\n|inactive|shangenb4 has 20 seconds left.\n|\n|t:|1774020950\n|move|p1b: Calyrex|Protect|p1b: Calyrex\n|-singleturn|p1b: Calyrex|Protect\n|move|p2b: Chi-Yu|Dark Pulse|p1b: Calyrex\n|-activate|p1b: Calyrex|move: Protect\n|move|p2a: Lunala|Moongeist Beam|p1a: Tyranitar\n|-resisted|p1a: Tyranitar\n|-damage|p1a: Tyranitar|26/100\n|move|p1a: Tyranitar|Rock Slide|p2b: Chi-Yu|[spread] p2a,p2b\n|-supereffective|p2b: Chi-Yu\n|-damage|p2a: Lunala|60/100\n|-damage|p2b: Chi-Yu|7/100\n|\n|-weather|Sandstorm|[upkeep]\n|-damage|p2b: Chi-Yu|0 fnt|[from] Sandstorm\n|-damage|p1b: Calyrex|89/100|[from] Sandstorm\n|-damage|p2a: Lunala|54/100|[from] Sandstorm\n|faint|p2b: Chi-Yu\n|upkeep\n|\n|t:|1774020968\n|switch|p2b: Flutter Mane|Flutter Mane, L50|1/100\n|turn|6\n|\n|t:|1774020978\n|switch|p1b: Farigiraf|Farigiraf, L50, F|54/100\n|move|p2a: Lunala|Wide Guard|p2a: Lunala\n|-singleturn|p2a: Lunala|Wide Guard\n|move|p2b: Flutter Mane|Icy Wind|p1a: Tyranitar|[spread] p1a,p1b\n|-damage|p1a: Tyranitar|22/100\n|-damage|p1b: Farigiraf|40/100\n|-unboost|p1a: Tyranitar|spe|1\n|-unboost|p1b: Farigiraf|spe|1\n|move|p1a: Tyranitar|Knock Off|p2a: Lunala\n|-supereffective|p2a: Lunala\n|-damage|p2a: Lunala|0 fnt\n|faint|p2a: Lunala\n|\n|-weather|Sandstorm|[upkeep]\n|-damage|p2b: Flutter Mane|0 fnt|[from] Sandstorm\n|-damage|p1b: Farigiraf|34/100|[from] Sandstorm\n|faint|p2b: Flutter Mane\n|-end|p2b: Flutter Mane|Protosynthesis|[silent]\n|\n|win|nerd159\n|raw|nerd159's rating: 1447 &rarr; <strong>1469</strong><br />(+22 for winning)\n|raw|shangenb4's rating: 1477 &rarr; <strong>1455</strong><br />(-22 for losing)\n|l|\u2606nerd159\n|player|p1|\n|l|\u2606shangenb4\n|player|p2|\n","uploadtime":1774021143,"views":34,"formatid":"gen9vgc2026regi","rating":1455,"private":0,"password":null}