{"id":"gen9vgc2026regi-2525714941","format":"[Gen 9] VGC 2026 Reg I","players":["kaseypocius","Bman311"],"log":"|j|\u2606kaseypocius\n|j|\u2606Bman311\n|t:|1769314301\n|gametype|doubles\n|player|p1|kaseypocius|ariana|1317\n|player|p2|Bman311|cynthia-gen7|1448\n|gen|9\n|tier|[Gen 9] VGC 2026 Reg I\n|rated|\n|rule|Species Clause: Limit one of each Pok\u00e9mon\n|rule|Item Clause: Limit 1 of each item\n|clearpoke\n|poke|p1|Incineroar, L50, F|\n|poke|p1|Rillaboom, L50, F|\n|poke|p1|Ursaluna-Bloodmoon, L50, M|\n|poke|p1|Calyrex-Ice, L50|\n|poke|p1|Lunala, L50|\n|poke|p1|Indeedee-F, L50, F|\n|poke|p2|Calyrex-Shadow, L50|\n|poke|p2|Zamazenta-*, L50|\n|poke|p2|Maushold-Four, L50|\n|poke|p2|Rillaboom, L50, M|\n|poke|p2|Incineroar, L50, F|\n|poke|p2|Raging Bolt, L50|\n|teampreview|4\n|inactive|Battle timer is ON: inactive players will automatically lose when time's up. (requested by Bman311)\n|\n|t:|1769314319\n|teamsize|p1|4\n|teamsize|p2|4\n|start\n|switch|p1a: Incineroar|Incineroar, L50, F|100/100\n|switch|p1b: Lunala|Lunala, L50|100/100\n|switch|p2a: Calyrex|Calyrex-Shadow, L50|100/100\n|switch|p2b: Maushold|Maushold-Four, L50|100/100\n|-ability|p2a: Calyrex|As One\n|-ability|p2a: Calyrex|Unnerve\n|-ability|p1a: Incineroar|Intimidate|boost\n|-unboost|p2a: Calyrex|atk|1\n|-unboost|p2b: Maushold|atk|1\n|turn|1\n|j| MegaP.Trainer\n|inactive|kaseypocius has 30 seconds left.\n|inactive|Bman311 has 30 seconds left.\n|inactive|kaseypocius has 20 seconds left.\n|\n|t:|1769314356\n|-terastallize|p1b: Lunala|Fairy\n|move|p2a: Calyrex|Protect|p2a: Calyrex\n|-singleturn|p2a: Calyrex|Protect\n|move|p1a: Incineroar|Fake Out|p2b: Maushold\n|-damage|p2b: Maushold|83/100\n|cant|p2b: Maushold|flinch\n|move|p1b: Lunala|Trick Room|p1b: Lunala\n|-fieldstart|move: Trick Room|[of] p1b: Lunala\n|\n|upkeep\n|turn|2\n|\n|t:|1769314368\n|move|p2b: Maushold|Follow Me|p2b: Maushold\n|-singleturn|p2b: Maushold|move: Follow Me\n|move|p1a: Incineroar|Knock Off|p2b: Maushold\n|-damage|p2b: Maushold|21/100\n|-enditem|p2b: Maushold|Focus Sash|[from] move: Knock Off|[of] p1a: Incineroar\n|move|p1b: Lunala|Moongeist Beam|p2b: Maushold\n|-immune|p2b: Maushold\n|move|p2a: Calyrex|Nasty Plot|p2a: Calyrex\n|-boost|p2a: Calyrex|spa|2\n|\n|upkeep\n|turn|3\n|\n|t:|1769314387\n|-terastallize|p2a: Calyrex|Dark\n|move|p2b: Maushold|Feint|p1b: Lunala\n|-damage|p1b: Lunala|98/100\n|move|p1a: Incineroar|Flare Blitz|p2a: Calyrex\n|-damage|p2a: Calyrex|60/100\n|-damage|p1a: Incineroar|88/100|[from] Recoil\n|move|p1b: Lunala|Moongeist Beam|p2a: Calyrex\n|-resisted|p2a: Calyrex\n|-damage|p2a: Calyrex|36/100\n|move|p2a: Calyrex|Astral Barrage|p1b: Lunala|[spread] p1a,p1b\n|-resisted|p1a: Incineroar\n|-damage|p1a: Incineroar|29/100\n|-damage|p1b: Lunala|0 fnt\n|faint|p1b: Lunala\n|-ability|p2a: Calyrex|Grim Neigh|boost\n|-boost|p2a: Calyrex|spa|1\n|-damage|p2a: Calyrex|26/100|[from] item: Life Orb\n|\n|upkeep\n|\n|t:|1769314397\n|switch|p1b: Calyrex|Calyrex-Ice, L50|100/100\n|-ability|p1b: Calyrex|As One\n|-ability|p1b: Calyrex|Unnerve\n|turn|4\n|\n|t:|1769314421\n|move|p2a: Calyrex|Protect|p2a: Calyrex\n|-singleturn|p2a: Calyrex|Protect\n|move|p1b: Calyrex|Glacial Lance|p2a: Calyrex|[spread] p2b\n|-activate|p2a: Calyrex|move: Protect\n|-damage|p2b: Maushold|0 fnt\n|faint|p2b: Maushold\n|-ability|p1b: Calyrex|Chilling Neigh|boost\n|-boost|p1b: Calyrex|atk|1\n|move|p1a: Incineroar|Parting Shot|p2a: Calyrex\n|-activate|p2a: Calyrex|move: Protect\n|\n|upkeep\n|\n|t:|1769314428\n|switch|p2b: Rillaboom|Rillaboom, L50, M|100/100\n|-fieldstart|move: Grassy Terrain|[from] ability: Grassy Surge|[of] p2b: Rillaboom\n|turn|5\n|\n|t:|1769314445\n|switch|p2a: Zamazenta|Zamazenta-Crowned, L50|100/100\n|-ability|p2a: Zamazenta|Dauntless Shield|boost\n|-boost|p2a: Zamazenta|def|1\n|move|p2b: Rillaboom|Fake Out|p1b: Calyrex\n|-damage|p1b: Calyrex|92/100\n|cant|p1b: Calyrex|flinch\n|move|p1a: Incineroar|Flare Blitz|p2b: Rillaboom\n|-supereffective|p2b: Rillaboom\n|-damage|p2b: Rillaboom|14/100\n|-damage|p1a: Incineroar|0 fnt|[from] Recoil\n|faint|p1a: Incineroar\n|\n|-heal|p1b: Calyrex|98/100|[from] Grassy Terrain\n|-heal|p1b: Calyrex|100/100|[from] item: Leftovers\n|-heal|p2b: Rillaboom|19/100|[from] Grassy Terrain\n|-fieldend|move: Trick Room\n|upkeep\n|\n|t:|1769314460\n|switch|p1a: Ursaluna|Ursaluna-Bloodmoon, L50, M|100/100\n|turn|6\n|\n|t:|1769314470\n|move|p1a: Ursaluna|Protect|p1a: Ursaluna\n|-singleturn|p1a: Ursaluna|Protect\n|move|p2a: Zamazenta|Behemoth Bash|p1b: Calyrex\n|-supereffective|p1b: Calyrex\n|-damage|p1b: Calyrex|47/100\n|move|p2b: Rillaboom|U-turn|p1b: Calyrex\n|-supereffective|p1b: Calyrex\n|-damage|p1b: Calyrex|20/100\n|\n|t:|1769314475\n|switch|p2b: Calyrex|Calyrex-Shadow, L50, tera:Dark|26/100|[from] U-turn\n|-ability|p2b: Calyrex|As One\n|-ability|p2b: Calyrex|Unnerve\n|move|p1b: Calyrex|Trick Room|p1b: Calyrex\n|-fieldstart|move: Trick Room|[of] p1b: Calyrex\n|\n|-heal|p1b: Calyrex|26/100|[from] Grassy Terrain\n|-heal|p1b: Calyrex|32/100|[from] item: Leftovers\n|-heal|p2b: Calyrex|32/100|[from] Grassy Terrain\n|upkeep\n|turn|7\n|\n|t:|1769314488\n|move|p2a: Zamazenta|Protect|p2a: Zamazenta\n|-singleturn|p2a: Zamazenta|Protect\n|move|p1b: Calyrex|Glacial Lance|p2a: Zamazenta|[spread] p2b\n|-activate|p2a: Zamazenta|move: Protect\n|-damage|p2b: Calyrex|0 fnt\n|faint|p2b: Calyrex\n|-ability|p1b: Calyrex|Chilling Neigh|boost\n|-boost|p1b: Calyrex|atk|1\n|move|p1a: Ursaluna|Earth Power|p2a: Zamazenta\n|-activate|p2a: Zamazenta|move: Protect\n|\n|-heal|p1b: Calyrex|38/100|[from] Grassy Terrain\n|-heal|p1b: Calyrex|43/100|[from] item: Leftovers\n|upkeep\n|\n|t:|1769314498\n|switch|p2b: Rillaboom|Rillaboom, L50, M|19/100\n|turn|8\n|\n|t:|1769314506\n|move|p1b: Calyrex|Protect|p1b: Calyrex\n|-singleturn|p1b: Calyrex|Protect\n|move|p1a: Ursaluna|Protect|p1a: Ursaluna\n|-singleturn|p1a: Ursaluna|Protect\n|move|p2b: Rillaboom|Fake Out|p1a: Ursaluna\n|-activate|p1a: Ursaluna|move: Protect\n|move|p2a: Zamazenta|Behemoth Bash|p1b: Calyrex\n|-activate|p1b: Calyrex|move: Protect\n|\n|-heal|p1b: Calyrex|49/100|[from] Grassy Terrain\n|-heal|p1b: Calyrex|55/100|[from] item: Leftovers\n|-heal|p2b: Rillaboom|25/100|[from] Grassy Terrain\n|upkeep\n|turn|9\n|\n|t:|1769314515\n|move|p2a: Zamazenta|Wide Guard|p2a: Zamazenta\n|-singleturn|p2a: Zamazenta|Wide Guard\n|move|p1b: Calyrex|Glacial Lance|p2b: Rillaboom|[spread] \n|-activate|p2a: Zamazenta|move: Wide Guard\n|-activate|p2b: Rillaboom|move: Wide Guard\n|move|p1a: Ursaluna|Earth Power|p2a: Zamazenta\n|-supereffective|p2a: Zamazenta\n|-damage|p2a: Zamazenta|2/100\n|-damage|p1a: Ursaluna|90/100|[from] item: Life Orb\n|move|p2b: Rillaboom|Wood Hammer|p1a: Ursaluna\n|-supereffective|p1a: Ursaluna\n|-damage|p1a: Ursaluna|0 fnt\n|faint|p1a: Ursaluna\n|-damage|p2b: Rillaboom|0 fnt|[from] Recoil\n|faint|p2b: Rillaboom\n|\n|-heal|p1b: Calyrex|61/100|[from] Grassy Terrain\n|-heal|p1b: Calyrex|67/100|[from] item: Leftovers\n|-heal|p2a: Zamazenta|8/100|[from] Grassy Terrain\n|-fieldend|move: Grassy Terrain\n|upkeep\n|turn|10\n|\n|t:|1769314536\n|move|p2a: Zamazenta|Protect||[still]\n|-fail|p2a: Zamazenta\n|move|p1b: Calyrex|Glacial Lance|p2a: Zamazenta\n|-resisted|p2a: Zamazenta\n|-damage|p2a: Zamazenta|0 fnt\n|faint|p2a: Zamazenta\n|\n|win|kaseypocius\n|raw|kaseypocius's rating: 1317 &rarr; <strong>1344</strong><br />(+27 for winning)\n|raw|Bman311's rating: 1448 &rarr; <strong>1421</strong><br />(-27 for losing)\n|l|\u2606Bman311\n|player|p2|\n|l|\u2606kaseypocius\n|player|p1|\n|j|\u2606kaseypocius\n|player|p1|kaseypocius|ariana|\n","uploadtime":1769314542,"views":16,"formatid":"gen9vgc2026regi","rating":1344,"private":0,"password":null}