{"id":"gen9vgc2026regi-2558213526","format":"[Gen 9] VGC 2026 Reg I","players":["blackred123\u6c38\u96cf\u5854\u83f2\u4fa0","Loiradotchan16"],"log":"|j|\u2606blackred123\u6c38\u96cf\u5854\u83f2\u4fa0\n|j|\u2606Loiradotchan16\n|t:|1773414312\n|gametype|doubles\n|player|p1|blackred123\u6c38\u96cf\u5854\u83f2\u4fa0|iono-masters|1429\n|player|p2|Loiradotchan16|266|1444\n|gen|9\n|tier|[Gen 9] VGC 2026 Reg I\n|rated|\n|rule|Species Clause: Limit one of each Pok\u00e9mon\n|rule|Item Clause: Limit 1 of each item\n|clearpoke\n|poke|p1|Groudon, L50|\n|poke|p1|Volcarona, L50, M|\n|poke|p1|Incineroar, L50, M|\n|poke|p1|Miraidon, L50|\n|poke|p1|Flutter Mane, L50|\n|poke|p1|Chien-Pao, L50|\n|poke|p2|Calyrex-Ice, L50|\n|poke|p2|Scraggy, L50, F|\n|poke|p2|Miraidon, L50|\n|poke|p2|Farigiraf, L50, F|\n|poke|p2|Iron Treads, L50|\n|poke|p2|Iron Hands, L50|\n|teampreview|4\n|inactive|Battle timer is ON: inactive players will automatically lose when time's up. (requested by Loiradotchan16)\n|inactive|blackred123\u6c38\u96cf\u5854\u83f2\u4fa0 also wants the timer to be on.\n|\n|t:|1773414340\n|teamsize|p1|4\n|teamsize|p2|4\n|start\n|switch|p1a: \u6c38\u96cf\u5854\u83f2|Groudon, L50|100/100\n|switch|p1b: \u94f6\u91d1\u5996\u86c7|Miraidon, L50, shiny|100/100\n|switch|p2a: Scraggy|Scraggy, L50, F|100/100\n|switch|p2b: Calyrex|Calyrex-Ice, L50|100/100\n|-ability|p2b: Calyrex|As One\n|-ability|p2b: Calyrex|Unnerve\n|-fieldstart|move: Electric Terrain|[from] ability: Hadron Engine|[of] p1b: \u94f6\u91d1\u5996\u86c7\n|-weather|SunnyDay|[from] ability: Drought|[of] p1a: \u6c38\u96cf\u5854\u83f2\n|-ability|p2a: Scraggy|Intimidate|boost\n|-unboost|p1a: \u6c38\u96cf\u5854\u83f2|atk|1\n|-unboost|p1b: \u94f6\u91d1\u5996\u86c7|atk|1\n|turn|1\n|\n|t:|1773414359\n|switch|p1b: \u629b\u4e0b\u864e\u54e5\u5578\u7a74|Incineroar, L50, M|100/100\n|-ability|p1b: \u629b\u4e0b\u864e\u54e5\u5578\u7a74|Intimidate|boost\n|-unboost|p2a: Scraggy|atk|1\n|-fail|p2b: Calyrex|unboost|[from] item: Clear Amulet|[of] p2b: Calyrex\n|-terastallize|p1a: \u6c38\u96cf\u5854\u83f2|Fire\n|-terastallize|p2b: Calyrex|Fire\n|move|p2a: Scraggy|Fake Out|p1b: \u629b\u4e0b\u864e\u54e5\u5578\u7a74\n|-damage|p1b: \u629b\u4e0b\u864e\u54e5\u5578\u7a74|96/100\n|-damage|p2a: Scraggy|84/100|[from] item: Rocky Helmet|[of] p1b: \u629b\u4e0b\u864e\u54e5\u5578\u7a74\n|move|p1a: \u6c38\u96cf\u5854\u83f2|Precipice Blades|p2b: Calyrex|[spread] p2a,p2b\n|-supereffective|p2b: Calyrex\n|-damage|p2a: Scraggy|50/100\n|-damage|p2b: Calyrex|59/100\n|move|p2b: Calyrex|Trick Room|p2b: Calyrex\n|-fieldstart|move: Trick Room|[of] p2b: Calyrex\n|\n|-weather|SunnyDay|[upkeep]\n|upkeep\n|turn|2\n|\n|t:|1773414383\n|move|p2b: Calyrex|Protect|p2b: Calyrex\n|-singleturn|p2b: Calyrex|Protect\n|move|p1b: \u629b\u4e0b\u864e\u54e5\u5578\u7a74|Fake Out|p2a: Scraggy\n|-damage|p2a: Scraggy|40/100\n|cant|p2a: Scraggy|flinch\n|move|p1a: \u6c38\u96cf\u5854\u83f2|Precipice Blades|p2a: Scraggy|[spread] p2a\n|-activate|p2b: Calyrex|move: Protect\n|-damage|p2a: Scraggy|8/100\n|\n|-weather|SunnyDay|[upkeep]\n|upkeep\n|turn|3\n|\n|t:|1773414399\n|switch|p1a: \u516d\u7ffc\u4e01\u771f|Volcarona, L50, M|100/100\n|-enditem|p1a: \u516d\u7ffc\u4e01\u771f|Electric Seed\n|-boost|p1a: \u516d\u7ffc\u4e01\u771f|def|1|[from] item: Electric Seed\n|move|p2a: Scraggy|Endeavor|p1a: \u516d\u7ffc\u4e01\u771f\n|-damage|p1a: \u516d\u7ffc\u4e01\u771f|6/100\n|move|p2b: Calyrex|Glacial Lance|p1b: \u629b\u4e0b\u864e\u54e5\u5578\u7a74|[spread] p1a,p1b\n|-resisted|p1a: \u516d\u7ffc\u4e01\u771f\n|-resisted|p1b: \u629b\u4e0b\u864e\u54e5\u5578\u7a74\n|-damage|p1a: \u516d\u7ffc\u4e01\u771f|0 fnt\n|-damage|p1b: \u629b\u4e0b\u864e\u54e5\u5578\u7a74|73/100\n|faint|p1a: \u516d\u7ffc\u4e01\u771f\n|-ability|p2b: Calyrex|Chilling Neigh|boost\n|-boost|p2b: Calyrex|atk|1\n|move|p1b: \u629b\u4e0b\u864e\u54e5\u5578\u7a74|Knock Off|p2a: Scraggy\n|-resisted|p2a: Scraggy\n|-damage|p2a: Scraggy|0 fnt\n|-enditem|p2a: Scraggy|Eviolite|[from] move: Knock Off|[of] p1b: \u629b\u4e0b\u864e\u54e5\u5578\u7a74\n|faint|p2a: Scraggy\n|\n|-weather|SunnyDay|[upkeep]\n|upkeep\n|\n|t:|1773414414\n|switch|p2a: Miraidon|Miraidon, L50|100/100\n|switch|p1a: \u6c38\u96cf\u5854\u83f2|Groudon, L50, tera:Fire|100/100\n|-activate|p2a: Miraidon|ability: Hadron Engine\n|turn|4\n|\n|t:|1773414425\n|move|p2b: Calyrex|High Horsepower|p1a: \u6c38\u96cf\u5854\u83f2\n|-supereffective|p1a: \u6c38\u96cf\u5854\u83f2\n|-damage|p1a: \u6c38\u96cf\u5854\u83f2|23/100\n|move|p1b: \u629b\u4e0b\u864e\u54e5\u5578\u7a74|Knock Off|p2a: Miraidon\n|-damage|p2a: Miraidon|64/100\n|-enditem|p2a: Miraidon|Choice Specs|[from] move: Knock Off|[of] p1b: \u629b\u4e0b\u864e\u54e5\u5578\u7a74\n|move|p1a: \u6c38\u96cf\u5854\u83f2|Precipice Blades|p2b: Calyrex|[spread] p2a,p2b\n|-supereffective|p2a: Miraidon\n|-supereffective|p2b: Calyrex\n|-damage|p2a: Miraidon|0 fnt\n|-damage|p2b: Calyrex|0 fnt\n|faint|p2a: Miraidon\n|faint|p2b: Calyrex\n|\n|-weather|SunnyDay|[upkeep]\n|upkeep\n|\n|t:|1773414436\n|switch|p2a: Iron Treads|Iron Treads, L50|100/100\n|-activate|p2a: Iron Treads|ability: Quark Drive\n|-start|p2a: Iron Treads|quarkdrivespe\n|turn|5\n|\n|t:|1773414442\n|move|p1b: \u629b\u4e0b\u864e\u54e5\u5578\u7a74|Will-O-Wisp|p2a: Iron Treads\n|-status|p2a: Iron Treads|brn\n|move|p1a: \u6c38\u96cf\u5854\u83f2|Precipice Blades|p2a: Iron Treads\n|-supereffective|p2a: Iron Treads\n|-damage|p2a: Iron Treads|0 fnt\n|faint|p2a: Iron Treads\n|-end|p2a: Iron Treads|Quark Drive|[silent]\n|\n|win|blackred123\u6c38\u96cf\u5854\u83f2\u4fa0\n|raw|blackred123\u6c38\u96cf\u5854\u83f2\u4fa0's rating: 1429 &rarr; <strong>1450</strong><br />(+21 for winning)\n|raw|Loiradotchan16's rating: 1444 &rarr; <strong>1423</strong><br />(-21 for losing)\n|l|\u2606Loiradotchan16\n|player|p2|\n|l|\u2606blackred123\u6c38\u96cf\u5854\u83f2\u4fa0\n|player|p1|\n","uploadtime":1773414626,"views":19,"formatid":"gen9vgc2026regi","rating":1423,"private":0,"password":null}