{"id":"gen9vgc2026regi-2558946791","format":"[Gen 9] VGC 2026 Reg I","players":["Bellsproutfanwill","PATRIOTS_VG"],"log":"|j|\u2606Bellsproutfanwill\n|j|\u2606PATRIOTS_VG\n|t:|1773504638\n|gametype|doubles\n|player|p1|Bellsproutfanwill|hiker-gen4|1567\n|player|p2|PATRIOTS_VG|drayden|1481\n|gen|9\n|tier|[Gen 9] VGC 2026 Reg I\n|rated|\n|rule|Species Clause: Limit one of each Pok\u00e9mon\n|rule|Item Clause: Limit 1 of each item\n|clearpoke\n|poke|p1|Terapagos, L50, M|\n|poke|p1|Grimmsnarl, L50, M|\n|poke|p1|Rillaboom, L50, M|\n|poke|p1|Incineroar, L50, M|\n|poke|p1|Calyrex-Shadow, L50|\n|poke|p1|Chi-Yu, L50|\n|poke|p2|Ogerpon-Hearthflame, L50, F|\n|poke|p2|Raging Bolt, L50|\n|poke|p2|Whimsicott, L50, F|\n|poke|p2|Chien-Pao, L50|\n|poke|p2|Zamazenta-*, L50|\n|poke|p2|Calyrex-Shadow, L50|\n|teampreview|4\n|inactive|Battle timer is ON: inactive players will automatically lose when time's up. (requested by PATRIOTS_VG)\n|\n|t:|1773504670\n|teamsize|p1|4\n|teamsize|p2|4\n|start\n|switch|p1a: Terapagos|Terapagos, L50, M|100/100\n|switch|p1b: Grimmsnarl|Grimmsnarl, L50, M|100/100\n|switch|p2a: Calyrex|Calyrex-Shadow, L50|100/100\n|switch|p2b: Whimsicott|Whimsicott, L50, F|100/100\n|-activate|p1a: Terapagos|ability: Tera Shift\n|detailschange|p1a: Terapagos|Terapagos-Terastal, L50, M\n|-heal|p1a: Terapagos|100/100|[silent]\n|-ability|p2a: Calyrex|As One\n|-ability|p2a: Calyrex|Unnerve\n|turn|1\n|\n|t:|1773504690\n|move|p2a: Calyrex|Protect|p2a: Calyrex\n|-singleturn|p2a: Calyrex|Protect\n|move|p1b: Grimmsnarl|Light Screen|p1b: Grimmsnarl\n|-sidestart|p1: Bellsproutfanwill|move: Light Screen\n|move|p2b: Whimsicott|Moonblast|p1a: Terapagos\n|-activate|p1a: Terapagos|ability: Tera Shell\n|-resisted|p1a: Terapagos\n|-damage|p1a: Terapagos|93/100\n|move|p1a: Terapagos|Tera Starstorm|p2b: Whimsicott\n|-damage|p2b: Whimsicott|35/100\n|\n|-heal|p1a: Terapagos|99/100|[from] item: Leftovers\n|upkeep\n|turn|2\n|\n|t:|1773504711\n|-terastallize|p1a: Terapagos|Stellar\n|detailschange|p1a: Terapagos|Terapagos-Stellar, L50, M, tera:Stellar\n|-heal|p1a: Terapagos|99/100|[silent]\n|move|p2b: Whimsicott|Fake Tears|p1a: Terapagos\n|-unboost|p1a: Terapagos|spd|2\n|move|p1b: Grimmsnarl|Thunder Wave|p2a: Calyrex\n|-status|p2a: Calyrex|par\n|move|p2a: Calyrex|Psychic|p1a: Terapagos\n|-damage|p1a: Terapagos|37/100\n|-damage|p2a: Calyrex|91/100 par|[from] item: Life Orb\n|move|p1a: Terapagos|Tera Starstorm|p2a: Calyrex|[spread] p2a,p2b\n|-damage|p2a: Calyrex|45/100 par\n|-damage|p2b: Whimsicott|0 fnt\n|faint|p2b: Whimsicott\n|\n|-heal|p1a: Terapagos|43/100|[from] item: Leftovers\n|upkeep\n|\n|t:|1773504728\n|switch|p2b: Chien-Pao|Chien-Pao, L50|100/100\n|-ability|p2b: Chien-Pao|Sword of Ruin\n|turn|3\n|\n|t:|1773504741\n|switch|p1a: Chi-Yu|Chi-Yu, L50|100/100\n|-ability|p1a: Chi-Yu|Beads of Ruin\n|move|p2b: Chien-Pao|Ice Spinner|p1b: Grimmsnarl\n|-damage|p1b: Grimmsnarl|52/100\n|cant|p2a: Calyrex|par\n|move|p1b: Grimmsnarl|Spirit Break|p2b: Chien-Pao\n|-supereffective|p2b: Chien-Pao\n|-damage|p2b: Chien-Pao|18/100\n|-unboost|p2b: Chien-Pao|spa|1\n|\n|upkeep\n|turn|4\n|\n|t:|1773504756\n|move|p2b: Chien-Pao|Protect|p2b: Chien-Pao\n|-singleturn|p2b: Chien-Pao|Protect\n|move|p1b: Grimmsnarl|Reflect|p1b: Grimmsnarl\n|-sidestart|p1: Bellsproutfanwill|Reflect\n|move|p1a: Chi-Yu|Heat Wave|p2b: Chien-Pao|[spread] p2a\n|-activate|p2b: Chien-Pao|move: Protect\n|-damage|p2a: Calyrex|0 fnt\n|faint|p2a: Calyrex\n|\n|upkeep\n|\n|t:|1773504762\n|switch|p2a: Zamazenta|Zamazenta-Crowned, L50|100/100\n|-ability|p2a: Zamazenta|Dauntless Shield|boost\n|-boost|p2a: Zamazenta|def|1\n|turn|5\n|\n|t:|1773504777\n|move|p2a: Zamazenta|Wide Guard|p2a: Zamazenta\n|-singleturn|p2a: Zamazenta|Wide Guard\n|move|p1b: Grimmsnarl|Thunder Wave|p2a: Zamazenta\n|-status|p2a: Zamazenta|par\n|move|p1a: Chi-Yu|Heat Wave|p2b: Chien-Pao|[spread] \n|-activate|p2a: Zamazenta|move: Wide Guard\n|-activate|p2b: Chien-Pao|move: Wide Guard\n|move|p2b: Chien-Pao|Ice Spinner|p1b: Grimmsnarl\n|-damage|p1b: Grimmsnarl|12/100\n|\n|upkeep\n|turn|6\n|\n|t:|1773504791\n|move|p2a: Zamazenta|Wide Guard|p2a: Zamazenta\n|-singleturn|p2a: Zamazenta|Wide Guard\n|move|p1a: Chi-Yu|Heat Wave|p2b: Chien-Pao|[spread] \n|-activate|p2a: Zamazenta|move: Wide Guard\n|-activate|p2b: Chien-Pao|move: Wide Guard\n|move|p2b: Chien-Pao|Ice Spinner|p1b: Grimmsnarl\n|-damage|p1b: Grimmsnarl|0 fnt\n|faint|p1b: Grimmsnarl\n|\n|upkeep\n|\n|t:|1773504802\n|switch|p1b: Calyrex|Calyrex-Shadow, L50|100/100\n|-ability|p1b: Calyrex|As One\n|-ability|p1b: Calyrex|Unnerve\n|turn|7\n|\n|t:|1773504809\n|move|p2a: Zamazenta|Wide Guard|p2a: Zamazenta\n|-singleturn|p2a: Zamazenta|Wide Guard\n|move|p1a: Chi-Yu|Heat Wave|p2b: Chien-Pao|[spread] \n|-activate|p2a: Zamazenta|move: Wide Guard\n|-activate|p2b: Chien-Pao|move: Wide Guard\n|move|p1b: Calyrex|Pollen Puff|p2b: Chien-Pao\n|-supereffective|p2b: Chien-Pao\n|-damage|p2b: Chien-Pao|0 fnt\n|faint|p2b: Chien-Pao\n|-ability|p1b: Calyrex|Grim Neigh|boost\n|-boost|p1b: Calyrex|spa|1\n|\n|upkeep\n|turn|8\n|-message|PATRIOTS_VG forfeited.\n|\n|win|Bellsproutfanwill\n|raw|Bellsproutfanwill's rating: 1567 &rarr; <strong>1582</strong><br />(+15 for winning)\n|raw|PATRIOTS_VG's rating: 1481 &rarr; <strong>1466</strong><br />(-15 for losing)\n|l|\u2606PATRIOTS_VG\n|player|p2|\n|l|\u2606Bellsproutfanwill\n|player|p1|\n","uploadtime":1773504988,"views":25,"formatid":"gen9vgc2026regi","rating":1466,"private":0,"password":null}