{"id":"gen9vgc2026regi-2548413301","format":"[Gen 9] VGC 2026 Reg I","players":["Schimmli","Paviskii"],"log":"|j|\u2606Schimmli\n|j|\u203dPaviskii\n|t:|1772212530\n|gametype|doubles\n|player|p1|Schimmli|265|1416\n|player|p2|Paviskii|medium|1402\n|gen|9\n|tier|[Gen 9] VGC 2026 Reg I\n|rated|\n|rule|Species Clause: Limit one of each Pok\u00e9mon\n|rule|Item Clause: Limit 1 of each item\n|clearpoke\n|poke|p1|Calyrex-Ice, L50|\n|poke|p1|Groudon, L50|\n|poke|p1|Raging Bolt, L50|\n|poke|p1|Smeargle, L50, F|\n|poke|p1|Flutter Mane, L50|\n|poke|p1|Chi-Yu, L50|\n|poke|p2|Urshifu-*, L50, M|\n|poke|p2|Incineroar, L50, F|\n|poke|p2|Rillaboom, L50, F|\n|poke|p2|Calyrex-Shadow, L50|\n|poke|p2|Zamazenta-*, L50|\n|poke|p2|Ceruledge, L50, F|\n|teampreview|4\n|inactive|Battle timer is ON: inactive players will automatically lose when time's up. (requested by Paviskii)\n|inactive|Schimmli has 60 seconds left.\n|\n|t:|1772212564\n|teamsize|p1|4\n|teamsize|p2|4\n|start\n|switch|p1a: Groudon|Groudon, L50|100/100\n|switch|p1b: Smeargle|Smeargle, L50, F|100/100\n|switch|p2a: Urshifu|Urshifu, L50, M|100/100\n|switch|p2b: Ceruledge|Ceruledge, L50, F|100/100\n|-weather|SunnyDay|[from] ability: Drought|[of] p1a: Groudon\n|turn|1\n|\n|t:|1772212585\n|-terastallize|p2b: Ceruledge|Grass\n|move|p1b: Smeargle|Fake Out|p2a: Urshifu\n|-damage|p2a: Urshifu|96/100\n|move|p1a: Groudon|Precipice Blades|p2b: Ceruledge|[spread] p2a,p2b\n|-resisted|p2b: Ceruledge\n|-damage|p2a: Urshifu|54/100\n|-damage|p2b: Ceruledge|69/100\n|cant|p2a: Urshifu|flinch\n|move|p2b: Ceruledge|Bitter Blade|p1a: Groudon\n|-crit|p1a: Groudon\n|-damage|p1a: Groudon|29/100\n|-heal|p2b: Ceruledge|100/100|[from] drain|[of] p1a: Groudon\n|\n|-weather|SunnyDay|[upkeep]\n|-ability|p1b: Smeargle|Moody|boost\n|-boost|p1b: Smeargle|spe|2\n|-unboost|p1b: Smeargle|def|1\n|upkeep\n|turn|2\n|inactive|Schimmli has 30 seconds left.\n|inactive|Schimmli has 20 seconds left.\n|\n|t:|1772212623\n|move|p1b: Smeargle|Decorate|p1a: Groudon\n|-boost|p1a: Groudon|atk|2\n|-boost|p1a: Groudon|spa|2\n|move|p1a: Groudon|Precipice Blades|p2b: Ceruledge|[spread] p2a,p2b\n|-resisted|p2b: Ceruledge\n|-damage|p2a: Urshifu|0 fnt\n|-damage|p2b: Ceruledge|44/100\n|faint|p2a: Urshifu\n|move|p2b: Ceruledge|Bitter Blade|p1a: Groudon\n|-damage|p1a: Groudon|0 fnt\n|-heal|p2b: Ceruledge|59/100|[from] drain|[of] p1a: Groudon\n|faint|p1a: Groudon\n|\n|-weather|SunnyDay|[upkeep]\n|-ability|p1b: Smeargle|Moody|boost\n|-boost|p1b: Smeargle|spd|2\n|-unboost|p1b: Smeargle|spe|1\n|upkeep\n|\n|t:|1772212643\n|switch|p1a: Chi-Yu|Chi-Yu, L50|100/100\n|switch|p2a: Zamazenta|Zamazenta-Crowned, L50|100/100\n|-ability|p1a: Chi-Yu|Beads of Ruin\n|-ability|p2a: Zamazenta|Dauntless Shield|boost\n|-boost|p2a: Zamazenta|def|1\n|turn|3\n|\n|t:|1772212653\n|move|p2a: Zamazenta|Protect|p2a: Zamazenta\n|-singleturn|p2a: Zamazenta|Protect\n|move|p1a: Chi-Yu|Dark Pulse|p2b: Ceruledge\n|-damage|p2b: Ceruledge|0 fnt\n|faint|p2b: Ceruledge\n|move|p1b: Smeargle|Spore|p2a: Zamazenta\n|-activate|p2a: Zamazenta|move: Protect\n|\n|-weather|SunnyDay|[upkeep]\n|-ability|p1b: Smeargle|Moody|boost\n|-boost|p1b: Smeargle|def|2\n|-unboost|p1b: Smeargle|spe|1\n|upkeep\n|\n|t:|1772212658\n|switch|p2b: Calyrex|Calyrex-Shadow, L50|100/100\n|-ability|p2b: Calyrex|As One\n|-ability|p2b: Calyrex|Unnerve\n|turn|4\n|\n|t:|1772212670\n|move|p1b: Smeargle|Follow Me|p1b: Smeargle\n|-singleturn|p1b: Smeargle|move: Follow Me\n|move|p1a: Chi-Yu|Dark Pulse|p2b: Calyrex\n|-supereffective|p2b: Calyrex\n|-enditem|p2b: Calyrex|Focus Sash\n|-damage|p2b: Calyrex|1/100\n|move|p2b: Calyrex|Taunt|p1b: Smeargle\n|-start|p1b: Smeargle|move: Taunt\n|move|p2a: Zamazenta|Body Press|p1b: Smeargle\n|-supereffective|p1b: Smeargle\n|-enditem|p1b: Smeargle|Focus Sash\n|-damage|p1b: Smeargle|1/100\n|\n|-weather|SunnyDay|[upkeep]\n|-ability|p1b: Smeargle|Moody|boost\n|-boost|p1b: Smeargle|spa|2\n|-unboost|p1b: Smeargle|spe|1\n|upkeep\n|turn|5\n|\n|t:|1772212693\n|switch|p1b: Calyrex|Calyrex-Ice, L50|100/100\n|-ability|p1b: Calyrex|As One\n|-ability|p1b: Calyrex|Unnerve\n|-terastallize|p1a: Chi-Yu|Ghost\n|move|p2b: Calyrex|Protect|p2b: Calyrex\n|-singleturn|p2b: Calyrex|Protect\n|move|p1a: Chi-Yu|Dark Pulse|p2b: Calyrex\n|-activate|p2b: Calyrex|move: Protect\n|move|p2a: Zamazenta|Behemoth Bash|p1a: Chi-Yu\n|-damage|p1a: Chi-Yu|27/100\n|\n|-weather|none\n|upkeep\n|turn|6\n|\n|t:|1772212716\n|move|p2b: Calyrex|Protect||[still]\n|-fail|p2b: Calyrex\n|move|p1a: Chi-Yu|Dark Pulse|p2b: Calyrex\n|-supereffective|p2b: Calyrex\n|-damage|p2b: Calyrex|0 fnt\n|faint|p2b: Calyrex\n|move|p2a: Zamazenta|Behemoth Bash|p1a: Chi-Yu\n|-damage|p1a: Chi-Yu|0 fnt\n|faint|p1a: Chi-Yu\n|move|p1b: Calyrex|High Horsepower|p2a: Zamazenta\n|-supereffective|p2a: Zamazenta\n|-damage|p2a: Zamazenta|69/100\n|\n|upkeep\n|\n|t:|1772212724\n|switch|p1a: Smeargle|Smeargle, L50, F|1/100\n|turn|7\n|\n|t:|1772212731\n|move|p2a: Zamazenta|Protect|p2a: Zamazenta\n|-singleturn|p2a: Zamazenta|Protect\n|move|p1a: Smeargle|Fake Out|p2a: Zamazenta\n|-activate|p2a: Zamazenta|move: Protect\n|move|p1b: Calyrex|Trick Room|p1b: Calyrex\n|-fieldstart|move: Trick Room|[of] p1b: Calyrex\n|\n|-ability|p1a: Smeargle|Moody|boost\n|-boost|p1a: Smeargle|spa|2\n|-unboost|p1a: Smeargle|def|1\n|upkeep\n|turn|8\n|\n|t:|1772212738\n|move|p1b: Calyrex|High Horsepower|p2a: Zamazenta\n|-supereffective|p2a: Zamazenta\n|-crit|p2a: Zamazenta\n|-damage|p2a: Zamazenta|0 fnt\n|faint|p2a: Zamazenta\n|\n|win|Schimmli\n|raw|Schimmli's rating: 1416 &rarr; <strong>1435</strong><br />(+19 for winning)\n|raw|Paviskii's rating: 1402 &rarr; <strong>1383</strong><br />(-19 for losing)\n|l|\u2606Schimmli\n|player|p1|\n|l|\u203dPaviskii\n|player|p2|\n","uploadtime":1772212987,"views":13,"formatid":"gen9vgc2026regi","rating":1383,"private":0,"password":null}