{"id":"gen9vgc2026regi-2555887566","format":"[Gen 9] VGC 2026 Reg I","players":["fogdocker","SaltyCore69"],"log":"|j|\u2606fogdocker\n|j|\u2606SaltyCore69\n|t:|1773148927\n|gametype|doubles\n|player|p1|fogdocker|169|1444\n|player|p2|SaltyCore69|veteran|1386\n|gen|9\n|tier|[Gen 9] VGC 2026 Reg I\n|rated|\n|rule|Species Clause: Limit one of each Pok\u00e9mon\n|rule|Item Clause: Limit 1 of each item\n|clearpoke\n|poke|p1|Calyrex-Ice, L50|\n|poke|p1|Koraidon, L50|\n|poke|p1|Flutter Mane, L50|\n|poke|p1|Incineroar, L50, M|\n|poke|p1|Rillaboom, L50, M|\n|poke|p1|Annihilape, L50, F|\n|poke|p2|Calyrex-Ice, L50|\n|poke|p2|Ogerpon-Cornerstone, L50, F|\n|poke|p2|Iron Jugulis, L50|\n|poke|p2|Miraidon, L50|\n|poke|p2|Iron Bundle, L50|\n|poke|p2|Oranguru, L50, F|\n|teampreview|4\n|inactive|Battle timer is ON: inactive players will automatically lose when time's up. (requested by SaltyCore69)\n|\n|t:|1773148956\n|teamsize|p1|4\n|teamsize|p2|4\n|start\n|switch|p1a: Calyrex|Calyrex-Ice, L50|100/100\n|switch|p1b: Rillaboom|Rillaboom, L50, M|100/100\n|switch|p2a: Oranguru|Oranguru, L50, F|100/100\n|switch|p2b: Iron Jugulis|Iron Jugulis, L50|100/100\n|-ability|p1a: Calyrex|As One\n|-ability|p1a: Calyrex|Unnerve\n|-fieldstart|move: Grassy Terrain|[from] ability: Grassy Surge|[of] p1b: Rillaboom\n|-enditem|p2b: Iron Jugulis|Booster Energy\n|-activate|p2b: Iron Jugulis|ability: Quark Drive|[fromitem]\n|-start|p2b: Iron Jugulis|quarkdrivespe\n|turn|1\n|\n|t:|1773148975\n|move|p2b: Iron Jugulis|Protect|p2b: Iron Jugulis\n|-singleturn|p2b: Iron Jugulis|Protect\n|move|p1b: Rillaboom|Fake Out|p2b: Iron Jugulis\n|-activate|p2b: Iron Jugulis|move: Protect\n|move|p2a: Oranguru|Gravity|p2a: Oranguru\n|-fieldstart|move: Gravity\n|move|p1a: Calyrex|Glacial Lance|p2b: Iron Jugulis|[spread] p2a\n|-activate|p2b: Iron Jugulis|move: Protect\n|-damage|p2a: Oranguru|50/100\n|\n|-heal|p2a: Oranguru|56/100|[from] Grassy Terrain\n|upkeep\n|turn|2\n|inactive|SaltyCore69 has 30 seconds left.\n|inactive|SaltyCore69 has 20 seconds left.\n|inactive|SaltyCore69 has 15 seconds left.\n|inactive|SaltyCore69 has 10 seconds left.\n|\n|t:|1773149022\n|move|p2a: Oranguru|Protect|p2a: Oranguru\n|-singleturn|p2a: Oranguru|Protect\n|move|p1a: Calyrex|Protect|p1a: Calyrex\n|-singleturn|p1a: Calyrex|Protect\n|move|p2b: Iron Jugulis|Hurricane|p1b: Rillaboom\n|-supereffective|p1b: Rillaboom\n|-damage|p1b: Rillaboom|38/100\n|move|p1b: Rillaboom|U-turn|p2b: Iron Jugulis\n|-crit|p2b: Iron Jugulis\n|-damage|p2b: Iron Jugulis|70/100\n|\n|t:|1773149029\n|switch|p1b: Incineroar|Incineroar, L50, M|100/100|[from] U-turn\n|-ability|p1b: Incineroar|Intimidate|boost\n|-fail|p2a: Oranguru|unboost|Attack|[from] ability: Inner Focus|[of] p2a: Oranguru\n|-unboost|p2b: Iron Jugulis|atk|1\n|\n|-heal|p2b: Iron Jugulis|76/100|[from] Grassy Terrain\n|-heal|p2a: Oranguru|62/100|[from] Grassy Terrain\n|upkeep\n|turn|3\n|inactive|SaltyCore69 has 30 seconds left.\n|\n|t:|1773149055\n|move|p2b: Iron Jugulis|Hurricane|p1a: Calyrex\n|-damage|p1a: Calyrex|72/100\n|move|p1b: Incineroar|Knock Off|p2a: Oranguru\n|-supereffective|p2a: Oranguru\n|-damage|p2a: Oranguru|0 fnt\n|-enditem|p2a: Oranguru|Mental Herb|[from] move: Knock Off|[of] p1b: Incineroar\n|faint|p2a: Oranguru\n|move|p1a: Calyrex|Glacial Lance|p2b: Iron Jugulis\n|-supereffective|p2b: Iron Jugulis\n|-damage|p2b: Iron Jugulis|0 fnt\n|faint|p2b: Iron Jugulis\n|-end|p2b: Iron Jugulis|Quark Drive|[silent]\n|-ability|p1a: Calyrex|Chilling Neigh|boost\n|-boost|p1a: Calyrex|atk|1\n|\n|-heal|p1a: Calyrex|77/100|[from] Grassy Terrain\n|-heal|p1a: Calyrex|83/100|[from] item: Leftovers\n|upkeep\n|\n|t:|1773149070\n|switch|p2b: Calyrex|Calyrex-Ice, L50|100/100\n|switch|p2a: Miraidon|Miraidon, L50|100/100\n|-ability|p2b: Calyrex|As One\n|-ability|p2b: Calyrex|Unnerve\n|-fieldstart|move: Electric Terrain|[from] ability: Hadron Engine|[of] p2a: Miraidon\n|turn|4\n|inactive|SaltyCore69 has 30 seconds left.\n|\n|t:|1773149096\n|switch|p1b: Rillaboom|Rillaboom, L50, M|38/100\n|-fieldstart|move: Grassy Terrain|[from] ability: Grassy Surge|[of] p1b: Rillaboom\n|-terastallize|p2a: Miraidon|Fairy\n|move|p2a: Miraidon|Dazzling Gleam|p1b: Rillaboom|[spread] p1a,p1b\n|-crit|p1a: Calyrex\n|-damage|p1a: Calyrex|37/100\n|-damage|p1b: Rillaboom|6/100\n|move|p2b: Calyrex|Glacial Lance|p1a: Calyrex|[spread] p1a,p1b\n|-resisted|p1a: Calyrex\n|-supereffective|p1b: Rillaboom\n|-damage|p1a: Calyrex|22/100\n|-damage|p1b: Rillaboom|0 fnt\n|faint|p1b: Rillaboom\n|-ability|p2b: Calyrex|Chilling Neigh|boost\n|-boost|p2b: Calyrex|atk|1\n|move|p1a: Calyrex|Glacial Lance|p2b: Calyrex|[spread] p2a,p2b\n|-resisted|p2b: Calyrex\n|-damage|p2a: Miraidon|27/100\n|-damage|p2b: Calyrex|79/100\n|\n|-heal|p2a: Miraidon|33/100|[from] Grassy Terrain\n|-heal|p2b: Calyrex|85/100|[from] Grassy Terrain\n|-heal|p1a: Calyrex|28/100|[from] Grassy Terrain\n|-heal|p1a: Calyrex|33/100|[from] item: Leftovers\n|upkeep\n|inactive|fogdocker has 30 seconds left.\n|inactive|fogdocker has 20 seconds left.\n|\n|t:|1773149133\n|switch|p1b: Incineroar|Incineroar, L50, M|100/100\n|-ability|p1b: Incineroar|Intimidate|boost\n|-unboost|p2a: Miraidon|atk|1\n|-fail|p2b: Calyrex|unboost|[from] item: Clear Amulet|[of] p2b: Calyrex\n|turn|5\n|\n|t:|1773149141\n|move|p1b: Incineroar|Fake Out|p2a: Miraidon\n|-damage|p2a: Miraidon|22/100\n|cant|p2a: Miraidon|flinch\n|move|p2b: Calyrex|High Horsepower|p1a: Calyrex\n|-damage|p1a: Calyrex|4/100\n|move|p1a: Calyrex|Glacial Lance|p2a: Miraidon|[spread] p2a,p2b\n|-resisted|p2b: Calyrex\n|-damage|p2a: Miraidon|0 fnt\n|-damage|p2b: Calyrex|64/100\n|faint|p2a: Miraidon\n|-ability|p1a: Calyrex|Chilling Neigh|boost\n|-boost|p1a: Calyrex|atk|1\n|\n|-heal|p2b: Calyrex|70/100|[from] Grassy Terrain\n|-heal|p1a: Calyrex|10/100|[from] Grassy Terrain\n|-heal|p1a: Calyrex|15/100|[from] item: Leftovers\n|-fieldend|move: Gravity\n|upkeep\n|turn|6\n|\n|t:|1773149154\n|move|p1a: Calyrex|Protect|p1a: Calyrex\n|-singleturn|p1a: Calyrex|Protect\n|move|p1b: Incineroar|Knock Off|p2b: Calyrex\n|-supereffective|p2b: Calyrex\n|-damage|p2b: Calyrex|26/100\n|-enditem|p2b: Calyrex|Clear Amulet|[from] move: Knock Off|[of] p1b: Incineroar\n|move|p2b: Calyrex|High Horsepower|p1a: Calyrex\n|-activate|p1a: Calyrex|move: Protect\n|\n|-heal|p2b: Calyrex|32/100|[from] Grassy Terrain\n|-heal|p1a: Calyrex|21/100|[from] Grassy Terrain\n|-heal|p1a: Calyrex|27/100|[from] item: Leftovers\n|upkeep\n|turn|7\n|\n|t:|1773149167\n|move|p1b: Incineroar|Flare Blitz|p2b: Calyrex\n|-supereffective|p2b: Calyrex\n|-damage|p2b: Calyrex|0 fnt\n|faint|p2b: Calyrex\n|-damage|p1b: Incineroar|90/100|[from] Recoil\n|\n|win|fogdocker\n|raw|fogdocker's rating: 1444 &rarr; <strong>1461</strong><br />(+17 for winning)\n|raw|SaltyCore69's rating: 1386 &rarr; <strong>1369</strong><br />(-17 for losing)\n|l|\u2606SaltyCore69\n|player|p2|\n|l|\u2606fogdocker\n|player|p1|\n","uploadtime":1773149327,"views":32,"formatid":"gen9vgc2026regi","rating":1369,"private":0,"password":null}