{"id":"gen9vgc2026regi-2560897273","format":"[Gen 9] VGC 2026 Reg I","players":["caltond","4Test4"],"log":"|j|\u2606caltond\n|j|\u26064Test4\n|t:|1773744475\n|gametype|doubles\n|player|p1|caltond|265|1157\n|player|p2|4Test4|blue|1106\n|gen|9\n|tier|[Gen 9] VGC 2026 Reg I\n|rated|\n|rule|Species Clause: Limit one of each Pok\u00e9mon\n|rule|Item Clause: Limit 1 of each item\n|clearpoke\n|poke|p1|Miraidon, L50|\n|poke|p1|Raikou, L50|\n|poke|p1|Calyrex-Ice, L50|\n|poke|p1|Urshifu-*, L50, M|\n|poke|p1|Whimsicott, L50, M|\n|poke|p1|Dipplin, L50, F|\n|poke|p2|Groudon, L50|\n|poke|p2|Brute Bonnet, L50|\n|poke|p2|Lunala, L50|\n|poke|p2|Incineroar, L50, F|\n|poke|p2|Walking Wake, L50|\n|poke|p2|Flamigo, L50, M|\n|teampreview|4\n|inactive|Battle timer is ON: inactive players will automatically lose when time's up. (requested by caltond)\n|inactive|4Test4 has 60 seconds left.\n|\n|t:|1773744515\n|teamsize|p1|4\n|teamsize|p2|4\n|start\n|switch|p1a: Raikou|Raikou, L50|100/100\n|switch|p1b: Urshifu|Urshifu-Rapid-Strike, L50, M|100/100\n|switch|p2a: Groudon|Groudon, L50|100/100\n|switch|p2b: Incineroar|Incineroar, L50, F|100/100\n|-weather|SunnyDay|[from] ability: Drought|[of] p2a: Groudon\n|-ability|p2b: Incineroar|Intimidate|boost\n|-fail|p1a: Raikou|unboost|Attack|[from] ability: Inner Focus|[of] p1a: Raikou\n|-unboost|p1b: Urshifu|atk|1\n|turn|1\n|\n|t:|1773744538\n|-terastallize|p2a: Groudon|Water\n|move|p1b: Urshifu|Surging Strikes|p2b: Incineroar\n|-supereffective|p2b: Incineroar\n|-crit|p2b: Incineroar\n|-damage|p2b: Incineroar|83/100\n|-supereffective|p2b: Incineroar\n|-crit|p2b: Incineroar\n|-damage|p2b: Incineroar|67/100\n|-supereffective|p2b: Incineroar\n|-crit|p2b: Incineroar\n|-damage|p2b: Incineroar|49/100\n|-hitcount|p2b: Incineroar|3\n|move|p1a: Raikou|Reflect|p1a: Raikou\n|-sidestart|p1: caltond|Reflect\n|move|p2a: Groudon|Precipice Blades|p1b: Urshifu|[spread] p1a,p1b\n|-supereffective|p1a: Raikou\n|-damage|p1a: Raikou|29/100\n|-damage|p1b: Urshifu|63/100\n|move|p2b: Incineroar|U-turn|p1b: Urshifu\n|-resisted|p1b: Urshifu\n|-damage|p1b: Urshifu|57/100\n|\n|t:|1773744557\n|switch|p2b: Brute Bonnet|Brute Bonnet, L50|100/100|[from] U-turn\n|-activate|p2b: Brute Bonnet|ability: Protosynthesis\n|-start|p2b: Brute Bonnet|protosynthesisdef\n|\n|-weather|SunnyDay|[upkeep]\n|upkeep\n|turn|2\n|\n|t:|1773744571\n|switch|p1b: Miraidon|Miraidon, L50|100/100\n|-fieldstart|move: Electric Terrain|[from] ability: Hadron Engine|[of] p1b: Miraidon\n|move|p2a: Groudon|Protect|p2a: Groudon\n|-singleturn|p2a: Groudon|Protect\n|move|p1a: Raikou|Volt Switch|p2b: Brute Bonnet\n|-resisted|p2b: Brute Bonnet\n|-damage|p2b: Brute Bonnet|87/100\n|\n|t:|1773744581\n|switch|p1a: Urshifu|Urshifu-Rapid-Strike, L50, M|57/100|[from] Volt Switch\n|move|p2b: Brute Bonnet|Seed Bomb|p1b: Miraidon\n|-resisted|p1b: Miraidon\n|-damage|p1b: Miraidon|91/100\n|\n|-weather|SunnyDay|[upkeep]\n|upkeep\n|turn|3\n|\n|t:|1773744598\n|move|p2b: Brute Bonnet|Rage Powder|p2b: Brute Bonnet\n|-singleturn|p2b: Brute Bonnet|move: Rage Powder\n|move|p1a: Urshifu|U-turn|p2b: Brute Bonnet\n|-supereffective|p2b: Brute Bonnet\n|-damage|p2b: Brute Bonnet|30/100\n|\n|t:|1773744602\n|switch|p1a: Raikou|Raikou, L50|29/100|[from] U-turn\n|move|p1b: Miraidon|Parabolic Charge|p2a: Groudon|[spread] p1a,p2a,p2b\n|-resisted|p1a: Raikou\n|-supereffective|p2a: Groudon\n|-resisted|p2b: Brute Bonnet\n|-damage|p1a: Raikou|13/100\n|-heal|p1b: Miraidon|99/100|[from] drain|[of] p1a: Raikou\n|-damage|p2a: Groudon|21/100\n|-heal|p1b: Miraidon|100/100|[from] drain|[of] p2a: Groudon\n|-damage|p2b: Brute Bonnet|12/100\n|move|p2a: Groudon|Precipice Blades|p1b: Miraidon|[spread] p1a,p1b\n|-supereffective|p1a: Raikou\n|-supereffective|p1b: Miraidon\n|-damage|p1a: Raikou|0 fnt\n|-damage|p1b: Miraidon|44/100\n|faint|p1a: Raikou\n|\n|-weather|SunnyDay|[upkeep]\n|upkeep\n|\n|t:|1773744618\n|switch|p1a: Urshifu|Urshifu-Rapid-Strike, L50, M|57/100\n|turn|4\n|inactive|4Test4 has 30 seconds left.\n|\n|t:|1773744649\n|switch|p2a: Incineroar|Incineroar, L50, F|49/100\n|-ability|p2a: Incineroar|Intimidate|boost\n|-unboost|p1a: Urshifu|atk|1\n|-unboost|p1b: Miraidon|atk|1\n|-end|p2b: Brute Bonnet|Protosynthesis|[silent]\n|switch|p2b: Lunala|Lunala, L50|100/100\n|move|p1a: Urshifu|U-turn|p2b: Lunala\n|-damage|p2b: Lunala|95/100\n|\n|t:|1773744657\n|switch|p1a: Calyrex|Calyrex-Ice, L50|100/100|[from] U-turn\n|-ability|p1a: Calyrex|As One\n|-ability|p1a: Calyrex|Unnerve\n|-enditem|p1a: Calyrex|Electric Seed\n|-boost|p1a: Calyrex|def|1|[from] item: Electric Seed\n|move|p1b: Miraidon|Parabolic Charge|p2a: Incineroar|[spread] p1a,p2a,p2b\n|-damage|p1a: Calyrex|71/100\n|-heal|p1b: Miraidon|59/100|[from] drain|[of] p1a: Calyrex\n|-damage|p2a: Incineroar|26/100\n|-heal|p1b: Miraidon|70/100|[from] drain|[of] p2a: Incineroar\n|-damage|p2b: Lunala|68/100\n|-heal|p1b: Miraidon|86/100|[from] drain|[of] p2b: Lunala\n|\n|-weather|SunnyDay|[upkeep]\n|-heal|p2b: Lunala|74/100|[from] item: Leftovers\n|upkeep\n|turn|5\n|\n|t:|1773744680\n|-terastallize|p1a: Calyrex|Fire\n|move|p1b: Miraidon|Dazzling Gleam|p2b: Lunala|[spread] p2a,p2b\n|-crit|p2b: Lunala\n|-damage|p2a: Incineroar|9/100\n|-damage|p2b: Lunala|46/100\n|move|p2b: Lunala|Moongeist Beam|p1a: Calyrex\n|-damage|p1a: Calyrex|41/100\n|move|p1a: Calyrex|Leech Seed|p2b: Lunala\n|-start|p2b: Lunala|move: Leech Seed\n|move|p2a: Incineroar|Knock Off|p1a: Calyrex\n|-damage|p1a: Calyrex|35/100\n|\n|-weather|none\n|-heal|p2b: Lunala|52/100|[from] item: Leftovers\n|-damage|p2b: Lunala|40/100|[from] Leech Seed|[of] p1a: Calyrex\n|-heal|p1a: Calyrex|49/100|[silent]\n|upkeep\n|turn|6\n|inactive|caltond has 30 seconds left.\n|\n|t:|1773744708\n|move|p2b: Lunala|Protect|p2b: Lunala\n|-singleturn|p2b: Lunala|Protect\n|move|p1b: Miraidon|Draco Meteor|p2b: Lunala\n|-activate|p2b: Lunala|move: Protect\n|move|p2a: Incineroar|Knock Off|p1b: Miraidon\n|-damage|p1b: Miraidon|63/100\n|-enditem|p1b: Miraidon|Scope Lens|[from] move: Knock Off|[of] p2a: Incineroar\n|move|p1a: Calyrex|Trick Room|p1a: Calyrex\n|-fieldstart|move: Trick Room|[of] p1a: Calyrex\n|\n|-heal|p2b: Lunala|46/100|[from] item: Leftovers\n|-damage|p2b: Lunala|34/100|[from] Leech Seed|[of] p1a: Calyrex\n|-heal|p1a: Calyrex|64/100|[silent]\n|-fieldend|move: Electric Terrain\n|upkeep\n|turn|7\n|\n|t:|1773744728\n|move|p1a: Calyrex|Protect|p1a: Calyrex\n|-singleturn|p1a: Calyrex|Protect\n|move|p2b: Lunala|Wide Guard|p2b: Lunala\n|-singleturn|p2b: Lunala|Wide Guard\n|move|p2a: Incineroar|Knock Off|p1b: Miraidon\n|-damage|p1b: Miraidon|48/100\n|move|p1b: Miraidon|Parabolic Charge|p2a: Incineroar|[spread] \n|-activate|p2a: Incineroar|move: Wide Guard\n|-activate|p2b: Lunala|move: Wide Guard\n|-activate|p1a: Calyrex|move: Protect\n|\n|-heal|p2b: Lunala|40/100|[from] item: Leftovers\n|-damage|p2b: Lunala|28/100|[from] Leech Seed|[of] p1a: Calyrex\n|-heal|p1a: Calyrex|78/100|[silent]\n|upkeep\n|turn|8\n|\n|t:|1773744744\n|move|p2b: Lunala|Protect||[still]\n|-fail|p2b: Lunala\n|move|p2a: Incineroar|U-turn|p1b: Miraidon\n|-damage|p1b: Miraidon|37/100\n|\n|t:|1773744749\n|switch|p2a: Groudon|Groudon, L50, tera:Water|21/100|[from] U-turn\n|-weather|SunnyDay|[from] ability: Drought|[of] p2a: Groudon\n|move|p1a: Calyrex|Glacial Lance|p2b: Lunala|[spread] p2a,p2b\n|-resisted|p2a: Groudon\n|-damage|p2a: Groudon|6/100\n|-damage|p2b: Lunala|0 fnt\n|faint|p2b: Lunala\n|-ability|p1a: Calyrex|Chilling Neigh|boost\n|-boost|p1a: Calyrex|atk|1\n|move|p1b: Miraidon|Draco Meteor|p2a: Groudon\n|-damage|p2a: Groudon|0 fnt\n|-unboost|p1b: Miraidon|spa|2\n|faint|p2a: Groudon\n|\n|-weather|SunnyDay|[upkeep]\n|-sideend|p1: caltond|Reflect\n|upkeep\n|-message|4Test4 forfeited.\n|\n|win|caltond\n|raw|caltond's rating: 1157 &rarr; <strong>1178</strong><br />(+21 for winning)\n|raw|4Test4's rating: 1106 &rarr; <strong>1085</strong><br />(-21 for losing)\n|l|\u26064Test4\n|player|p2|\n|l|\u2606caltond\n|player|p1|\n","uploadtime":1773745114,"views":11,"formatid":"gen9vgc2026regi","rating":1085,"private":0,"password":null}