{"id":"gen9vgc2026regi-2522176866","format":"[Gen 9] VGC 2026 Reg I","players":["lyxxx","Goat mode"],"log":"|j|\u2606lyxxx\n|j|\u2606Goat mode\n|t:|1768868092\n|gametype|doubles\n|player|p1|lyxxx|170|1140\n|player|p2|Goat mode|n|1149\n|gen|9\n|tier|[Gen 9] VGC 2026 Reg I\n|rated|\n|rule|Species Clause: Limit one of each Pok\u00e9mon\n|rule|Item Clause: Limit 1 of each item\n|clearpoke\n|poke|p1|Calyrex-Ice, L50|\n|poke|p1|Kyogre, L50|\n|poke|p1|Smeargle, L50, F|\n|poke|p1|Indeedee-F, L50, F|\n|poke|p1|Urshifu-*, L50, F|\n|poke|p1|Ursaluna-Bloodmoon, L50, M|\n|poke|p2|Lunala, L50|\n|poke|p2|Groudon, L50|\n|poke|p2|Incineroar, L50, F|\n|poke|p2|Bronzong, L50|\n|poke|p2|Smeargle, L50, F|\n|poke|p2|Iron Hands, L50|\n|teampreview|4\n|inactive|Battle timer is ON: inactive players will automatically lose when time's up. (requested by lyxxx)\n|\n|t:|1768868118\n|teamsize|p1|4\n|teamsize|p2|4\n|start\n|switch|p1a: Calyrex|Calyrex-Ice, L50|100/100\n|switch|p1b: Indeedee|Indeedee-F, L50, F|100/100\n|switch|p2a: Lunala|Lunala, L50, shiny|100/100\n|switch|p2b: Bronzong|Bronzong, L50|100/100\n|-ability|p1a: Calyrex|As One\n|-ability|p1a: Calyrex|Unnerve\n|-fieldstart|move: Psychic Terrain|[from] ability: Psychic Surge|[of] p1b: Indeedee\n|turn|1\n|inactive|lyxxx has 30 seconds left.\n|inactive|Goat mode has 30 seconds left.\n|\n|t:|1768868151\n|-terastallize|p1a: Calyrex|Grass\n|move|p2a: Lunala|Wide Guard|p2a: Lunala\n|-singleturn|p2a: Lunala|Wide Guard\n|move|p1b: Indeedee|Psychic|p2a: Lunala\n|-resisted|p2a: Lunala\n|-damage|p2a: Lunala|93/100\n|move|p2b: Bronzong|Body Press|p1a: Calyrex\n|-damage|p1a: Calyrex|84/100\n|move|p1a: Calyrex|Crunch|p2a: Lunala\n|-supereffective|p2a: Lunala\n|-damage|p2a: Lunala|0 fnt\n|faint|p2a: Lunala\n|-ability|p1a: Calyrex|Chilling Neigh|boost\n|-boost|p1a: Calyrex|atk|1\n|\n|upkeep\n|\n|t:|1768868166\n|switch|p2a: Groudon|Groudon, L50|100/100\n|-weather|SunnyDay|[from] ability: Drought|[of] p2a: Groudon\n|turn|2\n|\n|t:|1768868185\n|move|p1b: Indeedee|Follow Me|p1b: Indeedee\n|-singleturn|p1b: Indeedee|move: Follow Me\n|move|p2a: Groudon|Will-O-Wisp|p1b: Indeedee|[miss]\n|-miss|p2a: Groudon|p1b: Indeedee\n|move|p2b: Bronzong|Body Press|p1b: Indeedee\n|-damage|p1b: Indeedee|66/100\n|move|p1a: Calyrex|Trick Room|p1a: Calyrex\n|-fieldstart|move: Trick Room|[of] p1a: Calyrex\n|\n|-weather|SunnyDay|[upkeep]\n|upkeep\n|turn|3\n|\n|t:|1768868199\n|move|p2a: Groudon|Protect|p2a: Groudon\n|-singleturn|p2a: Groudon|Protect\n|move|p1b: Indeedee|Follow Me|p1b: Indeedee\n|-singleturn|p1b: Indeedee|move: Follow Me\n|move|p1a: Calyrex|Glacial Lance|p2b: Bronzong|[spread] p2b\n|-activate|p2a: Groudon|move: Protect\n|-resisted|p2b: Bronzong\n|-damage|p2b: Bronzong|69/100\n|move|p2b: Bronzong|Body Press|p1b: Indeedee\n|-damage|p1b: Indeedee|36/100\n|\n|-weather|SunnyDay|[upkeep]\n|upkeep\n|turn|4\n|\n|t:|1768868217\n|-terastallize|p2a: Groudon|Water\n|move|p2b: Bronzong|Helping Hand|p2a: Groudon\n|-singleturn|p2a: Groudon|Helping Hand|[of] p2b: Bronzong\n|move|p1b: Indeedee|Follow Me|p1b: Indeedee\n|-singleturn|p1b: Indeedee|move: Follow Me\n|move|p1a: Calyrex|Glacial Lance|p2a: Groudon|[spread] p2a,p2b\n|-resisted|p2a: Groudon\n|-resisted|p2b: Bronzong\n|-damage|p2a: Groudon|72/100\n|-damage|p2b: Bronzong|37/100\n|move|p2a: Groudon|Precipice Blades|p1a: Calyrex|[spread] p1a,p1b\n|-resisted|p1a: Calyrex\n|-damage|p1a: Calyrex|61/100\n|-damage|p1b: Indeedee|0 fnt\n|faint|p1b: Indeedee\n|\n|-weather|SunnyDay|[upkeep]\n|upkeep\n|\n|t:|1768868235\n|switch|p1b: Kyogre|Kyogre, L50|100/100\n|-weather|RainDance|[from] ability: Drizzle|[of] p1b: Kyogre\n|turn|5\n|\n|t:|1768868249\n|move|p1b: Kyogre|Water Spout|p2b: Bronzong|[spread] p2a,p2b\n|-resisted|p2a: Groudon\n|-damage|p2a: Groudon|29/100\n|-damage|p2b: Bronzong|0 fnt\n|faint|p2b: Bronzong\n|move|p1a: Calyrex|Glacial Lance|p2a: Groudon\n|-resisted|p2a: Groudon\n|-damage|p2a: Groudon|0 fnt\n|faint|p2a: Groudon\n|-ability|p1a: Calyrex|Chilling Neigh|boost\n|-boost|p1a: Calyrex|atk|1\n|\n|-weather|RainDance|[upkeep]\n|-fieldend|move: Psychic Terrain\n|upkeep\n|-message|Goat mode forfeited.\n|\n|win|lyxxx\n|raw|lyxxx's rating: 1140 &rarr; <strong>1166</strong><br />(+26 for winning)\n|raw|Goat mode's rating: 1149 &rarr; <strong>1123</strong><br />(-26 for losing)\n|l|\u2606Goat mode\n|player|p2|\n|l|\u2606lyxxx\n|player|p1|\n","uploadtime":1768868622,"views":14,"formatid":"gen9vgc2026regi","rating":1123,"private":0,"password":null}