{"id":"gen9vgc2026regi-2581527583","format":"[Gen 9] VGC 2026 Reg I","players":["mycat>Incineroar","PPYYY"],"log":"|j|\u2606mycat>Incineroar\n|j|\u2606PPYYY\n|t:|1776008370\n|gametype|doubles\n|player|p1|mycat>Incineroar|266|\n|player|p2|PPYYY|miku-water|\n|gen|9\n|tier|[Gen 9] VGC 2026 Reg I\n|rated|Tournament battle\n|rule|Species Clause: Limit one of each Pok\u00e9mon\n|rule|Item Clause: Limit 1 of each item\n|raw|<div class=\"infobox\"><details class=\"readmore\" open><summary><strong>3 custom rules:</strong></summary> Open Team Sheets, Force Open Team Sheets, !Open Team Sheets</details></div>\n|clearpoke\n|poke|p1|Lunala, L50|\n|poke|p1|Calyrex-Ice, L50|\n|poke|p1|Incineroar, L50, M|\n|poke|p1|Iron Hands, L50|\n|poke|p1|Kingambit, L50, M|\n|poke|p1|Indeedee-F, L50, F|\n|poke|p2|Scream Tail, L50|\n|poke|p2|Rillaboom, L50, F|\n|poke|p2|Urshifu-*, L50, F|\n|poke|p2|Incineroar, L50, F|\n|poke|p2|Calyrex-Shadow, L50|\n|poke|p2|Zamazenta-*, L50|\n|teampreview|4\n|showteam|p1|Lunala||PowerHerb|ShadowShield|MeteorBeam,WideGuard,ExpandingForce,MoongeistBeam||||||50|,,,,,Dark]Calyrex-Ice||ClearAmulet|AsOneGlastrier|GlacialLance,Protect,HighHorsepower,TrickRoom||||||50|,,,,,Fire]Incineroar||SafetyGoggles|Intimidate|KnockOff,WillOWisp,FakeOut,PartingShot|||M|||50|,,,,,Ghost]Iron Hands||AssaultVest|QuarkDrive|FakeOut,WildCharge,VoltSwitch,DrainPunch||||||50|,,,,,Water]Kingambit||SitrusBerry|Defiant|KowtowCleave,SuckerPunch,IronHead,Protect|||M|||50|,,,,,Dark]Indeedee-F||RockyHelmet|PsychicSurge|ShadowBall,FollowMe,HelpingHand,TrickRoom|||F|||50|,,,,,Water\n|showteam|p2|Scream Tail||BoosterEnergy|Protosynthesis|DazzlingGleam,Encore,Disable,Protect||||||50|,,,,,Dark]Rillaboom||AssaultVest|GrassySurge|FakeOut,WoodHammer,GrassyGlide,Uturn|||F|||50|,,,,,Fire]Urshifu-Rapid-Strike||FocusSash|UnseenFist|SurgingStrikes,AquaJet,Taunt,Detect|||F|||50|,,,,,Grass]Incineroar||CovertCloak|Intimidate|FakeOut,WillOWisp,KnockOff,PartingShot|||F|||50|,,,,,Bug]Calyrex-Shadow||SpellTag|AsOneSpectrier|AstralBarrage,Psychic,NastyPlot,Protect||||||50|,,,,,Water]Zamazenta-Crowned||RustedShield|DauntlessShield|BodyPress,HeavySlam,WideGuard,Protect||||||50|,,,,,Ghost\n|j| oReverse\n|j| coolguy58213\n|c|\u2606PPYYY|one sec\n|c|\u2606PPYYY|srry\n|c|\u2606mycat>Incineroar|ur good man\n|c|\u2606PPYYY|thx\n|c|\u2606mycat>Incineroar|im questioning how my 1000 elo bum ass got to quarter finals\n|l| oReverse\n|j| oReverse\n|c|\u2606PPYYY|dw\n|j| aurora ltd\n|j| monkeychese\n|\n|t:|1776008550\n|teamsize|p1|4\n|teamsize|p2|4\n|start\n|switch|p1a: Honse|Calyrex-Ice, L50|100/100\n|switch|p1b: Indeedee|Indeedee-F, L50, F|100/100\n|switch|p2a: Urshifu|Urshifu-Rapid-Strike, L50, F|100/100\n|switch|p2b: Zamazenta|Zamazenta-Crowned, L50|100/100\n|-ability|p1a: Honse|As One\n|-ability|p1a: Honse|Unnerve\n|-ability|p2b: Zamazenta|Dauntless Shield|boost\n|-boost|p2b: Zamazenta|def|1\n|-fieldstart|move: Psychic Terrain|[from] ability: Psychic Surge|[of] p1b: Indeedee\n|turn|1\n|c| monkeychese|hey\n|\n|t:|1776008578\n|move|p1b: Indeedee|Follow Me|p1b: Indeedee\n|-singleturn|p1b: Indeedee|move: Follow Me\n|move|p2b: Zamazenta|Body Press|p1b: Indeedee\n|-damage|p1b: Indeedee|29/100\n|-damage|p2b: Zamazenta|84/100|[from] item: Rocky Helmet|[of] p1b: Indeedee\n|move|p2a: Urshifu|Taunt|p1b: Indeedee\n|-start|p1b: Indeedee|move: Taunt\n|move|p1a: Honse|Trick Room|p1a: Honse\n|-fieldstart|move: Trick Room|[of] p1a: Honse\n|\n|upkeep\n|turn|2\n|c| monkeychese|my 1100 elo bum ass made finals\n|c| monkeychese|you can do it\n|c|\u2606mycat>Incineroar|bet\n|c|\u2606mycat>Incineroar|in the last 6 months i have only played f h and champion but i got this\n|c| monkeychese|yeah you got this\n|\n|t:|1776008613\n|switch|p1b: Pancake|Lunala, L50, shiny|100/100\n|move|p2a: Urshifu|Detect|p2a: Urshifu\n|-singleturn|p2a: Urshifu|Protect\n|move|p2b: Zamazenta|Protect|p2b: Zamazenta\n|-singleturn|p2b: Zamazenta|Protect\n|move|p1a: Honse|High Horsepower|p2b: Zamazenta\n|-activate|p2b: Zamazenta|move: Protect\n|\n|upkeep\n|turn|3\n|\n|t:|1776008636\n|switch|p2a: Rillaboom|Rillaboom, L50, F|100/100\n|-fieldstart|move: Grassy Terrain|[from] ability: Grassy Surge|[of] p2a: Rillaboom\n|move|p1a: Honse|High Horsepower|p2b: Zamazenta\n|-supereffective|p2b: Zamazenta\n|-damage|p2b: Zamazenta|57/100\n|move|p1b: Pancake|Expanding Force|p2a: Rillaboom\n|-damage|p2a: Rillaboom|72/100\n|move|p2b: Zamazenta|Body Press|p1a: Honse\n|-crit|p1a: Honse\n|-damage|p1a: Honse|29/100\n|\n|-heal|p1a: Honse|35/100|[from] Grassy Terrain\n|-heal|p2a: Rillaboom|78/100|[from] Grassy Terrain\n|-heal|p2b: Zamazenta|63/100|[from] Grassy Terrain\n|upkeep\n|turn|4\n|j| connerpforehead\n|\n|t:|1776008671\n|switch|p2a: Urshifu|Urshifu-Rapid-Strike, L50, F|100/100\n|move|p2b: Zamazenta|Wide Guard|p2b: Zamazenta\n|-singleturn|p2b: Zamazenta|Wide Guard\n|move|p1a: Honse|High Horsepower|p2b: Zamazenta\n|-supereffective|p2b: Zamazenta\n|-damage|p2b: Zamazenta|34/100\n|move|p1b: Pancake|Moongeist Beam|p2b: Zamazenta\n|-damage|p2b: Zamazenta|0 fnt\n|faint|p2b: Zamazenta\n|\n|-heal|p1a: Honse|41/100|[from] Grassy Terrain\n|upkeep\n|c| monkeychese|finally somebody understands the tera water csr\n|\n|t:|1776008695\n|switch|p2b: Rillaboom|Rillaboom, L50, F|78/100\n|turn|5\n|j| khungcanh\n|l| khungcanh\n|\n|t:|1776008714\n|switch|p1a: Indeedee|Indeedee-F, L50, F|29/100\n|-fieldstart|move: Psychic Terrain|[from] ability: Psychic Surge|[of] p1a: Indeedee\n|-terastallize|p2b: Rillaboom|Fire\n|move|p2b: Rillaboom|U-turn|p1b: Pancake\n|-damage|p1b: Pancake|91/100\n|\n|t:|1776008720\n|switch|p2b: Calyrex|Calyrex-Shadow, L50|100/100|[from] U-turn\n|-ability|p2b: Calyrex|As One\n|-ability|p2b: Calyrex|Unnerve\n|move|p1b: Pancake|Expanding Force|p2a: Urshifu|[spread] p2a,p2b\n|-supereffective|p2a: Urshifu\n|-resisted|p2b: Calyrex\n|-enditem|p2a: Urshifu|Focus Sash\n|-damage|p2a: Urshifu|1/100\n|-damage|p2b: Calyrex|69/100\n|move|p2a: Urshifu|Surging Strikes|p1a: Indeedee\n|-crit|p1a: Indeedee\n|-damage|p1a: Indeedee|7/100\n|-damage|p2a: Urshifu|0 fnt|[from] item: Rocky Helmet|[of] p1a: Indeedee\n|faint|p2a: Urshifu\n|-hitcount|p1a: Indeedee|1\n|\n|-fieldend|move: Trick Room\n|upkeep\n|\n|t:|1776008723\n|switch|p2a: Rillaboom|Rillaboom, L50, F, tera:Fire|78/100\n|-fieldstart|move: Grassy Terrain|[from] ability: Grassy Surge|[of] p2a: Rillaboom\n|turn|6\n|j| sgrace\n|l| sgrace\n|\n|t:|1776008744\n|switch|p1a: Kingambit|Kingambit, L50, M|100/100\n|move|p1b: Pancake|Wide Guard|p1b: Pancake\n|-singleturn|p1b: Pancake|Wide Guard\n|move|p2a: Rillaboom|Grassy Glide|p1a: Kingambit\n|-resisted|p1a: Kingambit\n|-damage|p1a: Kingambit|89/100\n|move|p2b: Calyrex|Nasty Plot|p2b: Calyrex\n|-boost|p2b: Calyrex|spa|2\n|\n|-heal|p2b: Calyrex|75/100|[from] Grassy Terrain\n|-heal|p1b: Pancake|98/100|[from] Grassy Terrain\n|-heal|p2a: Rillaboom|84/100|[from] Grassy Terrain\n|-heal|p1a: Kingambit|95/100|[from] Grassy Terrain\n|upkeep\n|turn|7\n|j| Midbusssssss\n|c|\u2606mycat>Incineroar|uh oh\n|c|\u2606PPYYY|ggwp\n|c| monkeychese|hollup\n|c|\u2606mycat>Incineroar|like gg i won or gg im cooked gg\n|c| monkeychese|let him cook\n|c|\u2606PPYYY|u won\n|\n|t:|1776008786\n|move|p1b: Pancake|Wide Guard|p1b: Pancake\n|-singleturn|p1b: Pancake|Wide Guard\n|move|p1a: Kingambit|Sucker Punch|p2b: Calyrex\n|-supereffective|p2b: Calyrex\n|-damage|p2b: Calyrex|0 fnt\n|faint|p2b: Calyrex\n|move|p2a: Rillaboom|Wood Hammer|p1b: Pancake\n|-damage|p1b: Pancake|46/100\n|-damage|p2a: Rillaboom|64/100|[from] Recoil\n|\n|-heal|p1b: Pancake|52/100|[from] Grassy Terrain\n|-heal|p2a: Rillaboom|70/100|[from] Grassy Terrain\n|-heal|p1a: Kingambit|100/100|[from] Grassy Terrain\n|upkeep\n|turn|8\n|c|\u2606mycat>Incineroar|i did?\n|-message|PPYYY forfeited.\n|\n|win|mycat>Incineroar\n|n|\u2606mycat>Incineroar|mycatincineroar\n|n|\u2606PPYYY|ppyyy\n|n| coolguy58213|coolguy58213\n|n| oReverse|oreverse\n|n| aurora ltd|auroraltd\n|n| monkeychese|monkeychese\n|n| connerpforehead|connerpforehead\n|n| Midbusssssss|midbusssssss\n|c|\u2606mycat>Incineroar|ohhhhh i did\n|c| monkeychese|brother\n|c|\u2606PPYYY|gl\n|l| connerpforehead\n|c|\u2606mycat>Incineroar|gg\n|l|\u2606PPYYY\n|player|p2|\n|c|\u2606mycat>Incineroar|wp\n|l| coolguy58213\n|l| monkeychese\n|l| Midbusssssss\n|l| oReverse\n","uploadtime":1776008793,"views":9,"formatid":"gen9vgc2026regi","rating":null,"private":0,"password":null}