{"id":"gen9vgc2026regi-2560576831","format":"[Gen 9] VGC 2026 Reg I","players":["pigs2fly","Soul_lmao"],"log":"|j|\u2606pigs2fly\n|j|\u2606Soul_lmao\n|t:|1773700821\n|gametype|doubles\n|player|p1|pigs2fly|dexio|1467\n|player|p2|Soul_lmao|102|1414\n|gen|9\n|tier|[Gen 9] VGC 2026 Reg I\n|rated|\n|rule|Species Clause: Limit one of each Pok\u00e9mon\n|rule|Item Clause: Limit 1 of each item\n|clearpoke\n|poke|p1|Ursaluna, L50, F|\n|poke|p1|Cresselia, L50, F|\n|poke|p1|Amoonguss, L50, M|\n|poke|p1|Basculegion, L50, M|\n|poke|p1|Zamazenta-*, L50|\n|poke|p1|Kyogre, L50|\n|poke|p2|Incineroar, L50, M|\n|poke|p2|Araquanid, L50, M|\n|poke|p2|Miraidon, L50|\n|poke|p2|Zacian-*, L50|\n|poke|p2|Farigiraf, L50, F|\n|poke|p2|Thundurus, L50, M|\n|teampreview|4\n|inactive|Battle timer is ON: inactive players will automatically lose when time's up. (requested by Soul_lmao)\n|\n|t:|1773700853\n|teamsize|p1|4\n|teamsize|p2|4\n|start\n|switch|p1a: Amoonguss|Amoonguss, L50, M|100/100\n|switch|p1b: Ursaluna|Ursaluna, L50, F|100/100\n|switch|p2a: Thundurus|Thundurus, L50, M|100/100\n|switch|p2b: Zacian|Zacian-Crowned, L50|100/100\n|-ability|p2b: Zacian|Intrepid Sword|boost\n|-boost|p2b: Zacian|atk|1\n|turn|1\n|\n|t:|1773700869\n|move|p2b: Zacian|Protect|p2b: Zacian\n|-singleturn|p2b: Zacian|Protect\n|move|p1b: Ursaluna|Protect|p1b: Ursaluna\n|-singleturn|p1b: Ursaluna|Protect\n|move|p1a: Amoonguss|Protect|p1a: Amoonguss\n|-singleturn|p1a: Amoonguss|Protect\n|move|p2a: Thundurus|Taunt|p1a: Amoonguss\n|-activate|p1a: Amoonguss|move: Protect\n|\n|-status|p1b: Ursaluna|brn|[from] item: Flame Orb\n|upkeep\n|turn|2\n|\n|t:|1773700891\n|move|p1a: Amoonguss|Rage Powder|p1a: Amoonguss\n|-singleturn|p1a: Amoonguss|move: Rage Powder\n|move|p2a: Thundurus|Taunt|p1a: Amoonguss\n|-start|p1a: Amoonguss|move: Taunt\n|move|p2b: Zacian|Behemoth Blade|p1a: Amoonguss\n|-damage|p1a: Amoonguss|43/100\n|move|p1b: Ursaluna|Facade|p2a: Thundurus\n|-damage|p2a: Thundurus|0 fnt\n|faint|p2a: Thundurus\n|\n|-damage|p1b: Ursaluna|95/100 brn|[from] brn\n|upkeep\n|\n|t:|1773700895\n|switch|p2a: Catu :3|Incineroar, L50, M, shiny|100/100\n|-ability|p2a: Catu :3|Intimidate|boost\n|-unboost|p1a: Amoonguss|atk|1\n|-unboost|p1b: Ursaluna|atk|1\n|turn|3\n|\n|t:|1773700915\n|switch|p1b: Kyogre|Kyogre, L50|100/100\n|-weather|RainDance|[from] ability: Drizzle|[of] p1b: Kyogre\n|move|p2b: Zacian|Behemoth Blade|p1b: Kyogre\n|-resisted|p1b: Kyogre\n|-damage|p1b: Kyogre|69/100\n|move|p2a: Catu :3|Knock Off|p1b: Kyogre\n|-damage|p1b: Kyogre|36/100\n|-enditem|p1b: Kyogre|Mystic Water|[from] move: Knock Off|[of] p2a: Catu :3\n|move|p1a: Amoonguss|Pollen Puff|p1b: Kyogre\n|-heal|p1b: Kyogre|86/100\n|\n|-weather|RainDance|[upkeep]\n|upkeep\n|turn|4\n|\n|t:|1773700931\n|switch|p1a: Basculegion|Basculegion, L50, M|100/100\n|move|p1b: Kyogre|Protect|p1b: Kyogre\n|-singleturn|p1b: Kyogre|Protect\n|move|p2b: Zacian|Play Rough|p1b: Kyogre\n|-activate|p1b: Kyogre|move: Protect\n|move|p2a: Catu :3|Knock Off|p1b: Kyogre\n|-activate|p1b: Kyogre|move: Protect\n|\n|-weather|RainDance|[upkeep]\n|upkeep\n|turn|5\n|\n|t:|1773700946\n|switch|p2a: Araquanid|Araquanid, L50, M|100/100\n|-terastallize|p1a: Basculegion|Water\n|move|p1a: Basculegion|Wave Crash|p2b: Zacian\n|-damage|p2b: Zacian|0 fnt\n|faint|p2b: Zacian\n|-damage|p1a: Basculegion|68/100|[from] Recoil\n|-damage|p1a: Basculegion|58/100|[from] item: Life Orb\n|move|p1b: Kyogre|Origin Pulse|p2a: Araquanid\n|-resisted|p2a: Araquanid\n|-damage|p2a: Araquanid|60/100\n|\n|-weather|RainDance|[upkeep]\n|upkeep\n|-message|Soul_lmao forfeited.\n|\n|win|pigs2fly\n|raw|pigs2fly's rating: 1467 &rarr; <strong>1484</strong><br />(+17 for winning)\n|raw|Soul_lmao's rating: 1414 &rarr; <strong>1397</strong><br />(-17 for losing)\n|l|\u2606Soul_lmao\n|player|p2|\n|l|\u2606pigs2fly\n|player|p1|\n","uploadtime":1773701165,"views":12,"formatid":"gen9vgc2026regi","rating":1397,"private":0,"password":null}