{"id":"gen9vgc2026regi-2560855730","format":"[Gen 9] VGC 2026 Reg I","players":["LechonkBro","Uscorp"],"log":"|j|\u2606LechonkBro\n|j|\u2606Uscorp\n|t:|1773738336\n|gametype|doubles\n|player|p1|LechonkBro|265|1498\n|player|p2|Uscorp|102|1448\n|gen|9\n|tier|[Gen 9] VGC 2026 Reg I\n|rated|\n|rule|Species Clause: Limit one of each Pok\u00e9mon\n|rule|Item Clause: Limit 1 of each item\n|clearpoke\n|poke|p1|Chien-Pao, L50|\n|poke|p1|Calyrex-Shadow, L50|\n|poke|p1|Dondozo, L50, M|\n|poke|p1|Zamazenta-*, L50|\n|poke|p1|Dragonite, L50, M|\n|poke|p1|Tatsugiri, L50, M|\n|poke|p2|Calyrex-Shadow, L50|\n|poke|p2|Smeargle, L50, M|\n|poke|p2|Urshifu-*, L50, M|\n|poke|p2|Rillaboom, L50, M|\n|poke|p2|Zamazenta-*, L50|\n|poke|p2|Chi-Yu, L50|\n|teampreview|4\n|inactive|Battle timer is ON: inactive players will automatically lose when time's up. (requested by LechonkBro)\n|inactive|LechonkBro has 60 seconds left.\n|inactive|Uscorp has 60 seconds left.\n|inactive|LechonkBro has 30 seconds left.\n|\n|t:|1773738405\n|teamsize|p1|4\n|teamsize|p2|4\n|start\n|switch|p1a: Chien-Pao|Chien-Pao, L50|100/100\n|switch|p1b: Zamazenta|Zamazenta-Crowned, L50|100/100\n|switch|p2a: Calyrex|Calyrex-Shadow, L50|100/100\n|switch|p2b: The World|Smeargle, L50, M|100/100\n|-ability|p2a: Calyrex|As One\n|-ability|p2a: Calyrex|Unnerve\n|-ability|p1a: Chien-Pao|Sword of Ruin\n|-ability|p1b: Zamazenta|Dauntless Shield|boost\n|-boost|p1b: Zamazenta|def|1\n|turn|1\n|\n|t:|1773738430\n|move|p2a: Calyrex|Protect|p2a: Calyrex\n|-singleturn|p2a: Calyrex|Protect\n|move|p1a: Chien-Pao|Taunt|p2b: The World\n|-start|p2b: The World|move: Taunt\n|move|p1b: Zamazenta|Behemoth Bash|p2a: Calyrex\n|-activate|p2a: Calyrex|move: Protect\n|cant|p2b: The World|move: Taunt|Spore\n|\n|upkeep\n|turn|2\n|\n|t:|1773738452\n|switch|p2b: Aresdelfuego|Rillaboom, L50, M|100/100\n|-fieldstart|move: Grassy Terrain|[from] ability: Grassy Surge|[of] p2b: Aresdelfuego\n|-terastallize|p2a: Calyrex|Fairy\n|move|p2a: Calyrex|Draining Kiss|p1a: Chien-Pao\n|-supereffective|p1a: Chien-Pao\n|-enditem|p1a: Chien-Pao|Focus Sash\n|-damage|p1a: Chien-Pao|1/100\n|-damage|p2a: Calyrex|91/100|[from] item: Life Orb\n|move|p1a: Chien-Pao|Ruination|p2a: Calyrex\n|-damage|p2a: Calyrex|46/100\n|move|p1b: Zamazenta|Behemoth Bash|p2a: Calyrex\n|-supereffective|p2a: Calyrex\n|-damage|p2a: Calyrex|0 fnt\n|faint|p2a: Calyrex\n|\n|-heal|p1a: Chien-Pao|7/100|[from] Grassy Terrain\n|upkeep\n|\n|t:|1773738474\n|switch|p2a: Chi-Yu|Chi-Yu, L50|100/100\n|-ability|p2a: Chi-Yu|Beads of Ruin\n|turn|3\n|inactive|Uscorp has 30 seconds left.\n|inactive|Uscorp has 20 seconds left.\n|\n|t:|1773738512\n|switch|p1a: Dragonite|Dragonite, L50, M|100/100\n|move|p1b: Zamazenta|Protect|p1b: Zamazenta\n|-singleturn|p1b: Zamazenta|Protect\n|move|p2b: Aresdelfuego|Fake Out|p1b: Zamazenta\n|-activate|p1b: Zamazenta|move: Protect\n|move|p2a: Chi-Yu|Dark Pulse|p1a: Dragonite\n|-damage|p1a: Dragonite|49/100\n|\n|upkeep\n|turn|4\n|inactive|LechonkBro has 30 seconds left.\n|inactive|Uscorp has 30 seconds left.\n|inactive|LechonkBro has 20 seconds left.\n|inactive|Uscorp has 20 seconds left.\n|inactive|LechonkBro has 15 seconds left.\n|inactive|Uscorp has 15 seconds left.\n|inactive|Uscorp has 10 seconds left.\n|\n|t:|1773738558\n|switch|p2a: The World|Smeargle, L50, M|100/100\n|move|p1b: Zamazenta|Body Press|p2a: The World\n|-supereffective|p2a: The World\n|-enditem|p2a: The World|Focus Sash\n|-damage|p2a: The World|1/100\n|move|p2b: Aresdelfuego|U-turn|p1a: Dragonite\n|-resisted|p1a: Dragonite\n|-damage|p1a: Dragonite|38/100\n|\n|t:|1773738568\n|switch|p2b: Chi-Yu|Chi-Yu, L50|100/100|[from] U-turn\n|-ability|p2b: Chi-Yu|Beads of Ruin\n|move|p1a: Dragonite|Ice Spinner|p2b: Chi-Yu\n|-resisted|p2b: Chi-Yu\n|-damage|p2b: Chi-Yu|60/100\n|-fieldend|move: Grassy Terrain\n|\n|upkeep\n|turn|5\n|\n|t:|1773738586\n|move|p2b: Chi-Yu|Heat Wave|p1b: Zamazenta|[spread] p1a,p1b\n|-resisted|p1a: Dragonite\n|-supereffective|p1b: Zamazenta\n|-damage|p1a: Dragonite|14/100\n|-damage|p1b: Zamazenta|18/100\n|move|p1b: Zamazenta|Behemoth Bash|p2a: The World\n|-damage|p2a: The World|0 fnt\n|faint|p2a: The World\n|move|p1a: Dragonite|Ice Spinner|p2b: Chi-Yu\n|-resisted|p2b: Chi-Yu\n|-damage|p2b: Chi-Yu|23/100\n|\n|upkeep\n|\n|t:|1773738598\n|switch|p2a: Aresdelfuego|Rillaboom, L50, M|100/100\n|-fieldstart|move: Grassy Terrain|[from] ability: Grassy Surge|[of] p2a: Aresdelfuego\n|turn|6\n|\n|t:|1773738616\n|move|p1b: Zamazenta|Wide Guard|p1b: Zamazenta\n|-singleturn|p1b: Zamazenta|Wide Guard\n|move|p2b: Chi-Yu|Heat Wave|p1a: Dragonite|[spread] \n|-activate|p1a: Dragonite|move: Wide Guard\n|-activate|p1b: Zamazenta|move: Wide Guard\n|move|p2a: Aresdelfuego|Wood Hammer|p1a: Dragonite\n|-resisted|p1a: Dragonite\n|-damage|p1a: Dragonite|0 fnt\n|faint|p1a: Dragonite\n|-damage|p2a: Aresdelfuego|96/100|[from] Recoil\n|\n|-heal|p2b: Chi-Yu|29/100|[from] Grassy Terrain\n|-heal|p1b: Zamazenta|25/100|[from] Grassy Terrain\n|-heal|p2a: Aresdelfuego|100/100|[from] Grassy Terrain\n|upkeep\n|\n|t:|1773738632\n|switch|p1a: Calyrex|Calyrex-Shadow, L50|100/100\n|-ability|p1a: Calyrex|As One\n|-ability|p1a: Calyrex|Unnerve\n|turn|7\n|\n|t:|1773738646\n|-terastallize|p1a: Calyrex|Ghost\n|move|p1a: Calyrex|Astral Barrage|p2b: Chi-Yu|[spread] p2a,p2b\n|-resisted|p2b: Chi-Yu\n|-damage|p2a: Aresdelfuego|34/100\n|-damage|p2b: Chi-Yu|0 fnt\n|faint|p2b: Chi-Yu\n|-ability|p1a: Calyrex|Grim Neigh|boost\n|-boost|p1a: Calyrex|spa|1\n|move|p1b: Zamazenta|Body Press|p2a: Aresdelfuego\n|-damage|p2a: Aresdelfuego|0 fnt\n|faint|p2a: Aresdelfuego\n|\n|win|LechonkBro\n|raw|LechonkBro's rating: 1498 &rarr; <strong>1515</strong><br />(+17 for winning)\n|raw|Uscorp's rating: 1448 &rarr; <strong>1431</strong><br />(-17 for losing)\n|l|\u2606LechonkBro\n|player|p1|\n|l|\u2606Uscorp\n|player|p2|\n","uploadtime":1773738800,"views":11,"formatid":"gen9vgc2026regi","rating":1431,"private":0,"password":null}