{"id":"gen9vgc2026regi-2564846932","format":"[Gen 9] VGC 2026 Reg I","players":["sfyz","theyh8_meagan"],"log":"|j|\u2606sfyz\n|j|\u2606theyh8_meagan\n|t:|1774203511\n|gametype|doubles\n|player|p1|sfyz|red|1250\n|player|p2|theyh8_meagan|shauntal|1336\n|gen|9\n|tier|[Gen 9] VGC 2026 Reg I\n|rated|\n|rule|Species Clause: Limit one of each Pok\u00e9mon\n|rule|Item Clause: Limit 1 of each item\n|clearpoke\n|poke|p1|Calyrex-Ice, L50|\n|poke|p1|Kyogre, L50|\n|poke|p1|Smeargle, L50, M|\n|poke|p1|Indeedee-F, L50, F|\n|poke|p1|Landorus, L50, M|\n|poke|p1|Amoonguss, L50, F|\n|poke|p2|Miraidon, L50|\n|poke|p2|Calyrex-Shadow, L50|\n|poke|p2|Serperior, L50, M|\n|poke|p2|Grimmsnarl, L50, M|\n|poke|p2|Iron Valiant, L50|\n|poke|p2|Clefairy, L50, F|\n|teampreview|4\nsfyz rejected open team sheets.\n|\n|t:|1774203554\n|teamsize|p1|4\n|teamsize|p2|4\n|start\n|switch|p1a: Calyrex|Calyrex-Ice, L50|100/100\n|switch|p1b: Indeedee|Indeedee-F, L50, F|100/100\n|switch|p2a: Grimmsnarl|Grimmsnarl, L50, M, shiny|100/100\n|switch|p2b: Miraidon|Miraidon, L50|100/100\n|-ability|p1a: Calyrex|As One\n|-ability|p1a: Calyrex|Unnerve\n|-fieldstart|move: Electric Terrain|[from] ability: Hadron Engine|[of] p2b: Miraidon\n|-enditem|p2a: Grimmsnarl|Electric Seed\n|-boost|p2a: Grimmsnarl|def|1|[from] item: Electric Seed\n|-fieldstart|move: Psychic Terrain|[from] ability: Psychic Surge|[of] p1b: Indeedee\n|turn|1\n|\n|t:|1774203583\n|move|p1b: Indeedee|Follow Me|p1b: Indeedee\n|-singleturn|p1b: Indeedee|move: Follow Me\n|move|p2b: Miraidon|Volt Switch|p1b: Indeedee\n|-damage|p1b: Indeedee|45/100\n|\n|t:|1774203588\n|switch|p2b: Serperior|Serperior, L50, M, shiny|100/100|[from] Volt Switch\n|move|p2a: Grimmsnarl|Foul Play|p1b: Indeedee\n|-supereffective|p1b: Indeedee\n|-damage|p1b: Indeedee|17/100\n|move|p1a: Calyrex|Trick Room|p1a: Calyrex\n|-fieldstart|move: Trick Room|[of] p1a: Calyrex\n|\n|upkeep\n|turn|2\n|\n|t:|1774203614\n|-terastallize|p1a: Calyrex|Grass\n|-terastallize|p2b: Serperior|Fire\n|move|p1b: Indeedee|Follow Me|p1b: Indeedee\n|-singleturn|p1b: Indeedee|move: Follow Me\n|move|p1a: Calyrex|Glacial Lance|p2a: Grimmsnarl|[spread] p2a,p2b\n|-resisted|p2b: Serperior\n|-damage|p2a: Grimmsnarl|61/100\n|-damage|p2b: Serperior|71/100\n|move|p2a: Grimmsnarl|Foul Play|p1b: Indeedee\n|-supereffective|p1b: Indeedee\n|-damage|p1b: Indeedee|0 fnt\n|faint|p1b: Indeedee\n|move|p2b: Serperior|Leaf Storm|p1a: Calyrex\n|-resisted|p1a: Calyrex\n|-damage|p1a: Calyrex|87/100\n|-boost|p2b: Serperior|spa|2\n|\n|upkeep\n|\n|t:|1774203631\n|switch|p1b: Kyogre|Kyogre, L50|100/100\n|-weather|RainDance|[from] ability: Drizzle|[of] p1b: Kyogre\n|turn|3\n|\n|t:|1774203645\n|move|p1b: Kyogre|Water Spout|p2b: Serperior|[spread] p2a,p2b\n|-supereffective|p2b: Serperior\n|-damage|p2a: Grimmsnarl|0 fnt\n|-damage|p2b: Serperior|0 fnt\n|faint|p2a: Grimmsnarl\n|faint|p2b: Serperior\n|move|p1a: Calyrex|Glacial Lance|p2: Grimmsnarl|[notarget]\n|-fail|p1a: Calyrex\n|\n|-weather|RainDance|[upkeep]\n|upkeep\n|\n|t:|1774203654\n|switch|p2a: Miraidon|Miraidon, L50|100/100\n|switch|p2b: Calyrex|Calyrex-Shadow, L50|100/100\n|-ability|p2b: Calyrex|As One\n|-ability|p2b: Calyrex|Unnerve\n|-fieldstart|move: Electric Terrain|[from] ability: Hadron Engine|[of] p2a: Miraidon\n|turn|4\n|\n|t:|1774203670\n|move|p2b: Calyrex|Protect|p2b: Calyrex\n|-singleturn|p2b: Calyrex|Protect\n|move|p1b: Kyogre|Water Spout|p2b: Calyrex|[spread] p2a\n|-activate|p2b: Calyrex|move: Protect\n|-resisted|p2a: Miraidon\n|-damage|p2a: Miraidon|52/100\n|move|p1a: Calyrex|Glacial Lance|p2a: Miraidon|[spread] p2a\n|-activate|p2b: Calyrex|move: Protect\n|-supereffective|p2a: Miraidon\n|-damage|p2a: Miraidon|0 fnt\n|faint|p2a: Miraidon\n|-ability|p1a: Calyrex|Chilling Neigh|boost\n|-boost|p1a: Calyrex|atk|1\n|\n|-weather|RainDance|[upkeep]\n|upkeep\n|turn|5\n|\n|t:|1774203684\n|move|p2b: Calyrex|Protect|p2b: Calyrex\n|-singleturn|p2b: Calyrex|Protect\n|move|p1b: Kyogre|Water Spout|p2b: Calyrex\n|-activate|p2b: Calyrex|move: Protect\n|move|p1a: Calyrex|Glacial Lance|p2b: Calyrex\n|-activate|p2b: Calyrex|move: Protect\n|\n|-weather|RainDance|[upkeep]\n|-fieldend|move: Trick Room\n|upkeep\n|turn|6\n|\n|t:|1774203698\n|move|p2b: Calyrex|Astral Barrage|p1b: Kyogre|[spread] p1a,p1b\n|-damage|p1a: Calyrex|38/100\n|-damage|p1b: Kyogre|53/100\n|-damage|p2b: Calyrex|91/100|[from] item: Life Orb\n|move|p1a: Calyrex|Glacial Lance|p2b: Calyrex\n|-damage|p2b: Calyrex|0 fnt\n|faint|p2b: Calyrex\n|\n|win|sfyz\n|raw|sfyz's rating: 1250 &rarr; <strong>1281</strong><br />(+31 for winning)\n|raw|theyh8_meagan's rating: 1336 &rarr; <strong>1311</strong><br />(-25 for losing)\n|l|\u2606theyh8_meagan\n|player|p2|\n|l|\u2606sfyz\n|player|p1|\n","uploadtime":1774203858,"views":13,"formatid":"gen9vgc2026regi","rating":1281,"private":0,"password":null}