{"id":"gen9vgc2026regi-2545018544","format":"[Gen 9] VGC 2026 Reg I","players":["Johten","snorlaxpikachu1"],"log":"|j|\u2606Johten\n|j|\u2606snorlaxpikachu1\n|t:|1771790626\n|gametype|doubles\n|player|p1|Johten|veteran|1396\n|player|p2|snorlaxpikachu1|palmer|1478\n|gen|9\n|tier|[Gen 9] VGC 2026 Reg I\n|rated|\n|rule|Species Clause: Limit one of each Pok\u00e9mon\n|rule|Item Clause: Limit 1 of each item\n|clearpoke\n|poke|p1|Rayquaza, L50|\n|poke|p1|Terapagos, L50, M|\n|poke|p1|Volcarona, L50, M|\n|poke|p1|Rillaboom, L50, M|\n|poke|p1|Urshifu-*, L50, F|\n|poke|p1|Grimmsnarl, L50, M|\n|poke|p2|Lunala, L50|\n|poke|p2|Zamazenta-*, L50|\n|poke|p2|Rillaboom, L50, M|\n|poke|p2|Incineroar, L50, F|\n|poke|p2|Ogerpon-Hearthflame, L50, F|\n|poke|p2|Chien-Pao, L50|\n|teampreview|4\n|\n|t:|1771790661\n|teamsize|p1|4\n|teamsize|p2|4\n|start\n|switch|p1a: Rillaboom|Rillaboom, L50, M|100/100\n|switch|p1b: Terapagos|Terapagos, L50, M|100/100\n|switch|p2a: Incineroar|Incineroar, L50, F|100/100\n|switch|p2b: Lunala|Lunala, L50|100/100\n|-activate|p1b: Terapagos|ability: Tera Shift\n|detailschange|p1b: Terapagos|Terapagos-Terastal, L50, M\n|-heal|p1b: Terapagos|100/100|[silent]\n|-fieldstart|move: Grassy Terrain|[from] ability: Grassy Surge|[of] p1a: Rillaboom\n|-ability|p2a: Incineroar|Intimidate|boost\n|-unboost|p1a: Rillaboom|atk|1\n|-unboost|p1b: Terapagos|atk|1\n|turn|1\n|\n|t:|1771790675\n|move|p1a: Rillaboom|Fake Out|p2a: Incineroar\n|-damage|p2a: Incineroar|91/100\n|cant|p2a: Incineroar|flinch\n|move|p2b: Lunala|Calm Mind|p2b: Lunala\n|-boost|p2b: Lunala|spa|1\n|-boost|p2b: Lunala|spd|1\n|move|p1b: Terapagos|Calm Mind|p1b: Terapagos\n|-boost|p1b: Terapagos|spa|1\n|-boost|p1b: Terapagos|spd|1\n|\n|-heal|p2a: Incineroar|97/100|[from] Grassy Terrain\n|upkeep\n|turn|2\n|\n|t:|1771790689\n|move|p1a: Rillaboom|Grassy Glide|p2b: Lunala\n|-damage|p2b: Lunala|90/100\n|move|p2b: Lunala|Calm Mind|p2b: Lunala\n|-boost|p2b: Lunala|spa|1\n|-boost|p2b: Lunala|spd|1\n|move|p1b: Terapagos|Dark Pulse|p2b: Lunala\n|-supereffective|p2b: Lunala\n|-damage|p2b: Lunala|33/100\n|move|p2a: Incineroar|Parting Shot|p1b: Terapagos\n|-unboost|p1b: Terapagos|atk|1\n|-unboost|p1b: Terapagos|spa|1\n|\n|t:|1771790701\n|switch|p2a: Chien-Pao|Chien-Pao, L50|100/100|[from] Parting Shot\n|-ability|p2a: Chien-Pao|Sword of Ruin\n|\n|-heal|p2b: Lunala|39/100|[from] Grassy Terrain\n|-heal|p2b: Lunala|45/100|[from] item: Leftovers\n|upkeep\n|turn|3\n|\n|t:|1771790715\n|switch|p1a: Volcarona|Volcarona, L50, M|100/100\n|move|p2b: Lunala|Protect|p2b: Lunala\n|-singleturn|p2b: Lunala|Protect\n|move|p2a: Chien-Pao|Icicle Crash|p1a: Volcarona\n|-resisted|p1a: Volcarona\n|-damage|p1a: Volcarona|71/100\n|move|p1b: Terapagos|Calm Mind|p1b: Terapagos\n|-boost|p1b: Terapagos|spa|1\n|-boost|p1b: Terapagos|spd|1\n|\n|-heal|p1a: Volcarona|77/100|[from] Grassy Terrain\n|-heal|p2b: Lunala|52/100|[from] Grassy Terrain\n|-heal|p2b: Lunala|58/100|[from] item: Leftovers\n|upkeep\n|turn|4\n|\n|t:|1771790752\n|-terastallize|p2b: Lunala|Fairy\n|-terastallize|p1b: Terapagos|Stellar\n|detailschange|p1b: Terapagos|Terapagos-Stellar, L50, M, tera:Stellar\n|-heal|p1b: Terapagos|100/100|[silent]\n|-ability|p1b: Terapagos|Teraform Zero\n|-fieldend|move: Grassy Terrain\n|move|p2a: Chien-Pao|Icicle Crash|p1b: Terapagos\n|-damage|p1b: Terapagos|66/100\n|move|p1a: Volcarona|Struggle Bug|p2b: Lunala|[spread] p2a,p2b\n|-supereffective|p2a: Chien-Pao\n|-crit|p2a: Chien-Pao\n|-resisted|p2b: Lunala\n|-damage|p2a: Chien-Pao|23/100\n|-damage|p2b: Lunala|55/100\n|-unboost|p2a: Chien-Pao|spa|1\n|-unboost|p2b: Lunala|spa|1\n|move|p2b: Lunala|Moongeist Beam|p1a: Volcarona\n|-damage|p1a: Volcarona|11/100\n|move|p1b: Terapagos|Tera Starstorm|p2a: Chien-Pao|[spread] p2a,p2b\n|-supereffective|p2b: Lunala\n|-damage|p2a: Chien-Pao|0 fnt\n|-damage|p2b: Lunala|15/100\n|faint|p2a: Chien-Pao\n|\n|-heal|p2b: Lunala|21/100|[from] item: Leftovers\n|-heal|p1b: Terapagos|72/100|[from] item: Leftovers\n|upkeep\n|\n|t:|1771790782\n|switch|p2a: Incineroar|Incineroar, L50, F|97/100\n|-ability|p2a: Incineroar|Intimidate|boost\n|-unboost|p1a: Volcarona|atk|1\n|-unboost|p1b: Terapagos|atk|1\n|turn|5\n|\n|t:|1771790794\n|switch|p1a: Rillaboom|Rillaboom, L50, M|100/100\n|-fieldstart|move: Grassy Terrain|[from] ability: Grassy Surge|[of] p1a: Rillaboom\n|move|p1b: Terapagos|Protect|p1b: Terapagos\n|-singleturn|p1b: Terapagos|Protect\n|move|p2a: Incineroar|Fake Out|p1a: Rillaboom\n|-damage|p1a: Rillaboom|90/100\n|move|p2b: Lunala|Moonblast|p1a: Rillaboom\n|-damage|p1a: Rillaboom|0 fnt\n|faint|p1a: Rillaboom\n|\n|-heal|p2b: Lunala|28/100|[from] Grassy Terrain\n|-heal|p2b: Lunala|34/100|[from] item: Leftovers\n|-heal|p1b: Terapagos|79/100|[from] Grassy Terrain\n|-heal|p1b: Terapagos|85/100|[from] item: Leftovers\n|-heal|p2a: Incineroar|100/100|[from] Grassy Terrain\n|upkeep\n|\n|t:|1771790810\n|switch|p1a: Grimmsnarl|Grimmsnarl, L50, M|100/100\n|turn|6\n|\n|t:|1771790820\n|move|p2b: Lunala|Protect|p2b: Lunala\n|-singleturn|p2b: Lunala|Protect\n|move|p1a: Grimmsnarl|Reflect|p1a: Grimmsnarl\n|-sidestart|p1: Johten|Reflect\n|move|p1b: Terapagos|Calm Mind|p1b: Terapagos\n|-boost|p1b: Terapagos|spa|1\n|-boost|p1b: Terapagos|spd|1\n|move|p2a: Incineroar|Parting Shot|p1b: Terapagos\n|-unboost|p1b: Terapagos|atk|1\n|-unboost|p1b: Terapagos|spa|1\n|\n|t:|1771790826\n|switch|p2a: Zamazenta|Zamazenta-Crowned, L50|100/100|[from] Parting Shot\n|-ability|p2a: Zamazenta|Dauntless Shield|boost\n|-boost|p2a: Zamazenta|def|1\n|\n|-heal|p2b: Lunala|40/100|[from] Grassy Terrain\n|-heal|p2b: Lunala|46/100|[from] item: Leftovers\n|-heal|p1b: Terapagos|91/100|[from] Grassy Terrain\n|-heal|p1b: Terapagos|97/100|[from] item: Leftovers\n|upkeep\n|turn|7\n|\n|t:|1771790839\n|move|p2a: Zamazenta|Wide Guard|p2a: Zamazenta\n|-singleturn|p2a: Zamazenta|Wide Guard\n|move|p1a: Grimmsnarl|Scary Face|p2a: Zamazenta\n|-unboost|p2a: Zamazenta|spe|2\n|move|p2b: Lunala|Calm Mind|p2b: Lunala\n|-boost|p2b: Lunala|spa|1\n|-boost|p2b: Lunala|spd|1\n|move|p1b: Terapagos|Tera Starstorm|p2a: Zamazenta|[spread] \n|-activate|p2a: Zamazenta|move: Wide Guard\n|-activate|p2b: Lunala|move: Wide Guard\n|\n|-heal|p2b: Lunala|53/100|[from] Grassy Terrain\n|-heal|p2b: Lunala|59/100|[from] item: Leftovers\n|-heal|p1b: Terapagos|100/100|[from] Grassy Terrain\n|upkeep\n|turn|8\n|\n|t:|1771790858\n|move|p1a: Grimmsnarl|Scary Face|p2b: Lunala\n|-unboost|p2b: Lunala|spe|2\n|move|p1b: Terapagos|Calm Mind|p1b: Terapagos\n|-boost|p1b: Terapagos|spa|1\n|-boost|p1b: Terapagos|spd|1\n|move|p2a: Zamazenta|Body Press|p1b: Terapagos\n|-supereffective|p1b: Terapagos\n|-damage|p1b: Terapagos|47/100\n|move|p2b: Lunala|Moonblast|p1a: Grimmsnarl\n|-supereffective|p1a: Grimmsnarl\n|-damage|p1a: Grimmsnarl|0 fnt\n|faint|p1a: Grimmsnarl\n|\n|-heal|p1b: Terapagos|53/100|[from] Grassy Terrain\n|-heal|p1b: Terapagos|60/100|[from] item: Leftovers\n|-heal|p2b: Lunala|65/100|[from] Grassy Terrain\n|-heal|p2b: Lunala|71/100|[from] item: Leftovers\n|upkeep\n|\n|t:|1771790874\n|switch|p1a: Volcarona|Volcarona, L50, M|11/100\n|turn|9\n|\n|t:|1771790893\n|switch|p2a: Incineroar|Incineroar, L50, F|100/100\n|-ability|p2a: Incineroar|Intimidate|boost\n|-unboost|p1a: Volcarona|atk|1\n|-unboost|p1b: Terapagos|atk|1\n|move|p1a: Volcarona|Overheat|p2a: Incineroar\n|-resisted|p2a: Incineroar\n|-damage|p2a: Incineroar|80/100\n|-unboost|p1a: Volcarona|spa|2\n|move|p1b: Terapagos|Calm Mind|p1b: Terapagos\n|-boost|p1b: Terapagos|spa|1\n|-boost|p1b: Terapagos|spd|1\n|move|p2b: Lunala|Moongeist Beam|p1a: Volcarona\n|-damage|p1a: Volcarona|0 fnt\n|faint|p1a: Volcarona\n|\n|-heal|p1b: Terapagos|66/100|[from] Grassy Terrain\n|-heal|p1b: Terapagos|72/100|[from] item: Leftovers\n|-heal|p2a: Incineroar|86/100|[from] Grassy Terrain\n|-heal|p2b: Lunala|78/100|[from] Grassy Terrain\n|-heal|p2b: Lunala|84/100|[from] item: Leftovers\n|-fieldend|move: Grassy Terrain\n|upkeep\n|turn|10\n|\n|t:|1771790912\n|move|p2a: Incineroar|Fake Out|p1b: Terapagos\n|-damage|p1b: Terapagos|68/100\n|cant|p1b: Terapagos|flinch\n|move|p2b: Lunala|Calm Mind|p2b: Lunala\n|-boost|p2b: Lunala|spa|1\n|-boost|p2b: Lunala|spd|1\n|\n|-heal|p1b: Terapagos|74/100|[from] item: Leftovers\n|-heal|p2b: Lunala|90/100|[from] item: Leftovers\n|upkeep\n|turn|11\n|\n|t:|1771790922\n|move|p2b: Lunala|Protect|p2b: Lunala\n|-singleturn|p2b: Lunala|Protect\n|move|p1b: Terapagos|Calm Mind|p1b: Terapagos\n|-boost|p1b: Terapagos|spa|1\n|-boost|p1b: Terapagos|spd|1\n|move|p2a: Incineroar|Parting Shot|p1b: Terapagos\n|-unboost|p1b: Terapagos|atk|1\n|-unboost|p1b: Terapagos|spa|1\n|\n|t:|1771790926\n|switch|p2a: Zamazenta|Zamazenta-Crowned, L50|100/100|[from] Parting Shot\n|\n|-heal|p1b: Terapagos|80/100|[from] item: Leftovers\n|-heal|p2b: Lunala|96/100|[from] item: Leftovers\n|upkeep\n|turn|12\n|\n|t:|1771790935\n|move|p2a: Zamazenta|Wide Guard|p2a: Zamazenta\n|-singleturn|p2a: Zamazenta|Wide Guard\n|move|p1b: Terapagos|Dark Pulse|p2a: Zamazenta\n|-resisted|p2a: Zamazenta\n|-damage|p2a: Zamazenta|70/100\n|move|p2b: Lunala|Calm Mind|p2b: Lunala\n|-boost|p2b: Lunala|spa|1\n|-boost|p2b: Lunala|spd|1\n|\n|-heal|p1b: Terapagos|86/100|[from] item: Leftovers\n|-heal|p2b: Lunala|100/100|[from] item: Leftovers\n|upkeep\n|turn|13\n|\n|t:|1771790945\n|move|p2a: Zamazenta|Wide Guard|p2a: Zamazenta\n|-singleturn|p2a: Zamazenta|Wide Guard\n|move|p1b: Terapagos|Tera Starstorm|p2a: Zamazenta|[spread] \n|-activate|p2a: Zamazenta|move: Wide Guard\n|-activate|p2b: Lunala|move: Wide Guard\n|move|p2b: Lunala|Moonblast|p1b: Terapagos\n|-damage|p1b: Terapagos|60/100\n|\n|-heal|p1b: Terapagos|66/100|[from] item: Leftovers\n|-sideend|p1: Johten|Reflect\n|upkeep\n|turn|14\n|\n|t:|1771790955\n|move|p2a: Zamazenta|Wide Guard|p2a: Zamazenta\n|-singleturn|p2a: Zamazenta|Wide Guard\n|move|p1b: Terapagos|Tera Starstorm|p2b: Lunala|[spread] \n|-activate|p2a: Zamazenta|move: Wide Guard\n|-activate|p2b: Lunala|move: Wide Guard\n|move|p2b: Lunala|Moonblast|p1b: Terapagos\n|-damage|p1b: Terapagos|41/100\n|-unboost|p1b: Terapagos|spa|1\n|\n|-heal|p1b: Terapagos|48/100|[from] item: Leftovers\n|upkeep\n|turn|15\n|c|\u2606Johten|gg\n|\n|t:|1771790966\n|move|p2a: Zamazenta|Wide Guard|p2a: Zamazenta\n|-singleturn|p2a: Zamazenta|Wide Guard\n|move|p1b: Terapagos|Tera Starstorm|p2a: Zamazenta|[spread] \n|-activate|p2a: Zamazenta|move: Wide Guard\n|-activate|p2b: Lunala|move: Wide Guard\n|move|p2b: Lunala|Moonblast|p1b: Terapagos\n|-damage|p1b: Terapagos|23/100\n|-unboost|p1b: Terapagos|spa|1\n|\n|-heal|p1b: Terapagos|29/100|[from] item: Leftovers\n|upkeep\n|turn|16\n|c|\u2606snorlaxpikachu1|Gg\n|\n|t:|1771790979\n|move|p2a: Zamazenta|Wide Guard|p2a: Zamazenta\n|-singleturn|p2a: Zamazenta|Wide Guard\n|move|p1b: Terapagos|Tera Starstorm|p2b: Lunala|[spread] \n|-activate|p2a: Zamazenta|move: Wide Guard\n|-activate|p2b: Lunala|move: Wide Guard\n|move|p2b: Lunala|Moonblast|p1b: Terapagos\n|-damage|p1b: Terapagos|3/100\n|\n|-heal|p1b: Terapagos|9/100|[from] item: Leftovers\n|upkeep\n|turn|17\n|\n|t:|1771790999\n|move|p2a: Zamazenta|Wide Guard|p2a: Zamazenta\n|-singleturn|p2a: Zamazenta|Wide Guard\n|move|p1b: Terapagos|Tera Starstorm|p2a: Zamazenta|[spread] \n|-activate|p2a: Zamazenta|move: Wide Guard\n|-activate|p2b: Lunala|move: Wide Guard\n|move|p2b: Lunala|Moonblast|p1b: Terapagos\n|-damage|p1b: Terapagos|0 fnt\n|faint|p1b: Terapagos\n|detailschange|p1: Terapagos|Terapagos, L50, M|[silent]\n|\n|win|snorlaxpikachu1\n|raw|Johten's rating: 1396 &rarr; <strong>1381</strong><br />(-15 for losing)\n|raw|snorlaxpikachu1's rating: 1478 &rarr; <strong>1493</strong><br />(+15 for winning)\n","uploadtime":1771791017,"views":13,"formatid":"gen9vgc2026regi","rating":1381,"private":0,"password":null}