{"id":"gen9vgc2026regi-2519272283","format":"[Gen 9] VGC 2026 Reg I","players":["SL1Dgaming","Voth"],"log":"|j|\u2606SL1Dgaming\n|j|\u2606Voth\n|t:|1768490931\n|gametype|doubles\n|player|p1|SL1Dgaming|red|1157\n|player|p2|Voth|dawn|1142\n|gen|9\n|tier|[Gen 9] VGC 2026 Reg I\n|rated|\n|rule|Species Clause: Limit one of each Pok\u00e9mon\n|rule|Item Clause: Limit 1 of each item\n|clearpoke\n|poke|p1|Drifblim, L50, M|\n|poke|p1|Indeedee-F, L50, F|\n|poke|p1|Tatsugiri, L50, M|\n|poke|p1|Dondozo, L50, F|\n|poke|p1|Mewtwo, L50|\n|poke|p1|Terapagos, L50, M|\n|poke|p2|Urshifu-*, L50, M|\n|poke|p2|Calyrex-Ice, L50|\n|poke|p2|Tornadus, L50, M|\n|poke|p2|Landorus, L50, M|\n|poke|p2|Rillaboom, L50, F|\n|poke|p2|Kyogre, L50|\n|teampreview|4\n|inactive|Battle timer is ON: inactive players will automatically lose when time's up. (requested by SL1Dgaming)\n|\n|t:|1768490953\n|teamsize|p1|4\n|teamsize|p2|4\n|start\n|switch|p1a: Drifblim|Drifblim, L50, M, shiny|100/100\n|switch|p1b: Indeedee|Indeedee-F, L50, F|100/100\n|switch|p2a: Aang|Tornadus, L50, M|100/100\n|switch|p2b: Mr miyagi|Urshifu-Rapid-Strike, L50, M|100/100\n|-fieldstart|move: Psychic Terrain|[from] ability: Psychic Surge|[of] p1b: Indeedee\n|-enditem|p1a: Drifblim|Psychic Seed\n|-boost|p1a: Drifblim|spd|1|[from] item: Psychic Seed\n|turn|1\n|\n|t:|1768490966\n|switch|p2b: Nuke|Kyogre, L50|100/100\n|-weather|RainDance|[from] ability: Drizzle|[of] p2b: Nuke\n|move|p1b: Indeedee|Follow Me|p1b: Indeedee\n|-singleturn|p1b: Indeedee|move: Follow Me\n|move|p2a: Aang|Tailwind|p2a: Aang\n|-sidestart|p2: Voth|move: Tailwind\n|move|p1a: Drifblim|Minimize|p1a: Drifblim\n|-boost|p1a: Drifblim|evasion|2\n|\n|-weather|RainDance|[upkeep]\n|upkeep\n|turn|2\n|\n|t:|1768490986\n|move|p1b: Indeedee|Follow Me|p1b: Indeedee\n|-singleturn|p1b: Indeedee|move: Follow Me\n|move|p2a: Aang|Bleakwind Storm|p1a: Drifblim|[spread] p1a,p1b\n|-damage|p1a: Drifblim|80/100\n|-damage|p1b: Indeedee|69/100\n|-unboost|p1b: Indeedee|spe|1\n|move|p1a: Drifblim|Calm Mind|p1a: Drifblim\n|-boost|p1a: Drifblim|spa|1\n|-boost|p1a: Drifblim|spd|1\n|move|p2b: Nuke|Water Spout|p1b: Indeedee|[spread] p1b\n|-miss|p2b: Nuke|p1a: Drifblim\n|-damage|p1b: Indeedee|0 fnt\n|faint|p1b: Indeedee\n|\n|-weather|RainDance|[upkeep]\n|upkeep\n|\n|t:|1768490999\n|switch|p1b: Tatsugiri|Tatsugiri, L50, M|100/100\n|turn|3\n|inactive|Voth has 30 seconds left.\n|\n|t:|1768491025\n|switch|p2b: Korra|Calyrex-Ice, L50|100/100\n|-ability|p2b: Korra|As One\n|-ability|p2b: Korra|Unnerve\n|move|p2a: Aang|Bleakwind Storm|p1b: Tatsugiri|[spread] p1a,p1b\n|-damage|p1a: Drifblim|65/100\n|-damage|p1b: Tatsugiri|63/100\n|move|p1a: Drifblim|Baton Pass|p1a: Drifblim\n|\n|t:|1768491033\n|switch|p1a: Dondozo|Dondozo, L50, F|100/100|[from] Baton Pass\n|-activate|p1b: Tatsugiri|ability: Commander|[of] p1a: Dondozo\n|-boost|p1a: Dondozo|atk|2\n|-boost|p1a: Dondozo|spa|2\n|-boost|p1a: Dondozo|spe|2\n|-boost|p1a: Dondozo|def|2\n|-boost|p1a: Dondozo|spd|2\n|\n|-weather|RainDance|[upkeep]\n|upkeep\n|turn|4\n|\n|t:|1768491055\n|-terastallize|p2b: Korra|Water\n|move|p2a: Aang|Bleakwind Storm|p1a: Dondozo|[spread] p1a\n|-miss|p2a: Aang|p1b: Tatsugiri\n|-damage|p1a: Dondozo|90/100\n|-unboost|p1a: Dondozo|spe|1\n|move|p1a: Dondozo|Order Up|p2a: Aang\n|-damage|p2a: Aang|58/100\n|-boost|p1a: Dondozo|atk|1\n|move|p2b: Korra|Trick Room|p2b: Korra\n|-fieldstart|move: Trick Room|[of] p2b: Korra\n|\n|-weather|RainDance|[upkeep]\n|-heal|p1a: Dondozo|97/100|[from] item: Leftovers\n|-sideend|p2: Voth|move: Tailwind\n|upkeep\n|turn|5\n|\n|t:|1768491069\n|switch|p2a: Nuke|Kyogre, L50|100/100\n|move|p2b: Korra|Leech Seed|p1a: Dondozo|[miss]\n|-miss|p2b: Korra|p1a: Dondozo\n|move|p1a: Dondozo|Order Up|p2a: Nuke\n|-damage|p2a: Nuke|59/100\n|-boost|p1a: Dondozo|atk|1\n|\n|-weather|none\n|-heal|p1a: Dondozo|100/100|[from] item: Leftovers\n|-fieldend|move: Psychic Terrain\n|upkeep\n|turn|6\n|\n|t:|1768491088\n|-terastallize|p1a: Dondozo|Grass\n|move|p2a: Nuke|Protect|p2a: Nuke\n|-singleturn|p2a: Nuke|Protect\n|move|p2b: Korra|Leech Seed|p1a: Dondozo\n|-immune|p1a: Dondozo\n|move|p1a: Dondozo|Order Up|p2b: Korra\n|-damage|p2b: Korra|65/100\n|-boost|p1a: Dondozo|atk|1\n|\n|-heal|p2b: Korra|71/100|[from] item: Leftovers\n|upkeep\n|turn|7\n|\n|t:|1768491102\n|move|p2b: Korra|Glacial Lance|p1a: Dondozo|[spread] p1a\n|-miss|p2b: Korra|p1b: Tatsugiri\n|-supereffective|p1a: Dondozo\n|-damage|p1a: Dondozo|70/100\n|move|p1a: Dondozo|Order Up|p2b: Korra\n|-damage|p2b: Korra|33/100\n|-boost|p1a: Dondozo|atk|1\n|move|p2a: Nuke|Origin Pulse|p1b: Tatsugiri|[spread] \n|-miss|p2a: Nuke|p1b: Tatsugiri\n|-miss|p2a: Nuke|p1a: Dondozo\n|\n|-heal|p2b: Korra|39/100|[from] item: Leftovers\n|-heal|p1a: Dondozo|77/100|[from] item: Leftovers\n|upkeep\n|turn|8\n|\n|t:|1768491124\n|switch|p2a: Aang|Tornadus, L50, M|58/100\n|move|p2b: Korra|Glacial Lance|p1a: Dondozo|[spread] \n|-miss|p2b: Korra|p1b: Tatsugiri\n|-miss|p2b: Korra|p1a: Dondozo\n|move|p1a: Dondozo|Earthquake|p2b: Korra|[spread] p2b\n|-miss|p1a: Dondozo|p1b: Tatsugiri\n|-immune|p2a: Aang\n|-damage|p2b: Korra|0 fnt\n|faint|p2b: Korra\n|\n|-heal|p1a: Dondozo|83/100|[from] item: Leftovers\n|-fieldend|move: Trick Room\n|upkeep\n|-message|Voth forfeited.\n|\n|win|SL1Dgaming\n|raw|SL1Dgaming's rating: 1157 &rarr; <strong>1181</strong><br />(+24 for winning)\n|raw|Voth's rating: 1142 &rarr; <strong>1118</strong><br />(-24 for losing)\n|l|\u2606Voth\n|player|p2|\n|l|\u2606SL1Dgaming\n|player|p1|\n","uploadtime":1768491331,"views":15,"formatid":"gen9vgc2026regi","rating":1118,"private":0,"password":null}