{"id":"gen9vgc2026regi-2516410179","format":"[Gen 9] VGC 2026 Reg I","players":["dasabe\u76d6\u6b27\u5361\u4fa0","jason986"],"log":"|j|\u2606dasabe\u76d6\u6b27\u5361\u4fa0\n|j|\u2606jason986\n|t:|1768137050\n|gametype|doubles\n|player|p1|dasabe\u76d6\u6b27\u5361\u4fa0|may-masters4|1417\n|player|p2|jason986|lady|1295\n|gen|9\n|tier|[Gen 9] VGC 2026 Reg I\n|rated|\n|rule|Species Clause: Limit one of each Pok\u00e9mon\n|rule|Item Clause: Limit 1 of each item\n|clearpoke\n|poke|p1|Kyogre, L50|\n|poke|p1|Miraidon, L50|\n|poke|p1|Whimsicott, L50, F|\n|poke|p1|Iron Hands, L50|\n|poke|p1|Farigiraf, L50, F|\n|poke|p1|Urshifu-*, L50, M|\n|poke|p2|Calyrex-Ice, L50|\n|poke|p2|Lunala, L50|\n|poke|p2|Ursaluna, L50, M|\n|poke|p2|Torkoal, L50, M|\n|poke|p2|Indeedee-F, L50, F|\n|poke|p2|Amoonguss, L50, M|\n|teampreview|4\n|inactive|Battle timer is ON: inactive players will automatically lose when time's up. (requested by jason986)\n|\n|t:|1768137069\n|teamsize|p1|4\n|teamsize|p2|4\n|start\n|switch|p1a: \u4e94\u5bfc\u718a\u6e7f|Urshifu, L50, M|100/100\n|switch|p1b: \u5c0f\u5934\u63a7\u5927\u5934|Farigiraf, L50, F, shiny|100/100\n|switch|p2a: Lunala|Lunala, L50|100/100\n|switch|p2b: Indeedee|Indeedee-F, L50, F|100/100\n|-fieldstart|move: Psychic Terrain|[from] ability: Psychic Surge|[of] p2b: Indeedee\n|turn|1\n|j| QAQeee\u5609\u7136\u4fa0\n|\n|t:|1768137092\n|switch|p2a: Calyrex|Calyrex-Ice, L50|100/100\n|-ability|p2a: Calyrex|As One\n|-ability|p2a: Calyrex|Unnerve\n|-terastallize|p2b: Indeedee|Grass\n|move|p1a: \u4e94\u5bfc\u718a\u6e7f|Wicked Blow|p2b: Indeedee\n|-crit|p2b: Indeedee\n|-damage|p2b: Indeedee|2/100\n|move|p2b: Indeedee|Imprison|p2b: Indeedee\n|-start|p2b: Indeedee|move: Imprison\n|cant|p1b: \u5c0f\u5934\u63a7\u5927\u5934|move: Imprison|Imprison\n|\n|upkeep\n|turn|2\n|j| hds114514\u82cd\u708e\u5203\u9b3c\u4fa0\n|inactive|dasabe\u76d6\u6b27\u5361\u4fa0 has 30 seconds left.\n|\n|t:|1768137120\n|move|p2b: Indeedee|Follow Me|p2b: Indeedee\n|-singleturn|p2b: Indeedee|move: Follow Me\n|move|p1a: \u4e94\u5bfc\u718a\u6e7f|Wicked Blow|p2b: Indeedee\n|-crit|p2b: Indeedee\n|-damage|p2b: Indeedee|0 fnt\n|faint|p2b: Indeedee\n|move|p1b: \u5c0f\u5934\u63a7\u5927\u5934|Psychic|p2a: Calyrex\n|-resisted|p2a: Calyrex\n|-damage|p2a: Calyrex|86/100\n|move|p2a: Calyrex|Trick Room|p2a: Calyrex\n|-fieldstart|move: Trick Room|[of] p2a: Calyrex\n|\n|upkeep\n|j| Rower X\n|\n|t:|1768137128\n|switch|p2b: Ursaluna|Ursaluna, L50, M|100/100\n|turn|3\n|j| xV001\n|\n|t:|1768137142\n|move|p2a: Calyrex|Glacial Lance|p1a: \u4e94\u5bfc\u718a\u6e7f|[spread] p1a,p1b\n|-damage|p1a: \u4e94\u5bfc\u718a\u6e7f|45/100\n|-damage|p1b: \u5c0f\u5934\u63a7\u5927\u5934|50/100\n|move|p2b: Ursaluna|Headlong Rush|p1b: \u5c0f\u5934\u63a7\u5927\u5934\n|-damage|p1b: \u5c0f\u5934\u63a7\u5927\u5934|0 fnt\n|-unboost|p2b: Ursaluna|def|1\n|-unboost|p2b: Ursaluna|spd|1\n|faint|p1b: \u5c0f\u5934\u63a7\u5927\u5934\n|move|p1a: \u4e94\u5bfc\u718a\u6e7f|Wicked Blow|p2a: Calyrex\n|-supereffective|p2a: Calyrex\n|-crit|p2a: Calyrex\n|-damage|p2a: Calyrex|0 fnt\n|faint|p2a: Calyrex\n|\n|-status|p2b: Ursaluna|brn|[from] item: Flame Orb\n|upkeep\n|\n|t:|1768137150\n|switch|p2a: Lunala|Lunala, L50|100/100\n|switch|p1b: \u94f6\u91d1\u5996\u86c7|Miraidon, L50, shiny|100/100\n|-fieldstart|move: Electric Terrain|[from] ability: Hadron Engine|[of] p1b: \u94f6\u91d1\u5996\u86c7\n|turn|4\n|n| Rower X|rowerx\n|\n|t:|1768137172\n|switch|p1a: \u6210\u90fd\u8001\u76d6|Kyogre, L50, shiny|100/100\n|-weather|RainDance|[from] ability: Drizzle|[of] p1a: \u6210\u90fd\u8001\u76d6\n|move|p1b: \u94f6\u91d1\u5996\u86c7|Protect|p1b: \u94f6\u91d1\u5996\u86c7\n|-singleturn|p1b: \u94f6\u91d1\u5996\u86c7|Protect\n|move|p2b: Ursaluna|Facade|p1a: \u6210\u90fd\u8001\u76d6\n|-damage|p1a: \u6210\u90fd\u8001\u76d6|0 fnt\n|faint|p1a: \u6210\u90fd\u8001\u76d6\n|move|p2a: Lunala|Moongeist Beam|p1b: \u94f6\u91d1\u5996\u86c7\n|-activate|p1b: \u94f6\u91d1\u5996\u86c7|move: Protect\n|\n|-weather|RainDance|[upkeep]\n|-damage|p2b: Ursaluna|95/100 brn|[from] brn\n|upkeep\n|l| Rower X\n|\n|t:|1768137176\n|switch|p1a: \u4e94\u5bfc\u718a\u6e7f|Urshifu, L50, M|45/100\n|turn|5\n|\n|t:|1768137182\n|move|p1a: \u4e94\u5bfc\u718a\u6e7f|Sucker Punch|p2b: Ursaluna\n|-damage|p2b: Ursaluna|33/100 brn\n|move|p2b: Ursaluna|Facade|p1a: \u4e94\u5bfc\u718a\u6e7f\n|-damage|p1a: \u4e94\u5bfc\u718a\u6e7f|0 fnt\n|faint|p1a: \u4e94\u5bfc\u718a\u6e7f\n|move|p2a: Lunala|Moongeist Beam|p1b: \u94f6\u91d1\u5996\u86c7\n|-damage|p1b: \u94f6\u91d1\u5996\u86c7|51/100\n|move|p1b: \u94f6\u91d1\u5996\u86c7|Electro Drift|p2a: Lunala\n|-damage|p2a: Lunala|54/100\n|-damage|p1b: \u94f6\u91d1\u5996\u86c7|41/100|[from] item: Life Orb\n|\n|-weather|RainDance|[upkeep]\n|-damage|p2b: Ursaluna|27/100 brn|[from] brn\n|upkeep\n|turn|6\n|\n|t:|1768137200\n|move|p1b: \u94f6\u91d1\u5996\u86c7|Protect|p1b: \u94f6\u91d1\u5996\u86c7\n|-singleturn|p1b: \u94f6\u91d1\u5996\u86c7|Protect\n|move|p2b: Ursaluna|Facade|p1b: \u94f6\u91d1\u5996\u86c7\n|-activate|p1b: \u94f6\u91d1\u5996\u86c7|move: Protect\n|move|p2a: Lunala|Moongeist Beam|p1b: \u94f6\u91d1\u5996\u86c7\n|-activate|p1b: \u94f6\u91d1\u5996\u86c7|move: Protect\n|\n|-weather|RainDance|[upkeep]\n|-damage|p2b: Ursaluna|21/100 brn|[from] brn\n|-fieldend|move: Trick Room\n|upkeep\n|turn|7\n|\n|t:|1768137206\n|-terastallize|p1b: \u94f6\u91d1\u5996\u86c7|Fairy\n|move|p1b: \u94f6\u91d1\u5996\u86c7|Dazzling Gleam|p2b: Ursaluna|[spread] p2a,p2b\n|-damage|p2a: Lunala|9/100\n|-damage|p2b: Ursaluna|0 fnt\n|faint|p2b: Ursaluna\n|-damage|p1b: \u94f6\u91d1\u5996\u86c7|31/100|[from] item: Life Orb\n|move|p2a: Lunala|Moongeist Beam|p1b: \u94f6\u91d1\u5996\u86c7\n|-damage|p1b: \u94f6\u91d1\u5996\u86c7|0 fnt\n|faint|p1b: \u94f6\u91d1\u5996\u86c7\n|\n|win|jason986\n|raw|dasabe\u76d6\u6b27\u5361\u4fa0's rating: 1417 &rarr; <strong>1390</strong><br />(-27 for losing)\n|raw|jason986's rating: 1295 &rarr; <strong>1328</strong><br />(+33 for winning)\n|l| xV001\n|c|\u2606jason986|gg\n|l|\u2606dasabe\u76d6\u6b27\u5361\u4fa0\n|player|p1|\n|l|\u2606jason986\n|player|p2|\n|j|\u2606jason986\n|player|p2|jason986|lady|\n|l| QAQeee\u5609\u7136\u4fa0\n","uploadtime":1768137304,"views":43,"formatid":"gen9vgc2026regi","rating":1328,"private":0,"password":null}