{"id":"gen9vgc2026regi-2561192652","format":"[Gen 9] VGC 2026 Reg I","players":["pigs2fly","Slackermaru"],"log":"|j|\u2606pigs2fly\n|j|\u2606Slackermaru\n|t:|1773772322\n|gametype|doubles\n|player|p1|pigs2fly|dexio|1464\n|player|p2|Slackermaru|workerice|1542\n|gen|9\n|tier|[Gen 9] VGC 2026 Reg I\n|rated|\n|rule|Species Clause: Limit one of each Pok\u00e9mon\n|rule|Item Clause: Limit 1 of each item\n|clearpoke\n|poke|p1|Annihilape, L50, M|\n|poke|p1|Tornadus, L50, M|\n|poke|p1|Dondozo, L50, M|\n|poke|p1|Tatsugiri, L50, M|\n|poke|p1|Zacian-*, L50|\n|poke|p1|Kyogre, L50|\n|poke|p2|Calyrex-Ice, L50|\n|poke|p2|Miraidon, L50|\n|poke|p2|Incineroar, L50, M|\n|poke|p2|Amoonguss, L50, F|\n|poke|p2|Urshifu-*, L50, M|\n|poke|p2|Landorus, L50, M|\n|teampreview|4\n|\n|t:|1773772354\n|teamsize|p1|4\n|teamsize|p2|4\n|start\n|switch|p1a: Annihilape|Annihilape, L50, M|100/100\n|switch|p1b: Zacian|Zacian-Crowned, L50, shiny|100/100\n|switch|p2a: Landorus|Landorus, L50, M|100/100\n|switch|p2b: Miraidon|Miraidon, L50|100/100\n|-fieldstart|move: Electric Terrain|[from] ability: Hadron Engine|[of] p2b: Miraidon\n|-ability|p1b: Zacian|Intrepid Sword|boost\n|-boost|p1b: Zacian|atk|1\n|turn|1\n|\n|t:|1773772367\n|-terastallize|p2a: Landorus|Water\n|move|p1b: Zacian|Protect|p1b: Zacian\n|-singleturn|p1b: Zacian|Protect\n|move|p2b: Miraidon|Volt Switch|p1a: Annihilape\n|-damage|p1a: Annihilape|35/100\n|j| zen077\n|\n|t:|1773772374\n|switch|p2b: Amoonguss|Amoonguss, L50, F, shiny|100/100|[from] Volt Switch\n|move|p1a: Annihilape|Final Gambit|p2b: Amoonguss\n|-damage|p2b: Amoonguss|66/100\n|faint|p1a: Annihilape\n|move|p2a: Landorus|Earth Power|p1b: Zacian\n|-activate|p1b: Zacian|move: Protect\n|\n|upkeep\n|\n|t:|1773772377\n|switch|p1a: Dondozo|Dondozo, L50, M|100/100\n|turn|2\n|\n|t:|1773772394\n|switch|p1b: Tatsugiri|Tatsugiri, L50, M|100/100\n|-activate|p1b: Tatsugiri|ability: Commander|[of] p1a: Dondozo\n|-boost|p1a: Dondozo|atk|2\n|-boost|p1a: Dondozo|spa|2\n|-boost|p1a: Dondozo|spe|2\n|-boost|p1a: Dondozo|def|2\n|-boost|p1a: Dondozo|spd|2\n|-terastallize|p1a: Dondozo|Grass\n|move|p1a: Dondozo|Earthquake|p2b: Amoonguss|[spread] p2a,p2b\n|-miss|p1a: Dondozo|p1b: Tatsugiri\n|-damage|p2a: Landorus|61/100\n|-damage|p2b: Amoonguss|37/100\n|move|p2a: Landorus|Sandsear Storm|p1a: Dondozo|[spread] p1a\n|-miss|p2a: Landorus|p1b: Tatsugiri\n|-resisted|p1a: Dondozo\n|-damage|p1a: Dondozo|88/100\n|move|p2b: Amoonguss|Pollen Puff|p2a: Landorus\n|-heal|p2a: Landorus|100/100\n|\n|-heal|p1a: Dondozo|94/100|[from] item: Leftovers\n|upkeep\n|turn|3\n|\n|t:|1773772415\n|switch|p2b: Calyrex|Calyrex-Ice, L50|100/100\n|-ability|p2b: Calyrex|As One\n|-ability|p2b: Calyrex|Unnerve\n|move|p1a: Dondozo|Order Up|p2b: Calyrex\n|-damage|p2b: Calyrex|75/100\n|-boost|p1a: Dondozo|atk|1\n|move|p2a: Landorus|Sludge Bomb|p1a: Dondozo\n|-supereffective|p1a: Dondozo\n|-damage|p1a: Dondozo|48/100\n|\n|-heal|p1a: Dondozo|54/100|[from] item: Leftovers\n|upkeep\n|turn|4\n|\n|t:|1773772431\n|move|p1a: Dondozo|Earthquake|p2b: Calyrex|[spread] p2a,p2b\n|-miss|p1a: Dondozo|p1b: Tatsugiri\n|-damage|p2a: Landorus|54/100\n|-damage|p2b: Calyrex|45/100\n|move|p2a: Landorus|Sludge Bomb|p1a: Dondozo\n|-supereffective|p1a: Dondozo\n|-damage|p1a: Dondozo|8/100\n|move|p2b: Calyrex|Trick Room|p2b: Calyrex\n|-fieldstart|move: Trick Room|[of] p2b: Calyrex\n|\n|-heal|p1a: Dondozo|15/100|[from] item: Leftovers\n|upkeep\n|turn|5\n|\n|t:|1773772441\n|move|p1a: Dondozo|Protect|p1a: Dondozo\n|-singleturn|p1a: Dondozo|Protect\n|move|p2b: Calyrex|Glacial Lance|p1b: Tatsugiri|[spread] \n|-miss|p2b: Calyrex|p1b: Tatsugiri\n|-activate|p1a: Dondozo|move: Protect\n|move|p2a: Landorus|Earth Power|p1b: Tatsugiri|[miss]\n|-miss|p2a: Landorus|p1b: Tatsugiri\n|\n|-heal|p1a: Dondozo|21/100|[from] item: Leftovers\n|-fieldend|move: Electric Terrain\n|upkeep\n|turn|6\n|\n|t:|1773772453\n|move|p1a: Dondozo|Protect||[still]\n|-fail|p1a: Dondozo\n|move|p2b: Calyrex|Glacial Lance|p1a: Dondozo|[spread] p1a\n|-miss|p2b: Calyrex|p1b: Tatsugiri\n|-supereffective|p1a: Dondozo\n|-damage|p1a: Dondozo|0 fnt\n|faint|p1a: Dondozo\n|-ability|p2b: Calyrex|Chilling Neigh|boost\n|-boost|p2b: Calyrex|atk|1\n|move|p2a: Landorus|Earth Power|p1b: Tatsugiri\n|-damage|p1b: Tatsugiri|11/100\n|\n|upkeep\n|\n|t:|1773772456\n|switch|p1a: Zacian|Zacian-Crowned, L50, shiny|100/100\n|turn|7\n|-message|pigs2fly forfeited.\n|\n|win|Slackermaru\n|raw|pigs2fly's rating: 1464 &rarr; <strong>1448</strong><br />(-16 for losing)\n|raw|Slackermaru's rating: 1542 &rarr; <strong>1558</strong><br />(+16 for winning)\n|l|\u2606pigs2fly\n|player|p1|\n|l|\u2606Slackermaru\n|player|p2|\n|l| zen077\n","uploadtime":1773772606,"views":12,"formatid":"gen9vgc2026regi","rating":1448,"private":0,"password":null}