{"id":"gen9vgc2026regi-2523220353","format":"[Gen 9] VGC 2026 Reg I","players":["daisabei\u706b\u795e\u86fe\u4fa0","kojimuranishi"],"log":"|j|\u2606daisabei\u706b\u795e\u86fe\u4fa0\n|j|\u2606kojimuranishi\n|t:|1769004823\n|gametype|doubles\n|player|p1|daisabei\u706b\u795e\u86fe\u4fa0|may-masters4|1376\n|player|p2|kojimuranishi|2|1561\n|gen|9\n|tier|[Gen 9] VGC 2026 Reg I\n|rated|\n|rule|Species Clause: Limit one of each Pok\u00e9mon\n|rule|Item Clause: Limit 1 of each item\n|clearpoke\n|poke|p1|Zacian-*, L50|\n|poke|p1|Urshifu-*, L50, M|\n|poke|p1|Incineroar, L50, M|\n|poke|p1|Calyrex-Ice, L50|\n|poke|p1|Pelipper, L50, M|\n|poke|p1|Landorus, L50, M|\n|poke|p2|Zamazenta-*, L50|\n|poke|p2|Lunala, L50|\n|poke|p2|Chien-Pao, L50|\n|poke|p2|Dragonite, L50, F|\n|poke|p2|Landorus, L50, M|\n|poke|p2|Urshifu-*, L50, M|\n|teampreview|4\n|inactive|Battle timer is ON: inactive players will automatically lose when time's up. (requested by kojimuranishi)\n|j| ThatOtherOneWeirdo\n|\n|t:|1769004840\n|teamsize|p1|4\n|teamsize|p2|4\n|start\n|switch|p1a: \u629b\u5f00\u864e\u54e5\u54ee\u7a74|Incineroar, L50, M, shiny|100/100\n|switch|p1b: \u9e7f\u51a0\u738b|Calyrex-Ice, L50|100/100\n|switch|p2a: Urshifu|Urshifu-Rapid-Strike, L50, M|100/100\n|switch|p2b: Landorus|Landorus, L50, M|100/100\n|-ability|p1b: \u9e7f\u51a0\u738b|As One\n|-ability|p1b: \u9e7f\u51a0\u738b|Unnerve\n|-ability|p1a: \u629b\u5f00\u864e\u54e5\u54ee\u7a74|Intimidate|boost\n|-unboost|p2a: Urshifu|atk|1\n|-unboost|p2b: Landorus|atk|1\n|turn|1\n|inactive|kojimuranishi has 30 seconds left.\n|inactive|kojimuranishi has 20 seconds left.\n|\n|t:|1769004877\n|-terastallize|p1b: \u9e7f\u51a0\u738b|Grass\n|move|p1a: \u629b\u5f00\u864e\u54e5\u54ee\u7a74|Fake Out|p2b: Landorus\n|-damage|p2b: Landorus|89/100\n|cant|p2b: Landorus|flinch\n|move|p2a: Urshifu|Surging Strikes|p1b: \u9e7f\u51a0\u738b\n|-resisted|p1b: \u9e7f\u51a0\u738b\n|-crit|p1b: \u9e7f\u51a0\u738b\n|-damage|p1b: \u9e7f\u51a0\u738b|93/100\n|-resisted|p1b: \u9e7f\u51a0\u738b\n|-crit|p1b: \u9e7f\u51a0\u738b\n|-damage|p1b: \u9e7f\u51a0\u738b|86/100\n|-resisted|p1b: \u9e7f\u51a0\u738b\n|-crit|p1b: \u9e7f\u51a0\u738b\n|-damage|p1b: \u9e7f\u51a0\u738b|80/100\n|-hitcount|p1b: \u9e7f\u51a0\u738b|3\n|move|p1b: \u9e7f\u51a0\u738b|Seed Bomb|p2b: Landorus\n|-damage|p2b: Landorus|29/100\n|\n|upkeep\n|turn|2\n|\n|t:|1769004900\n|switch|p1b: \u9a82\u8c01\u542b\u5251|Zacian-Crowned, L50, shiny|100/100\n|-ability|p1b: \u9a82\u8c01\u542b\u5251|Intrepid Sword|boost\n|-boost|p1b: \u9a82\u8c01\u542b\u5251|atk|1\n|move|p2b: Landorus|Sludge Bomb|p1b: \u9a82\u8c01\u542b\u5251\n|-immune|p1b: \u9a82\u8c01\u542b\u5251\n|move|p2a: Urshifu|Surging Strikes|p1a: \u629b\u5f00\u864e\u54e5\u54ee\u7a74\n|-supereffective|p1a: \u629b\u5f00\u864e\u54e5\u54ee\u7a74\n|-crit|p1a: \u629b\u5f00\u864e\u54e5\u54ee\u7a74\n|-damage|p1a: \u629b\u5f00\u864e\u54e5\u54ee\u7a74|62/100\n|-damage|p2a: Urshifu|84/100|[from] item: Rocky Helmet|[of] p1a: \u629b\u5f00\u864e\u54e5\u54ee\u7a74\n|-supereffective|p1a: \u629b\u5f00\u864e\u54e5\u54ee\u7a74\n|-crit|p1a: \u629b\u5f00\u864e\u54e5\u54ee\u7a74\n|-damage|p1a: \u629b\u5f00\u864e\u54e5\u54ee\u7a74|21/100\n|-damage|p2a: Urshifu|68/100|[from] item: Rocky Helmet|[of] p1a: \u629b\u5f00\u864e\u54e5\u54ee\u7a74\n|-supereffective|p1a: \u629b\u5f00\u864e\u54e5\u54ee\u7a74\n|-crit|p1a: \u629b\u5f00\u864e\u54e5\u54ee\u7a74\n|-damage|p1a: \u629b\u5f00\u864e\u54e5\u54ee\u7a74|0 fnt\n|-damage|p2a: Urshifu|51/100|[from] item: Rocky Helmet|[of] p1a: \u629b\u5f00\u864e\u54e5\u54ee\u7a74\n|faint|p1a: \u629b\u5f00\u864e\u54e5\u54ee\u7a74\n|-hitcount|p1: \u629b\u5f00\u864e\u54e5\u54ee\u7a74|3\n|\n|upkeep\n|\n|t:|1769004913\n|switch|p1a: \u9e7f\u51a0\u738b|Calyrex-Ice, L50, tera:Grass|80/100\n|-ability|p1a: \u9e7f\u51a0\u738b|As One\n|-ability|p1a: \u9e7f\u51a0\u738b|Unnerve\n|turn|3\n|\n|t:|1769004926\n|switch|p2b: Zamazenta|Zamazenta-Crowned, L50|100/100\n|-ability|p2b: Zamazenta|Dauntless Shield|boost\n|-boost|p2b: Zamazenta|def|1\n|move|p2a: Urshifu|Detect|p2a: Urshifu\n|-singleturn|p2a: Urshifu|Protect\n|move|p1a: \u9e7f\u51a0\u738b|Protect|p1a: \u9e7f\u51a0\u738b\n|-singleturn|p1a: \u9e7f\u51a0\u738b|Protect\n|move|p1b: \u9a82\u8c01\u542b\u5251|Behemoth Blade|p2b: Zamazenta\n|-resisted|p2b: Zamazenta\n|-damage|p2b: Zamazenta|82/100\n|\n|upkeep\n|turn|4\n|inactive|kojimuranishi has 30 seconds left.\n|\n|t:|1769004952\n|switch|p1a: \u76d6\u9e25\u5361|Pelipper, L50, M, shiny|100/100\n|-weather|RainDance|[from] ability: Drizzle|[of] p1a: \u76d6\u9e25\u5361\n|move|p1b: \u9a82\u8c01\u542b\u5251|Play Rough|p2a: Urshifu\n|-supereffective|p2a: Urshifu\n|-damage|p2a: Urshifu|0 fnt\n|faint|p2a: Urshifu\n|move|p2b: Zamazenta|Body Press|p1a: \u76d6\u9e25\u5361\n|-resisted|p1a: \u76d6\u9e25\u5361\n|-damage|p1a: \u76d6\u9e25\u5361|56/100\n|\n|-weather|RainDance|[upkeep]\n|upkeep\n|\n|t:|1769004967\n|switch|p2a: Lunala|Lunala, L50|100/100\n|turn|5\n|\n|t:|1769004977\n|move|p1b: \u9a82\u8c01\u542b\u5251|Play Rough|p2b: Zamazenta\n|-damage|p2b: Zamazenta|50/100\n|-unboost|p2b: Zamazenta|atk|1\n|move|p2b: Zamazenta|Body Press|p1b: \u9a82\u8c01\u542b\u5251\n|-damage|p1b: \u9a82\u8c01\u542b\u5251|46/100\n|move|p2a: Lunala|Meteor Beam||[still]\n|-prepare|p2a: Lunala|Meteor Beam\n|-boost|p2a: Lunala|spa|1\n|-enditem|p2a: Lunala|Power Herb\n|-anim|p2a: Lunala|Meteor Beam|p1a: \u76d6\u9e25\u5361\n|-supereffective|p1a: \u76d6\u9e25\u5361\n|-damage|p1a: \u76d6\u9e25\u5361|0 fnt\n|faint|p1a: \u76d6\u9e25\u5361\n|\n|-weather|RainDance|[upkeep]\n|upkeep\n|\n|t:|1769004980\n|switch|p1a: \u9e7f\u51a0\u738b|Calyrex-Ice, L50, tera:Grass|80/100\n|-ability|p1a: \u9e7f\u51a0\u738b|As One\n|-ability|p1a: \u9e7f\u51a0\u738b|Unnerve\n|turn|6\n|inactive|kojimuranishi has 30 seconds left.\n|\n|t:|1769005009\n|move|p1b: \u9a82\u8c01\u542b\u5251|Protect|p1b: \u9a82\u8c01\u542b\u5251\n|-singleturn|p1b: \u9a82\u8c01\u542b\u5251|Protect\n|move|p2b: Zamazenta|Body Press|p1a: \u9e7f\u51a0\u738b\n|-damage|p1a: \u9e7f\u51a0\u738b|41/100\n|move|p2a: Lunala|Moongeist Beam|p1b: \u9a82\u8c01\u542b\u5251\n|-activate|p1b: \u9a82\u8c01\u542b\u5251|move: Protect\n|move|p1a: \u9e7f\u51a0\u738b|Glacial Lance|p2b: Zamazenta|[spread] p2a,p2b\n|-resisted|p2b: Zamazenta\n|-crit|p2b: Zamazenta\n|-damage|p2a: Lunala|76/100\n|-damage|p2b: Zamazenta|26/100\n|\n|-weather|RainDance|[upkeep]\n|upkeep\n|turn|7\n|\n|t:|1769005026\n|move|p1b: \u9a82\u8c01\u542b\u5251|Behemoth Blade|p2a: Lunala\n|-damage|p2a: Lunala|8/100\n|move|p2b: Zamazenta|Body Press|p1b: \u9a82\u8c01\u542b\u5251\n|-damage|p1b: \u9a82\u8c01\u542b\u5251|0 fnt\n|faint|p1b: \u9a82\u8c01\u542b\u5251\n|move|p2a: Lunala|Moongeist Beam|p1a: \u9e7f\u51a0\u738b\n|-damage|p1a: \u9e7f\u51a0\u738b|0 fnt\n|faint|p1a: \u9e7f\u51a0\u738b\n|\n|win|kojimuranishi\n|raw|daisabei\u706b\u795e\u86fe\u4fa0's rating: 1376 &rarr; <strong>1366</strong><br />(-10 for losing)\n|raw|kojimuranishi's rating: 1561 &rarr; <strong>1571</strong><br />(+10 for winning)\n|l|\u2606daisabei\u706b\u795e\u86fe\u4fa0\n|player|p1|\n|l| ThatOtherOneWeirdo\n|l|\u2606kojimuranishi\n|player|p2|\n","uploadtime":1769005206,"views":17,"formatid":"gen9vgc2026regi","rating":1366,"private":0,"password":null}