{"id":"gen9vgc2026regi-2560135370","format":"[Gen 9] VGC 2026 Reg I","players":["Ice124567890","jj11j1"],"log":"|j|\u2606Ice124567890\n|j|\u2606jj11j1\n|t:|1773657218\n|gametype|doubles\n|player|p1|Ice124567890|265|1343\n|player|p2|jj11j1|170|1330\n|gen|9\n|tier|[Gen 9] VGC 2026 Reg I\n|rated|\n|rule|Species Clause: Limit one of each Pok\u00e9mon\n|rule|Item Clause: Limit 1 of each item\n|clearpoke\n|poke|p1|Calyrex-Ice, L50|\n|poke|p1|Chi-Yu, L50|\n|poke|p1|Koraidon, L50|\n|poke|p1|Flutter Mane, L50|\n|poke|p1|Raging Bolt, L50|\n|poke|p1|Incineroar, L50, F|\n|poke|p2|Kyogre, L50|\n|poke|p2|Calyrex-Ice, L50|\n|poke|p2|Landorus, L50, M|\n|poke|p2|Urshifu-*, L50, M|\n|poke|p2|Smeargle, L50, F|\n|poke|p2|Flutter Mane, L50|\n|teampreview|4\n|inactive|Battle timer is ON: inactive players will automatically lose when time's up. (requested by Ice124567890)\n|\n|t:|1773657227\n|teamsize|p1|4\n|teamsize|p2|4\n|start\n|switch|p1a: Calyrex|Calyrex-Ice, L50|100/100\n|switch|p1b: Incineroar|Incineroar, L50, F|100/100\n|switch|p2a: Landorus|Landorus, L50, M|100/100\n|switch|p2b: Flutter Mane|Flutter Mane, L50|100/100\n|-ability|p1a: Calyrex|As One\n|-ability|p1a: Calyrex|Unnerve\n|-ability|p1b: Incineroar|Intimidate|boost\n|-unboost|p2a: Landorus|atk|1\n|-unboost|p2b: Flutter Mane|atk|1\n|turn|1\n|\n|t:|1773657243\n|move|p1b: Incineroar|Fake Out|p2a: Landorus\n|-damage|p2a: Landorus|85/100\n|cant|p2a: Landorus|flinch\n|move|p2b: Flutter Mane|Trick Room|p2b: Flutter Mane\n|-fieldstart|move: Trick Room|[of] p2b: Flutter Mane\n|move|p1a: Calyrex|Trick Room|p1a: Calyrex\n|-fieldend|move: Trick Room\n|\n|upkeep\n|turn|2\n|inactive|Ice124567890 has 30 seconds left.\n|\n|t:|1773657272\n|move|p2b: Flutter Mane|Moonblast|p1a: Calyrex\n|-damage|p1a: Calyrex|66/100\n|-unboost|p1a: Calyrex|spa|1\n|move|p2a: Landorus|Sandsear Storm|p1a: Calyrex|[spread] p1a,p1b\n|-supereffective|p1b: Incineroar\n|-damage|p1a: Calyrex|23/100\n|-damage|p1b: Incineroar|23/100\n|move|p1b: Incineroar|U-turn|p2b: Flutter Mane\n|-resisted|p2b: Flutter Mane\n|-damage|p2b: Flutter Mane|90/100\n|\n|t:|1773657280\n|switch|p1b: Koraidon|Koraidon, L50|100/100|[from] U-turn\n|-weather|SunnyDay|[from] ability: Orichalcum Pulse|[of] p1b: Koraidon\n|-activate|p2b: Flutter Mane|ability: Protosynthesis\n|-start|p2b: Flutter Mane|protosynthesisspe\n|-activate|p1b: Koraidon|Orichalcum Pulse|[source]\n|move|p1a: Calyrex|Glacial Lance|p2b: Flutter Mane|[spread] p2a,p2b\n|-supereffective|p2a: Landorus\n|-damage|p2a: Landorus|0 fnt\n|-damage|p2b: Flutter Mane|0 fnt\n|faint|p2a: Landorus\n|faint|p2b: Flutter Mane\n|-end|p2b: Flutter Mane|Protosynthesis|[silent]\n|-ability|p1a: Calyrex|Chilling Neigh|boost\n|-boost|p1a: Calyrex|atk|2\n|\n|-weather|SunnyDay|[upkeep]\n|-heal|p1a: Calyrex|29/100|[from] item: Leftovers\n|upkeep\n|\n|t:|1773657298\n|switch|p2b: Calyrex|Calyrex-Ice, L50|100/100\n|switch|p2a: Kyogre|Kyogre, L50|100/100\n|-ability|p2b: Calyrex|As One\n|-ability|p2b: Calyrex|Unnerve\n|-weather|RainDance|[from] ability: Drizzle|[of] p2a: Kyogre\n|turn|3\n|inactive|jj11j1 has 30 seconds left.\n|\n|t:|1773657324\n|switch|p1b: Incineroar|Incineroar, L50, F|23/100\n|-ability|p1b: Incineroar|Intimidate|boost\n|-unboost|p2a: Kyogre|atk|1\n|-fail|p2b: Calyrex|unboost|[from] item: Clear Amulet|[of] p2b: Calyrex\n|-terastallize|p2a: Kyogre|Water\n|move|p1a: Calyrex|Protect|p1a: Calyrex\n|-singleturn|p1a: Calyrex|Protect\n|move|p2a: Kyogre|Water Spout|p1b: Incineroar|[spread] p1b\n|-activate|p1a: Calyrex|move: Protect\n|-supereffective|p1b: Incineroar\n|-damage|p1b: Incineroar|0 fnt\n|faint|p1b: Incineroar\n|move|p2b: Calyrex|Trick Room|p2b: Calyrex\n|-fieldstart|move: Trick Room|[of] p2b: Calyrex\n|\n|-weather|RainDance|[upkeep]\n|-heal|p1a: Calyrex|35/100|[from] item: Leftovers\n|upkeep\n|\n|t:|1773657341\n|switch|p1b: Raging Bolt|Raging Bolt, L50|100/100\n|turn|4\n|\n|t:|1773657353\n|-terastallize|p1b: Raging Bolt|Electric\n|move|p2a: Kyogre|Protect|p2a: Kyogre\n|-singleturn|p2a: Kyogre|Protect\n|move|p1b: Raging Bolt|Thunderclap||[still]\n|-fail|p1b: Raging Bolt\n|move|p2b: Calyrex|Glacial Lance|p1b: Raging Bolt|[spread] p1a,p1b\n|-resisted|p1a: Calyrex\n|-damage|p1a: Calyrex|16/100\n|-damage|p1b: Raging Bolt|52/100\n|move|p1a: Calyrex|Leech Seed|p2b: Calyrex\n|-start|p2b: Calyrex|move: Leech Seed\n|\n|-weather|RainDance|[upkeep]\n|-heal|p1a: Calyrex|22/100|[from] item: Leftovers\n|-damage|p2b: Calyrex|88/100|[from] Leech Seed|[of] p1a: Calyrex\n|-heal|p1a: Calyrex|36/100|[silent]\n|upkeep\n|turn|5\n|\n|t:|1773657376\n|move|p2a: Kyogre|Protect|p2a: Kyogre\n|-singleturn|p2a: Kyogre|Protect\n|move|p1b: Raging Bolt|Thunderclap||[still]\n|-fail|p1b: Raging Bolt\n|move|p2b: Calyrex|Glacial Lance|p1a: Calyrex|[spread] p1a,p1b\n|-resisted|p1a: Calyrex\n|-damage|p1a: Calyrex|16/100\n|-damage|p1b: Raging Bolt|7/100\n|move|p1a: Calyrex|Leech Seed|p2a: Kyogre\n|-activate|p2a: Kyogre|move: Protect\n|\n|-weather|RainDance|[upkeep]\n|-heal|p1a: Calyrex|22/100|[from] item: Leftovers\n|-damage|p2b: Calyrex|76/100|[from] Leech Seed|[of] p1a: Calyrex\n|-heal|p1a: Calyrex|36/100|[silent]\n|upkeep\n|turn|6\n|inactive|jj11j1 has 30 seconds left.\n|\n|t:|1773657405\n|move|p1b: Raging Bolt|Thunderclap|p2b: Calyrex\n|-damage|p2b: Calyrex|32/100\n|-damage|p1b: Raging Bolt|0 fnt|[from] item: Life Orb\n|faint|p1b: Raging Bolt\n|-end|p1b: Raging Bolt|Protosynthesis|[silent]\n|move|p2a: Kyogre|Water Spout|p1a: Calyrex\n|-damage|p1a: Calyrex|0 fnt\n|faint|p1a: Calyrex\n|move|p2b: Calyrex|Glacial Lance|p1: Calyrex|[notarget]\n|-fail|p2b: Calyrex\n|\n|-weather|RainDance|[upkeep]\n|upkeep\n|\n|t:|1773657415\n|switch|p1a: Koraidon|Koraidon, L50|100/100\n|-weather|SunnyDay|[from] ability: Orichalcum Pulse|[of] p1a: Koraidon\n|-activate|p1a: Koraidon|Orichalcum Pulse|[source]\n|turn|7\n|\n|t:|1773657428\n|move|p1a: Koraidon|Protect|p1a: Koraidon\n|-singleturn|p1a: Koraidon|Protect\n|move|p2a: Kyogre|Water Spout|p1a: Koraidon\n|-activate|p1a: Koraidon|move: Protect\n|move|p2b: Calyrex|Glacial Lance|p1a: Koraidon\n|-activate|p1a: Koraidon|move: Protect\n|\n|-weather|SunnyDay|[upkeep]\n|-damage|p2b: Calyrex|20/100|[from] Leech Seed|[of] p1a: Koraidon\n|-fieldend|move: Trick Room\n|upkeep\n|turn|8\n|\n|t:|1773657444\n|move|p1a: Koraidon|Flame Charge|p2b: Calyrex\n|-supereffective|p2b: Calyrex\n|-damage|p2b: Calyrex|0 fnt\n|-boost|p1a: Koraidon|spe|1\n|faint|p2b: Calyrex\n|move|p2a: Kyogre|Hydro Pump|p1a: Koraidon|[miss]\n|-miss|p2a: Kyogre|p1a: Koraidon\n|\n|-weather|SunnyDay|[upkeep]\n|upkeep\n|turn|9\n|\n|t:|1773657462\n|move|p1a: Koraidon|Low Kick|p2a: Kyogre\n|-damage|p2a: Kyogre|19/100\n|move|p2a: Kyogre|Hydro Pump|p1a: Koraidon\n|-resisted|p1a: Koraidon\n|-damage|p1a: Koraidon|80/100\n|\n|-weather|SunnyDay|[upkeep]\n|upkeep\n|turn|10\n|-message|jj11j1 forfeited.\n|\n|win|Ice124567890\n|raw|Ice124567890's rating: 1358 &rarr; <strong>1376</strong><br />(+18 for winning)\n|raw|jj11j1's rating: 1330 &rarr; <strong>1312</strong><br />(-18 for losing)\n|l|\u2606jj11j1\n|player|p2|\n|l|\u2606Ice124567890\n|player|p1|\n","uploadtime":1773657634,"views":13,"formatid":"gen9vgc2026regi","rating":1312,"private":0,"password":null}