{"id":"gen9vgc2026regi-2561233966","format":"[Gen 9] VGC 2026 Reg I","players":["jonen","rillabob"],"log":"|j|\u2606jonen\n|j|\u2606rillabob\n|t:|1773775846\n|gametype|doubles\n|player|p1|jonen|medium|1365\n|player|p2|rillabob|102|1286\n|gen|9\n|tier|[Gen 9] VGC 2026 Reg I\n|rated|\n|rule|Species Clause: Limit one of each Pok\u00e9mon\n|rule|Item Clause: Limit 1 of each item\n|clearpoke\n|poke|p1|Groudon, L50|\n|poke|p1|Chi-Yu, L50|\n|poke|p1|Flutter Mane, L50|\n|poke|p1|Raging Bolt, L50|\n|poke|p1|Calyrex-Ice, L50|\n|poke|p1|Jumpluff, L50, F|\n|poke|p2|Calyrex-Shadow, L50|\n|poke|p2|Zamazenta-*, L50|\n|poke|p2|Indeedee-F, L50, F|\n|poke|p2|Entei, L50|\n|poke|p2|Flutter Mane, L50|\n|poke|p2|Urshifu-*, L50, M|\n|teampreview|4\n|\n|t:|1773775895\n|teamsize|p1|4\n|teamsize|p2|4\n|start\n|switch|p1a: Groudon|Groudon, L50|100/100\n|switch|p1b: Jumpluff|Jumpluff, L50, F|100/100\n|switch|p2a: Calyrex|Calyrex-Shadow, L50|100/100\n|switch|p2b: Zamazenta|Zamazenta-Crowned, L50|100/100\n|-ability|p2a: Calyrex|As One\n|-ability|p2a: Calyrex|Unnerve\n|-ability|p2b: Zamazenta|Dauntless Shield|boost\n|-boost|p2b: Zamazenta|def|1\n|-weather|SunnyDay|[from] ability: Drought|[of] p1a: Groudon\n|turn|1\n|\n|t:|1773775920\n|move|p2b: Zamazenta|Wide Guard|p2b: Zamazenta\n|-singleturn|p2b: Zamazenta|Wide Guard\n|move|p1b: Jumpluff|Sleep Powder|p2a: Calyrex\n|-status|p2a: Calyrex|slp|[from] move: Sleep Powder\n|cant|p2a: Calyrex|slp\n|move|p1a: Groudon|Precipice Blades|p2a: Calyrex|[spread] \n|-activate|p2a: Calyrex|move: Wide Guard\n|-activate|p2b: Zamazenta|move: Wide Guard\n|\n|-weather|SunnyDay|[upkeep]\n|upkeep\n|turn|2\n|\n|t:|1773775957\n|switch|p2a: Entei|Entei, L50|100/100\n|move|p2b: Zamazenta|Wide Guard|p2b: Zamazenta\n|-singleturn|p2b: Zamazenta|Wide Guard\n|move|p1b: Jumpluff|Encore|p2b: Zamazenta\n|-start|p2b: Zamazenta|Encore\n|move|p1a: Groudon|Heat Crash|p2a: Entei\n|-resisted|p2a: Entei\n|-damage|p2a: Entei|74/100\n|\n|-weather|SunnyDay|[upkeep]\n|upkeep\n|turn|3\n|\n|t:|1773775979\n|-terastallize|p1a: Groudon|Fire\n|-terastallize|p2a: Entei|Grass\n|move|p2b: Zamazenta|Wide Guard|p2b: Zamazenta\n|-singleturn|p2b: Zamazenta|Wide Guard\n|move|p1b: Jumpluff|Tailwind|p1b: Jumpluff\n|-sidestart|p1: jonen|move: Tailwind\n|move|p1a: Groudon|High Horsepower|p2a: Entei\n|-resisted|p2a: Entei\n|-damage|p2a: Entei|47/100\n|move|p2a: Entei|Sacred Fire|p1b: Jumpluff\n|-supereffective|p1b: Jumpluff\n|-damage|p1b: Jumpluff|0 fnt\n|faint|p1b: Jumpluff\n|\n|-weather|SunnyDay|[upkeep]\n|upkeep\n|\n|t:|1773775994\n|switch|p1b: Chi-Yu|Chi-Yu, L50|100/100\n|-ability|p1b: Chi-Yu|Beads of Ruin\n|turn|4\n|\n|t:|1773776013\n|move|p2b: Zamazenta|Wide Guard|p2b: Zamazenta\n|-singleturn|p2b: Zamazenta|Wide Guard\n|move|p2a: Entei|Extreme Speed|p1b: Chi-Yu\n|-damage|p1b: Chi-Yu|55/100\n|move|p1b: Chi-Yu|Overheat|p2b: Zamazenta\n|-supereffective|p2b: Zamazenta\n|-damage|p2b: Zamazenta|0 fnt\n|-unboost|p1b: Chi-Yu|spa|2\n|faint|p2b: Zamazenta\n|move|p1a: Groudon|Heat Crash|p2a: Entei\n|-supereffective|p2a: Entei\n|-damage|p2a: Entei|0 fnt\n|faint|p2a: Entei\n|\n|-weather|SunnyDay|[upkeep]\n|upkeep\n|\n|t:|1773776031\n|switch|p2b: Calyrex|Calyrex-Shadow, L50|100/100 slp\n|switch|p2a: Flutter Mane|Flutter Mane, L50|100/100\n|-ability|p2b: Calyrex|As One\n|-ability|p2b: Calyrex|Unnerve\n|-activate|p2a: Flutter Mane|ability: Protosynthesis\n|-start|p2a: Flutter Mane|protosynthesisspe\n|turn|5\n|\n|t:|1773776043\n|cant|p2b: Calyrex|slp\n|move|p1b: Chi-Yu|Overheat|p2a: Flutter Mane\n|-damage|p2a: Flutter Mane|17/100\n|-unboost|p1b: Chi-Yu|spa|2\n|move|p2a: Flutter Mane|Icy Wind|p1a: Groudon|[spread] p1a,p1b\n|-resisted|p1a: Groudon\n|-resisted|p1b: Chi-Yu\n|-damage|p1a: Groudon|94/100\n|-damage|p1b: Chi-Yu|47/100\n|-unboost|p1a: Groudon|spe|1\n|-unboost|p1b: Chi-Yu|spe|1\n|move|p1a: Groudon|Precipice Blades|p2a: Flutter Mane|[spread] p2a,p2b\n|-damage|p2a: Flutter Mane|0 fnt\n|-damage|p2b: Calyrex|29/100 slp\n|faint|p2a: Flutter Mane\n|-end|p2a: Flutter Mane|Protosynthesis|[silent]\n|\n|-weather|none\n|upkeep\n|turn|6\n|\n|t:|1773776062\n|switch|p1b: Calyrex|Calyrex-Ice, L50|100/100\n|-ability|p1b: Calyrex|As One\n|-ability|p1b: Calyrex|Unnerve\n|cant|p2b: Calyrex|slp\n|move|p1a: Groudon|Heat Crash|p2b: Calyrex\n|-damage|p2b: Calyrex|0 fnt\n|faint|p2b: Calyrex\n|\n|win|jonen\n|raw|jonen's rating: 1365 &rarr; <strong>1381</strong><br />(+16 for winning)\n|raw|rillabob's rating: 1286 &rarr; <strong>1267</strong><br />(-19 for losing)\n","uploadtime":1773776062,"views":10,"formatid":"gen9vgc2026regi","rating":1267,"private":0,"password":null}