{"id":"gen9vgc2026regi-2530994555","format":"[Gen 9] VGC 2026 Reg I","players":["lalo's pollos","no1.pokemon"],"log":"|j|\u2606lalo's pollos\n|j|\u2606no1.pokemon\n|t:|1769996875\n|gametype|doubles\n|player|p1|lalo's pollos|169|1447\n|player|p2|no1.pokemon|n-masters|1394\n|gen|9\n|tier|[Gen 9] VGC 2026 Reg I\n|rated|\n|rule|Species Clause: Limit one of each Pok\u00e9mon\n|rule|Item Clause: Limit 1 of each item\n|clearpoke\n|poke|p1|Miraidon, L50|\n|poke|p1|Landorus, L50, M|\n|poke|p1|Incineroar, L50, F|\n|poke|p1|Iron Bundle, L50|\n|poke|p1|Farigiraf, L50, M|\n|poke|p1|Calyrex-Ice, L50|\n|poke|p2|Calyrex-Ice, L50|\n|poke|p2|Miraidon, L50|\n|poke|p2|Incineroar, L50, F|\n|poke|p2|Amoonguss, L50, M|\n|poke|p2|Farigiraf, L50, M|\n|poke|p2|Urshifu-*, L50, F|\n|teampreview|4\n|inactive|Battle timer is ON: inactive players will automatically lose when time's up. (requested by no1.pokemon)\n|inactive|lalo's pollos has 60 seconds left.\n|inactive|lalo's pollos has 30 seconds left.\n|\n|t:|1769996937\n|teamsize|p1|4\n|teamsize|p2|4\n|start\n|switch|p1a: Co-Star|Miraidon, L50|100/100\n|switch|p1b: the Manager|Farigiraf, L50, M|100/100\n|switch|p2a: Calyrex|Calyrex-Ice, L50|100/100\n|switch|p2b: Incineroar|Incineroar, L50, F, shiny|100/100\n|-ability|p2a: Calyrex|As One\n|-ability|p2a: Calyrex|Unnerve\n|-fieldstart|move: Electric Terrain|[from] ability: Hadron Engine|[of] p1a: Co-Star\n|-ability|p2b: Incineroar|Intimidate|boost\n|-unboost|p1a: Co-Star|atk|1\n|-unboost|p1b: the Manager|atk|1\n|turn|1\n|\n|t:|1769996958\n|move|p1b: the Manager|Helping Hand|p1a: Co-Star\n|-singleturn|p1a: Co-Star|Helping Hand|[of] p1b: the Manager\n|move|p2a: Calyrex|Protect|p2a: Calyrex\n|-singleturn|p2a: Calyrex|Protect\n|move|p1a: Co-Star|Electro Drift|p2b: Incineroar\n|-damage|p2b: Incineroar|0 fnt\n|faint|p2b: Incineroar\n|\n|upkeep\n|\n|t:|1769996980\n|switch|p2b: Amoonguss|Amoonguss, L50, M, shiny|100/100\n|turn|2\n|\n|t:|1769996992\n|move|p2b: Amoonguss|Rage Powder|p2b: Amoonguss\n|-singleturn|p2b: Amoonguss|move: Rage Powder\n|move|p1a: Co-Star|Electro Drift|p2b: Amoonguss\n|-resisted|p2b: Amoonguss\n|-damage|p2b: Amoonguss|38/100\n|-damage|p1a: Co-Star|84/100|[from] item: Rocky Helmet|[of] p2b: Amoonguss\n|move|p1b: the Manager|Trick Room|p1b: the Manager\n|-fieldstart|move: Trick Room|[of] p1b: the Manager\n|move|p2a: Calyrex|Trick Room|p2a: Calyrex\n|-fieldend|move: Trick Room\n|\n|upkeep\n|turn|3\n|\n|t:|1769997008\n|switch|p2b: Urshifu|Urshifu, L50, F|100/100\n|move|p1a: Co-Star|Electro Drift|p2a: Calyrex\n|-damage|p2a: Calyrex|9/100\n|move|p1b: the Manager|Foul Play|p2a: Calyrex\n|-supereffective|p2a: Calyrex\n|-damage|p2a: Calyrex|0 fnt\n|faint|p2a: Calyrex\n|\n|upkeep\n|\n|t:|1769997019\n|switch|p2a: Amoonguss|Amoonguss, L50, M, shiny|71/100\n|turn|4\n|\n|t:|1769997024\n|-terastallize|p2b: Urshifu|Dark\n|move|p1b: the Manager|Helping Hand|p1a: Co-Star\n|-singleturn|p1a: Co-Star|Helping Hand|[of] p1b: the Manager\n|move|p2a: Amoonguss|Rage Powder|p2a: Amoonguss\n|-singleturn|p2a: Amoonguss|move: Rage Powder\n|move|p1a: Co-Star|Electro Drift|p2a: Amoonguss\n|-resisted|p2a: Amoonguss\n|-damage|p2a: Amoonguss|0 fnt\n|-damage|p1a: Co-Star|68/100|[from] item: Rocky Helmet|[of] p2a: Amoonguss\n|faint|p2a: Amoonguss\n|move|p2b: Urshifu|Wicked Blow|p1a: Co-Star\n|-crit|p1a: Co-Star\n|-damage|p1a: Co-Star|0 fnt\n|faint|p1a: Co-Star\n|\n|upkeep\n|\n|t:|1769997031\n|switch|p1a: Calyrex|Calyrex-Ice, L50|100/100\n|-ability|p1a: Calyrex|As One\n|-ability|p1a: Calyrex|Unnerve\n|turn|5\n|\n|t:|1769997039\n|-terastallize|p1a: Calyrex|Water\n|move|p2b: Urshifu|Wicked Blow|p1a: Calyrex\n|-crit|p1a: Calyrex\n|-damage|p1a: Calyrex|18/100\n|move|p1b: the Manager|Foul Play|p2b: Urshifu\n|-resisted|p2b: Urshifu\n|-damage|p2b: Urshifu|82/100\n|move|p1a: Calyrex|Glacial Lance|p2b: Urshifu\n|-damage|p2b: Urshifu|6/100\n|\n|-fieldend|move: Electric Terrain\n|upkeep\n|turn|6\n|\n|t:|1769997048\n|move|p2b: Urshifu|Wicked Blow|p1a: Calyrex\n|-crit|p1a: Calyrex\n|-damage|p1a: Calyrex|0 fnt\n|faint|p1a: Calyrex\n|move|p1b: the Manager|Foul Play|p2b: Urshifu\n|-resisted|p2b: Urshifu\n|-damage|p2b: Urshifu|0 fnt\n|faint|p2b: Urshifu\n|\n|win|lalo's pollos\n|raw|lalo&apos;s pollos's rating: 1447 &rarr; <strong>1464</strong><br />(+17 for winning)\n|raw|no1.pokemon's rating: 1394 &rarr; <strong>1377</strong><br />(-17 for losing)\n|l|\u2606no1.pokemon\n|player|p2|\n","uploadtime":1769997187,"views":16,"formatid":"gen9vgc2026regi","rating":1377,"private":0,"password":null}