{"id":"gen9vgc2026regi-2528377058","format":"[Gen 9] VGC 2026 Reg I","players":["n0bodynosen","GAPDHC"],"log":"|j|\u2606n0bodynosen\n|j|\u2606GAPDHC\n|t:|1769648479\n|gametype|doubles\n|player|p1|n0bodynosen|101|1198\n|player|p2|GAPDHC|ruinmaniac|1249\n|gen|9\n|tier|[Gen 9] VGC 2026 Reg I\n|rated|\n|rule|Species Clause: Limit one of each Pok\u00e9mon\n|rule|Item Clause: Limit 1 of each item\n|clearpoke\n|poke|p1|Zamazenta-*, L50|\n|poke|p1|Gouging Fire, L50|\n|poke|p1|Brute Bonnet, L50|\n|poke|p1|Flutter Mane, L50|\n|poke|p1|Kyogre, L50|\n|poke|p1|Zapdos, L50|\n|poke|p2|Calyrex-Shadow, L50|\n|poke|p2|Eternatus, L50|\n|poke|p2|Grimmsnarl, L50, M|\n|poke|p2|Rillaboom, L50, F|\n|poke|p2|Dondozo, L50, F|\n|poke|p2|Tatsugiri-Droopy, L50, M|\n|teampreview|4\n|c|\u2606n0bodynosen|glhf\n|c|\u2606GAPDHC|U2\n|\n|t:|1769648505\n|teamsize|p1|4\n|teamsize|p2|4\n|start\n|switch|p1a: Brute Bonnet|Brute Bonnet, L50|100/100\n|switch|p1b: Zapdos|Zapdos, L50|100/100\n|switch|p2a: Grimmsnarl|Grimmsnarl, L50, M|100/100\n|switch|p2b: Eternatus|Eternatus, L50|100/100\n|-ability|p2b: Eternatus|Pressure\n|turn|1\n|\n|t:|1769648522\n|move|p1b: Zapdos|Tailwind|p1b: Zapdos\n|-sidestart|p1: n0bodynosen|move: Tailwind\n|move|p2b: Eternatus|Toxic Spikes|p1a: Brute Bonnet\n|-sidestart|p1: n0bodynosen|move: Toxic Spikes\n|move|p1a: Brute Bonnet|Spore|p2b: Eternatus\n|-status|p2b: Eternatus|slp|[from] move: Spore\n|move|p2a: Grimmsnarl|Spirit Break|p1a: Brute Bonnet\n|-supereffective|p1a: Brute Bonnet\n|-damage|p1a: Brute Bonnet|40/100\n|-unboost|p1a: Brute Bonnet|spa|1\n|\n|upkeep\n|turn|2\n|\n|t:|1769648540\n|move|p2a: Grimmsnarl|Light Screen|p2a: Grimmsnarl\n|-sidestart|p2: GAPDHC|move: Light Screen\n|move|p1b: Zapdos|Thunder|p2b: Eternatus\n|-resisted|p2b: Eternatus\n|-damage|p2b: Eternatus|86/100 slp\n|-damage|p1b: Zapdos|90/100|[from] item: Life Orb\n|cant|p2b: Eternatus|slp\n|move|p1a: Brute Bonnet|Spore|p2a: Grimmsnarl\n|-status|p2a: Grimmsnarl|slp|[from] move: Spore\n|\n|upkeep\n|turn|3\n|\n|t:|1769648557\n|-end|p1a: Brute Bonnet|Protosynthesis|[silent]\n|switch|p1a: Zamazenta|Zamazenta-Crowned, L50|100/100\n|-ability|p1a: Zamazenta|Dauntless Shield|boost\n|-boost|p1a: Zamazenta|def|1\n|move|p1b: Zapdos|Hurricane|p2a: Grimmsnarl|[miss]\n|-miss|p1b: Zapdos|p2a: Grimmsnarl\n|cant|p2b: Eternatus|slp\n|cant|p2a: Grimmsnarl|slp\n|\n|upkeep\n|turn|4\n|\n|t:|1769648573\n|cant|p2a: Grimmsnarl|slp\n|move|p1a: Zamazenta|Iron Defense|p1a: Zamazenta\n|-boost|p1a: Zamazenta|def|2\n|move|p1b: Zapdos|Thunder|p2a: Grimmsnarl|[miss]\n|-miss|p1b: Zapdos|p2a: Grimmsnarl\n|cant|p2b: Eternatus|slp\n|\n|-sideend|p1: n0bodynosen|move: Tailwind\n|upkeep\n|turn|5\n|\n|t:|1769648584\n|cant|p2a: Grimmsnarl|slp\n|move|p1a: Zamazenta|Iron Defense|p1a: Zamazenta\n|-boost|p1a: Zamazenta|def|2\n|move|p1b: Zapdos|Thunder|p2a: Grimmsnarl\n|-damage|p2a: Grimmsnarl|55/100 slp\n|-damage|p1b: Zapdos|80/100|[from] item: Life Orb\n|-curestatus|p2b: Eternatus|slp|[msg]\n|move|p2b: Eternatus|Toxic Spikes|p1b: Zapdos\n|-sidestart|p1: n0bodynosen|move: Toxic Spikes\n|\n|upkeep\n|turn|6\n|\n|t:|1769648598\n|-curestatus|p2a: Grimmsnarl|slp|[msg]\n|move|p2a: Grimmsnarl|Reflect|p2a: Grimmsnarl\n|-sidestart|p2: GAPDHC|Reflect\n|move|p1a: Zamazenta|Body Press|p2a: Grimmsnarl\n|-damage|p2a: Grimmsnarl|0 fnt\n|faint|p2a: Grimmsnarl\n|move|p1b: Zapdos|Tailwind|p1b: Zapdos\n|-sidestart|p1: n0bodynosen|move: Tailwind\n|move|p2b: Eternatus|Toxic|p1b: Zapdos\n|-status|p1b: Zapdos|tox\n|\n|-damage|p1b: Zapdos|74/100 tox|[from] psn\n|upkeep\n|\n|t:|1769648609\n|switch|p2a: Dondozo|Dondozo, L50, F|100/100\n|turn|7\n|\n|t:|1769648614\n|move|p2a: Dondozo|Protect|p2a: Dondozo\n|-singleturn|p2a: Dondozo|Protect\n|move|p1a: Zamazenta|Body Press|p2a: Dondozo\n|-activate|p2a: Dondozo|move: Protect\n|move|p1b: Zapdos|Thunder|p2a: Dondozo\n|-activate|p2a: Dondozo|move: Protect\n|move|p2b: Eternatus|Dynamax Cannon|p1b: Zapdos\n|-damage|p1b: Zapdos|18/100 tox\n|\n|-damage|p1b: Zapdos|5/100 tox|[from] psn\n|upkeep\n|turn|8\n|\n|t:|1769648632\n|switch|p2b: Tatsugiri|Tatsugiri-Droopy, L50, M|100/100\n|-activate|p2b: Tatsugiri|ability: Commander|[of] p2a: Dondozo\n|-boost|p2a: Dondozo|atk|2\n|-boost|p2a: Dondozo|spa|2\n|-boost|p2a: Dondozo|spe|2\n|-boost|p2a: Dondozo|def|2\n|-boost|p2a: Dondozo|spd|2\n|-terastallize|p2a: Dondozo|Electric\n|move|p1a: Zamazenta|Body Press|p2b: Tatsugiri|[miss]\n|-miss|p1a: Zamazenta|p2b: Tatsugiri\n|move|p1b: Zapdos|Thunder|p2a: Dondozo\n|-resisted|p2a: Dondozo\n|-damage|p2a: Dondozo|90/100\n|-damage|p1b: Zapdos|0 fnt|[from] item: Life Orb\n|faint|p1b: Zapdos\n|move|p2a: Dondozo|Order Up|p1a: Zamazenta\n|-resisted|p1a: Zamazenta\n|-damage|p1a: Zamazenta|85/100\n|-boost|p2a: Dondozo|def|1\n|\n|-heal|p2a: Dondozo|95/100|[from] item: Leftovers\n|upkeep\n|\n|t:|1769648648\n|switch|p1b: Brute Bonnet|Brute Bonnet, L50|40/100\n|-status|p1b: Brute Bonnet|tox\n|turn|9\n|\n|t:|1769648660\n|move|p1a: Zamazenta|Body Press|p2a: Dondozo\n|-damage|p2a: Dondozo|89/100\n|move|p2a: Dondozo|Body Press|p1b: Brute Bonnet\n|-supereffective|p1b: Brute Bonnet\n|-damage|p1b: Brute Bonnet|0 fnt\n|faint|p1b: Brute Bonnet\n|-end|p1b: Brute Bonnet|Protosynthesis|[silent]\n|\n|-heal|p2a: Dondozo|95/100|[from] item: Leftovers\n|-sideend|p2: GAPDHC|move: Light Screen\n|-sideend|p1: n0bodynosen|move: Tailwind\n|upkeep\n|\n|t:|1769648664\n|switch|p1b: Gouging Fire|Gouging Fire, L50|100/100\n|-status|p1b: Gouging Fire|tox\n|turn|10\n|\n|t:|1769648675\n|move|p2a: Dondozo|Protect|p2a: Dondozo\n|-singleturn|p2a: Dondozo|Protect\n|move|p1b: Gouging Fire|Burning Bulwark|p1b: Gouging Fire\n|-singleturn|p1b: Gouging Fire|move: Protect\n|move|p1a: Zamazenta|Iron Defense|p1a: Zamazenta\n|-boost|p1a: Zamazenta|def|1\n|\n|-heal|p2a: Dondozo|100/100|[from] item: Leftovers\n|-damage|p1b: Gouging Fire|94/100 tox|[from] psn\n|upkeep\n|turn|11\n|\n|t:|1769648686\n|-terastallize|p1b: Gouging Fire|Grass\n|move|p1a: Zamazenta|Body Press|p2a: Dondozo\n|-damage|p2a: Dondozo|94/100\n|move|p2a: Dondozo|Order Up|p1b: Gouging Fire\n|-damage|p1b: Gouging Fire|68/100 tox\n|-boost|p2a: Dondozo|def|1\n|move|p1b: Gouging Fire|Dragon Cheer|p1a: Zamazenta\n|-start|p1a: Zamazenta|move: Dragon Cheer\n|\n|-heal|p2a: Dondozo|99/100|[from] item: Leftovers\n|-damage|p1b: Gouging Fire|55/100 tox|[from] psn\n|upkeep\n|turn|12\n|\n|t:|1769648702\n|move|p1a: Zamazenta|Body Press|p2a: Dondozo\n|-damage|p2a: Dondozo|95/100\n|move|p2a: Dondozo|Body Press|p1a: Zamazenta\n|-supereffective|p1a: Zamazenta\n|-damage|p1a: Zamazenta|2/100\n|move|p1b: Gouging Fire|Morning Sun|p1b: Gouging Fire\n|-heal|p1b: Gouging Fire|100/100 tox\n|\n|-heal|p2a: Dondozo|100/100|[from] item: Leftovers\n|-damage|p1b: Gouging Fire|82/100 tox|[from] psn\n|upkeep\n|turn|13\n|\n|t:|1769648719\n|move|p1a: Zamazenta|Protect|p1a: Zamazenta\n|-singleturn|p1a: Zamazenta|Protect\n|move|p2a: Dondozo|Body Press|p1a: Zamazenta\n|-activate|p1a: Zamazenta|move: Protect\n|move|p1b: Gouging Fire|Flare Blitz|p2a: Dondozo\n|-damage|p2a: Dondozo|93/100\n|-damage|p1b: Gouging Fire|79/100 tox|[from] Recoil\n|\n|-heal|p2a: Dondozo|99/100|[from] item: Leftovers\n|-damage|p1b: Gouging Fire|55/100 tox|[from] psn\n|-sideend|p2: GAPDHC|Reflect\n|upkeep\n|turn|14\n|\n|t:|1769648733\n|move|p1a: Zamazenta|Body Press|p2a: Dondozo\n|-damage|p2a: Dondozo|91/100\n|move|p2a: Dondozo|Body Press|p1a: Zamazenta\n|-supereffective|p1a: Zamazenta\n|-damage|p1a: Zamazenta|0 fnt\n|faint|p1a: Zamazenta\n|move|p1b: Gouging Fire|Flare Blitz|p2a: Dondozo\n|-damage|p2a: Dondozo|80/100\n|-damage|p1b: Gouging Fire|51/100 tox|[from] Recoil\n|\n|-heal|p2a: Dondozo|86/100|[from] item: Leftovers\n|-damage|p1b: Gouging Fire|20/100 tox|[from] psn\n|upkeep\n|-enditem|p1b: Gouging Fire|Aguav Berry|[eat]\n|-heal|p1b: Gouging Fire|53/100 tox|[from] item: Aguav Berry\n|turn|15\n|c|\u2606n0bodynosen|gg wp\n|-message|n0bodynosen forfeited.\n|\n|win|GAPDHC\n|raw|n0bodynosen's rating: 1198 &rarr; <strong>1177</strong><br />(-21 for losing)\n|raw|GAPDHC's rating: 1249 &rarr; <strong>1270</strong><br />(+21 for winning)\n|l|\u2606n0bodynosen\n|player|p1|\n|l|\u2606GAPDHC\n|player|p2|\n","uploadtime":1769648955,"views":16,"formatid":"gen9vgc2026regi","rating":1177,"private":0,"password":null}