{"id":"gen9vgc2026regi-2574063593","format":"[Gen 9] VGC 2026 Reg I","players":["Snowsquall brute","dojabumi"],"log":"|j|\u2606Snowsquall brute\n|j|\u2606dojabumi\n|t:|1775195784\n|gametype|doubles\n|player|p1|Snowsquall brute|veteran|1365\n|player|p2|dojabumi|266|1422\n|gen|9\n|tier|[Gen 9] VGC 2026 Reg I\n|rated|\n|rule|Species Clause: Limit one of each Pok\u00e9mon\n|rule|Item Clause: Limit 1 of each item\n|clearpoke\n|poke|p1|Miraidon, L50|\n|poke|p1|Landorus-Therian, L50, M|\n|poke|p1|Iron Crown, L50|\n|poke|p1|Kyogre, L50|\n|poke|p1|Urshifu-*, L50, F|\n|poke|p2|Brute Bonnet, L50|\n|poke|p2|Lunala, L50|\n|poke|p2|Ursaluna, L50, M|\n|poke|p2|Chi-Yu, L50|\n|poke|p2|Koraidon, L50|\n|poke|p2|Flutter Mane, L50|\n|teampreview|4\n|j| thundersnd77\n|\n|t:|1775195801\n|teamsize|p1|4\n|teamsize|p2|4\n|start\n|switch|p1a: Miraidon|Miraidon, L50|100/100\n|switch|p1b: Landorus|Landorus-Therian, L50, M|100/100\n|switch|p2a: Lunala|Lunala, L50|100/100\n|switch|p2b: Brute Bonnet|Brute Bonnet, L50|100/100\n|-fieldstart|move: Electric Terrain|[from] ability: Hadron Engine|[of] p1a: Miraidon\n|-enditem|p1a: Miraidon|Electric Seed\n|-boost|p1a: Miraidon|def|1|[from] item: Electric Seed\n|-ability|p1b: Landorus|Intimidate|boost\n|-unboost|p2a: Lunala|atk|1\n|-unboost|p2b: Brute Bonnet|atk|1\n|turn|1\n|inactive|Battle timer is ON: inactive players will automatically lose when time's up. (requested by dojabumi)\n|\n|t:|1775195817\n|move|p2b: Brute Bonnet|Rage Powder|p2b: Brute Bonnet\n|-singleturn|p2b: Brute Bonnet|move: Rage Powder\n|move|p1a: Miraidon|Calm Mind|p1a: Miraidon\n|-boost|p1a: Miraidon|spa|1\n|-boost|p1a: Miraidon|spd|1\n|move|p1b: Landorus|U-turn|p2b: Brute Bonnet\n|-supereffective|p2b: Brute Bonnet\n|-damage|p2b: Brute Bonnet|34/100\n|-enditem|p2b: Brute Bonnet|Sitrus Berry|[eat]\n|-heal|p2b: Brute Bonnet|59/100|[from] item: Sitrus Berry\n|\n|t:|1775195832\n|switch|p1b: Iron Crown|Iron Crown, L50|100/100|[from] U-turn\n|-activate|p1b: Iron Crown|ability: Quark Drive\n|-start|p1b: Iron Crown|quarkdrivespd\n|move|p2a: Lunala|Trick Room|p2a: Lunala\n|-fieldstart|move: Trick Room|[of] p2a: Lunala\n|\n|upkeep\n|turn|2\n|\n|t:|1775195847\n|switch|p2a: Ursaluna|Ursaluna, L50, M|100/100\n|move|p2b: Brute Bonnet|Rage Powder|p2b: Brute Bonnet\n|-singleturn|p2b: Brute Bonnet|move: Rage Powder\n|move|p1b: Iron Crown|Future Sight|p2b: Brute Bonnet\n|-start|p1b: Iron Crown|move: Future Sight\n|move|p1a: Miraidon|Parabolic Charge|p2a: Ursaluna|[spread] p1b,p2b\n|-immune|p2a: Ursaluna\n|-resisted|p2b: Brute Bonnet\n|-damage|p1b: Iron Crown|68/100\n|-damage|p2b: Brute Bonnet|39/100\n|\n|-status|p2a: Ursaluna|brn|[from] item: Flame Orb\n|upkeep\n|turn|3\n|\n|t:|1775195858\n|-end|p1b: Iron Crown|Quark Drive|[silent]\n|switch|p1b: Landorus|Landorus-Therian, L50, M|100/100\n|-ability|p1b: Landorus|Intimidate|boost\n|-unboost|p2a: Ursaluna|atk|1\n|-unboost|p2b: Brute Bonnet|atk|1\n|move|p2b: Brute Bonnet|Rage Powder|p2b: Brute Bonnet\n|-singleturn|p2b: Brute Bonnet|move: Rage Powder\n|move|p2a: Ursaluna|Earthquake|p1a: Miraidon|[spread] p2b,p1a\n|-immune|p1b: Landorus\n|-resisted|p2b: Brute Bonnet\n|-supereffective|p1a: Miraidon\n|-damage|p2b: Brute Bonnet|25/100\n|-damage|p1a: Miraidon|50/100\n|move|p1a: Miraidon|Dragon Pulse|p2b: Brute Bonnet\n|-damage|p2b: Brute Bonnet|0 fnt\n|faint|p2b: Brute Bonnet\n|-end|p2b: Brute Bonnet|Protosynthesis|[silent]\n|\n|-damage|p2a: Ursaluna|95/100 brn|[from] brn\n|upkeep\n|\n|t:|1775195861\n|switch|p2b: Lunala|Lunala, L50|100/100\n|turn|4\n|\n|t:|1775195872\n|move|p1a: Miraidon|Protect|p1a: Miraidon\n|-singleturn|p1a: Miraidon|Protect\n|move|p2a: Ursaluna|Headlong Rush|p1a: Miraidon\n|-activate|p1a: Miraidon|move: Protect\n|move|p1b: Landorus|U-turn|p2b: Lunala\n|-damage|p2b: Lunala|89/100\n|\n|t:|1775195876\n|switch|p1b: Iron Crown|Iron Crown, L50|68/100|[from] U-turn\n|-activate|p1b: Iron Crown|ability: Quark Drive\n|-start|p1b: Iron Crown|quarkdrivespd\n|move|p2b: Lunala|Meteor Beam||[still]\n|-prepare|p2b: Lunala|Meteor Beam\n|-boost|p2b: Lunala|spa|1\n|-enditem|p2b: Lunala|Power Herb\n|-anim|p2b: Lunala|Meteor Beam|p1b: Iron Crown\n|-resisted|p1b: Iron Crown\n|-damage|p1b: Iron Crown|54/100\n|\n|-end|p2b: Lunala|move: Future Sight\n|-resisted|p2b: Lunala\n|-damage|p2b: Lunala|73/100\n|-damage|p2a: Ursaluna|89/100 brn|[from] brn\n|upkeep\n|turn|5\n|inactive|Snowsquall brute has 30 seconds left.\n|\n|t:|1775195903\n|switch|p1a: Landorus|Landorus-Therian, L50, M|100/100\n|-ability|p1a: Landorus|Intimidate|boost\n|-unboost|p2a: Ursaluna|atk|1\n|-unboost|p2b: Lunala|atk|1\n|move|p2a: Ursaluna|Facade|p1a: Landorus\n|-damage|p1a: Landorus|34/100\n|move|p2b: Lunala|Moongeist Beam|p1b: Iron Crown\n|-supereffective|p1b: Iron Crown\n|-damage|p1b: Iron Crown|0 fnt\n|faint|p1b: Iron Crown\n|-end|p1b: Iron Crown|Quark Drive|[silent]\n|\n|-damage|p2a: Ursaluna|83/100 brn|[from] brn\n|-fieldend|move: Trick Room\n|-fieldend|move: Electric Terrain\n|upkeep\n|\n|t:|1775195908\n|switch|p1b: Kyogre|Kyogre, L50|100/100\n|-weather|RainDance|[from] ability: Drizzle|[of] p1b: Kyogre\n|turn|6\n|\n|t:|1775195924\n|switch|p2a: Koraidon|Koraidon, L50|100/100\n|-weather|SunnyDay|[from] ability: Orichalcum Pulse|[of] p2a: Koraidon\n|-activate|p2a: Koraidon|Orichalcum Pulse|[source]\n|move|p1b: Kyogre|Origin Pulse|p2b: Lunala|[spread] p2a\n|-miss|p1b: Kyogre|p2b: Lunala\n|-resisted|p2a: Koraidon\n|-damage|p2a: Koraidon|89/100\n|move|p1a: Landorus|U-turn|p2b: Lunala\n|-damage|p2b: Lunala|52/100\n|\n|t:|1775195927\n|switch|p1a: Miraidon|Miraidon, L50|50/100|[from] U-turn\n|-fieldstart|move: Electric Terrain|[from] ability: Hadron Engine|[of] p1a: Miraidon\n|move|p2b: Lunala|Trick Room|p2b: Lunala\n|-fieldstart|move: Trick Room|[of] p2b: Lunala\n|\n|-weather|SunnyDay|[upkeep]\n|upkeep\n|turn|7\n|\n|t:|1775195944\n|switch|p2a: Ursaluna|Ursaluna, L50, M|83/100 brn\n|-terastallize|p1a: Miraidon|Electric\n|move|p2b: Lunala|Moongeist Beam|p1a: Miraidon\n|-damage|p1a: Miraidon|10/100\n|move|p1a: Miraidon|Parabolic Charge|p2a: Ursaluna|[spread] p1b,p2b\n|-immune|p2a: Ursaluna\n|-supereffective|p1b: Kyogre\n|-damage|p1b: Kyogre|28/100\n|-heal|p1a: Miraidon|41/100|[from] drain|[of] p1b: Kyogre\n|-damage|p2b: Lunala|16/100\n|-heal|p1a: Miraidon|63/100|[from] drain|[of] p2b: Lunala\n|move|p1b: Kyogre|Origin Pulse|p2b: Lunala|[spread] p2a,p2b\n|-supereffective|p2a: Ursaluna\n|-damage|p2a: Ursaluna|40/100 brn\n|-damage|p2b: Lunala|0 fnt\n|faint|p2b: Lunala\n|\n|-weather|SunnyDay|[upkeep]\n|-damage|p2a: Ursaluna|34/100 brn|[from] brn\n|upkeep\n|\n|t:|1775195947\n|switch|p2b: Koraidon|Koraidon, L50|89/100\n|-activate|p2b: Koraidon|ability: Orichalcum Pulse\n|turn|8\n|\n|t:|1775195963\n|switch|p1b: Landorus|Landorus-Therian, L50, M|34/100\n|-ability|p1b: Landorus|Intimidate|boost\n|-unboost|p2a: Ursaluna|atk|1\n|-unboost|p2b: Koraidon|atk|1\n|move|p1a: Miraidon|Protect|p1a: Miraidon\n|-singleturn|p1a: Miraidon|Protect\n|move|p2b: Koraidon|Protect|p2b: Koraidon\n|-singleturn|p2b: Koraidon|Protect\n|move|p2a: Ursaluna|Earthquake|p1a: Miraidon|[spread] \n|-activate|p2b: Koraidon|move: Protect\n|-activate|p1a: Miraidon|move: Protect\n|-immune|p1b: Landorus\n|\n|-weather|SunnyDay|[upkeep]\n|-damage|p2a: Ursaluna|28/100 brn|[from] brn\n|upkeep\n|turn|9\n|\n|t:|1775195982\n|switch|p1a: Kyogre|Kyogre, L50|28/100\n|-weather|RainDance|[from] ability: Drizzle|[of] p1a: Kyogre\n|move|p2a: Ursaluna|Facade|p1a: Kyogre\n|-damage|p1a: Kyogre|0 fnt\n|faint|p1a: Kyogre\n|move|p1b: Landorus|Earthquake|p2a: Ursaluna|[spread] p2a,p2b\n|-damage|p2a: Ursaluna|0 fnt\n|-damage|p2b: Koraidon|48/100\n|faint|p2a: Ursaluna\n|move|p2b: Koraidon|Close Combat|p1b: Landorus\n|-resisted|p1b: Landorus\n|-damage|p1b: Landorus|6/100\n|-unboost|p2b: Koraidon|def|1\n|-unboost|p2b: Koraidon|spd|1\n|-damage|p2b: Koraidon|38/100|[from] item: Life Orb\n|\n|-weather|RainDance|[upkeep]\n|upkeep\n|\n|t:|1775195984\n|switch|p1a: Miraidon|Miraidon, L50, tera:Electric|63/100\n|-activate|p1a: Miraidon|ability: Hadron Engine\n|turn|10\n|-message|dojabumi forfeited.\n|\n|win|Snowsquall brute\n|raw|Snowsquall brute's rating: 1365 &rarr; <strong>1388</strong><br />(+23 for winning)\n|raw|dojabumi's rating: 1422 &rarr; <strong>1399</strong><br />(-23 for losing)\n|l|\u2606dojabumi\n|player|p2|\n|l|\u2606Snowsquall brute\n|player|p1|\n|j|\u2606Snowsquall brute\n|player|p1|Snowsquall brute|veteran|\n|l| thundersnd77\n","uploadtime":1775196226,"views":12,"formatid":"gen9vgc2026regi","rating":1388,"private":0,"password":null}