{"id":"gen9vgc2026regi-2561818828","format":"[Gen 9] VGC 2026 Reg I","players":["Jonen","ted7106061408"],"log":"|j|\u2606Jonen\n|j|\u2606ted7106061408\n|t:|1773846358\n|gametype|doubles\n|player|p1|Jonen|hiker-gen4|1342\n|player|p2|ted7106061408|169|1257\n|gen|9\n|tier|[Gen 9] VGC 2026 Reg I\n|rated|\n|rule|Species Clause: Limit one of each Pok\u00e9mon\n|rule|Item Clause: Limit 1 of each item\n|clearpoke\n|poke|p1|Groudon, L50|\n|poke|p1|Lunala, L50|\n|poke|p1|Sableye, L50, F|\n|poke|p1|Chi-Yu, L50|\n|poke|p1|Rillaboom, L50, M|\n|poke|p1|Jumpluff, L50, M|\n|poke|p2|Calyrex-Shadow, L50|\n|poke|p2|Zamazenta-*, L50|\n|poke|p2|Rillaboom, L50, F|\n|poke|p2|Raging Bolt, L50|\n|poke|p2|Ogerpon-Hearthflame, L50, F|\n|poke|p2|Smeargle, L50, M|\n|teampreview|4\n|inactive|Battle timer is ON: inactive players will automatically lose when time's up. (requested by ted7106061408)\nted7106061408 has agreed to open team sheets.\nJonen has agreed to open team sheets.\n|showteam|p1|Groudon||LifeOrb|Drought|PrecipiceBlades,HeatCrash,HighHorsepower,Protect||||||50|,,,,,Fire]Lunala||PowerHerb|ShadowShield|Hypnosis,MoongeistBeam,MeteorBeam,Protect||||||50|,,,,,Fairy]Sableye||FocusSash|Prankster|Gravity,Disable,Quash,FoulPlay|||F|||50|,,,,,Normal]Chi-Yu||ChoiceScarf|BeadsofRuin|FireBlast,HeatWave,Snarl,DarkPulse||||||50|,,,,,Ghost]Rillaboom||AssaultVest|GrassySurge|WoodHammer,GrassyGlide,Uturn,FakeOut|||M|||50|,,,,,Water]Jumpluff||CovertCloak|Chlorophyll|Tailwind,RagePowder,Encore,SleepPowder|||M|||50|,,,,,Dark\n|showteam|p2|Calyrex-Shadow||LifeOrb|AsOneSpectrier|AstralBarrage,Psychic,NastyPlot,Protect||||||50|,,,,,Dark]Zamazenta-Crowned||RustedShield|DauntlessShield|BodyPress,HeavySlam,WideGuard,Protect||||||50|,,,,,Dragon]Rillaboom||AssaultVest|GrassySurge|FakeOut,WoodHammer,GrassyGlide,Uturn|||F|||50|,,,,,Water]Raging Bolt||BoosterEnergy|Protosynthesis|Thunderbolt,DragonPulse,Thunderclap,Protect||||||50|,,,,,Electric]Ogerpon-Hearthflame||HearthflameMask|MoldBreaker|IvyCudgel,SpikyShield,FollowMe,HelpingHand|||F|||50|,,,,,Fire]Smeargle||FocusSash|Moody|FakeOut,Spore,FollowMe,SpikyShield|||M|||50|,,,,,Ghost\n|\n|t:|1773846386\n|teamsize|p1|4\n|teamsize|p2|4\n|start\n|switch|p1a: Groudon|Groudon, L50|100/100\n|switch|p1b: Jumpluff|Jumpluff, L50, M|100/100\n|switch|p2a: Calyrex|Calyrex-Shadow, L50|100/100\n|switch|p2b: Smeargle|Smeargle, L50, M|100/100\n|-ability|p2a: Calyrex|As One\n|-ability|p2a: Calyrex|Unnerve\n|-weather|SunnyDay|[from] ability: Drought|[of] p1a: Groudon\n|turn|1\n|inactive|Jonen has 30 seconds left.\n|inactive|ted7106061408 has 30 seconds left.\n|\n|t:|1773846417\n|move|p1b: Jumpluff|Sleep Powder|p2a: Calyrex\n|-status|p2a: Calyrex|slp|[from] move: Sleep Powder\n|cant|p2a: Calyrex|slp\n|move|p1a: Groudon|Precipice Blades|p2a: Calyrex|[spread] p2a,p2b\n|-damage|p2a: Calyrex|23/100 slp\n|-enditem|p2b: Smeargle|Focus Sash\n|-damage|p2b: Smeargle|1/100\n|-damage|p1a: Groudon|91/100|[from] item: Life Orb\n|move|p2b: Smeargle|Spore|p1a: Groudon\n|-status|p1a: Groudon|slp|[from] move: Spore\n|\n|-weather|SunnyDay|[upkeep]\n|-ability|p2b: Smeargle|Moody|boost\n|-boost|p2b: Smeargle|spa|2\n|-unboost|p2b: Smeargle|spd|1\n|upkeep\n|turn|2\n|\n|t:|1773846441\n|switch|p2a: Zamazenta|Zamazenta-Crowned, L50|100/100\n|-ability|p2a: Zamazenta|Dauntless Shield|boost\n|-boost|p2a: Zamazenta|def|1\n|move|p1b: Jumpluff|Tailwind|p1b: Jumpluff\n|-sidestart|p1: Jonen|move: Tailwind\n|cant|p1a: Groudon|slp\n|move|p2b: Smeargle|Spore|p1a: Groudon\n|-fail|p1a: Groudon|slp\n|\n|-weather|SunnyDay|[upkeep]\n|-ability|p2b: Smeargle|Moody|boost\n|-boost|p2b: Smeargle|spe|2\n|-unboost|p2b: Smeargle|def|1\n|upkeep\n|turn|3\n|\n|t:|1773846459\n|move|p2b: Smeargle|Follow Me|p2b: Smeargle\n|-singleturn|p2b: Smeargle|move: Follow Me\n|move|p1b: Jumpluff|Sleep Powder|p2b: Smeargle\n|-status|p2b: Smeargle|slp|[from] move: Sleep Powder\n|cant|p1a: Groudon|slp\n|move|p2a: Zamazenta|Body Press|p1b: Jumpluff\n|-resisted|p1b: Jumpluff\n|-damage|p1b: Jumpluff|64/100\n|\n|-weather|SunnyDay|[upkeep]\n|-ability|p2b: Smeargle|Moody|boost\n|-boost|p2b: Smeargle|spd|2\n|-unboost|p2b: Smeargle|def|1\n|upkeep\n|turn|4\n|\n|t:|1773846472\n|switch|p2b: Calyrex|Calyrex-Shadow, L50|23/100 slp\n|-ability|p2b: Calyrex|As One\n|-ability|p2b: Calyrex|Unnerve\n|move|p2a: Zamazenta|Protect|p2a: Zamazenta\n|-singleturn|p2a: Zamazenta|Protect\n|move|p1b: Jumpluff|Sleep Powder|p2a: Zamazenta\n|-activate|p2a: Zamazenta|move: Protect\n|cant|p1a: Groudon|slp\n|\n|-weather|SunnyDay|[upkeep]\n|upkeep\n|turn|5\n|\n|t:|1773846485\n|move|p1b: Jumpluff|Encore|p2a: Zamazenta\n|-start|p2a: Zamazenta|Encore\n|-curestatus|p1a: Groudon|slp|[msg]\n|move|p1a: Groudon|Heat Crash|p2b: Calyrex\n|-damage|p2b: Calyrex|0 fnt\n|faint|p2b: Calyrex\n|-damage|p1a: Groudon|81/100|[from] item: Life Orb\n|move|p2a: Zamazenta|Protect||[still]\n|-fail|p2a: Zamazenta\n|\n|-weather|none\n|-sideend|p1: Jonen|move: Tailwind\n|upkeep\n|\n|t:|1773846490\n|switch|p2b: Smeargle|Smeargle, L50, M|1/100 slp\n|turn|6\n|\n|t:|1773846505\n|switch|p2a: Ogerpon|Ogerpon-Hearthflame, L50, F|100/100\n|-ability|p2a: Ogerpon|Mold Breaker\n|move|p1b: Jumpluff|Tailwind|p1b: Jumpluff\n|-sidestart|p1: Jonen|move: Tailwind\n|move|p1a: Groudon|Precipice Blades|p2b: Smeargle|[spread] p2a,p2b\n|-damage|p2a: Ogerpon|35/100\n|-damage|p2b: Smeargle|0 fnt\n|faint|p2b: Smeargle\n|-damage|p1a: Groudon|71/100|[from] item: Life Orb\n|\n|upkeep\n|\n|t:|1773846509\n|switch|p2b: Zamazenta|Zamazenta-Crowned, L50|100/100\n|turn|7\n|\n|t:|1773846517\n|-terastallize|p2a: Ogerpon|Fire\n|detailschange|p2a: Ogerpon|Ogerpon-Hearthflame-Tera, L50, F, tera:Fire\n|-ability|p2a: Ogerpon|Embody Aspect (Hearthflame)|boost\n|-boost|p2a: Ogerpon|atk|1\n|move|p1b: Jumpluff|Sleep Powder|p2b: Zamazenta\n|-status|p2b: Zamazenta|slp|[from] move: Sleep Powder\n|move|p1a: Groudon|Heat Crash|p2a: Ogerpon\n|-resisted|p2a: Ogerpon\n|-damage|p2a: Ogerpon|4/100\n|-damage|p1a: Groudon|62/100|[from] item: Life Orb\n|cant|p2b: Zamazenta|slp\n|move|p2a: Ogerpon|Ivy Cudgel|p1b: Jumpluff|[anim] Ivy Cudgel Fire\n|-supereffective|p1b: Jumpluff\n|-damage|p1b: Jumpluff|0 fnt\n|faint|p1b: Jumpluff\n|\n|upkeep\n|-message|ted7106061408 forfeited.\n|\n|win|Jonen\n|raw|Jonen's rating: 1342 &rarr; <strong>1357</strong><br />(+15 for winning)\n|raw|ted7106061408's rating: 1257 &rarr; <strong>1238</strong><br />(-19 for losing)\n","uploadtime":1773846521,"views":11,"formatid":"gen9vgc2026regi","rating":1238,"private":0,"password":null}