{"id":"gen9vgc2026regi-2549016475","format":"[Gen 9] VGC 2026 Reg I","players":["kelii","partigiano jonny"],"log":"|j|\u2606kelii\n|j|\u2606partigiano jonny\n|t:|1772296314\n|gametype|doubles\n|player|p1|kelii|dawn|1438\n|player|p2|partigiano jonny|volkner|1480\n|gen|9\n|tier|[Gen 9] VGC 2026 Reg I\n|rated|\n|rule|Species Clause: Limit one of each Pok\u00e9mon\n|rule|Item Clause: Limit 1 of each item\n|clearpoke\n|poke|p1|Miraidon, L50|\n|poke|p1|Groudon, L50|\n|poke|p1|Grimmsnarl, L50, M|\n|poke|p1|Farigiraf, L50, M|\n|poke|p1|Incineroar, L50, F|\n|poke|p1|Ditto, L50|\n|poke|p2|Terapagos, L50, M|\n|poke|p2|Miraidon, L50|\n|poke|p2|Incineroar, L50, F|\n|poke|p2|Iron Treads, L50|\n|poke|p2|Sinistcha, L50|\n|poke|p2|Urshifu-*, L50, F|\n|teampreview|4\n|\n|t:|1772296330\n|teamsize|p1|4\n|teamsize|p2|4\n|start\n|switch|p1a: Grimmsnarl|Grimmsnarl, L50, M|100/100\n|switch|p1b: Groudon|Groudon, L50|100/100\n|switch|p2a: Miraidon|Miraidon, L50|100/100\n|switch|p2b: Iron Treads|Iron Treads, L50|100/100\n|-fieldstart|move: Electric Terrain|[from] ability: Hadron Engine|[of] p2a: Miraidon\n|-activate|p2b: Iron Treads|ability: Quark Drive\n|-start|p2b: Iron Treads|quarkdrivespe\n|-weather|SunnyDay|[from] ability: Drought|[of] p1b: Groudon\n|turn|1\n|inactive|Battle timer is ON: inactive players will automatically lose when time's up. (requested by kelii)\n|\n|t:|1772296351\n|move|p1a: Grimmsnarl|Light Screen|p1a: Grimmsnarl\n|-sidestart|p1: kelii|move: Light Screen\n|move|p2b: Iron Treads|Steel Roller|p1b: Groudon\n|-damage|p1b: Groudon|47/100\n|-fieldend|move: Electric Terrain\n|-end|p2b: Iron Treads|Quark Drive\n|-damage|p2b: Iron Treads|91/100|[from] item: Life Orb\n|move|p2a: Miraidon|Draco Meteor|p1b: Groudon\n|-damage|p1b: Groudon|6/100\n|-unboost|p2a: Miraidon|spa|2\n|move|p1b: Groudon|Precipice Blades|p2a: Miraidon|[spread] p2b\n|-miss|p1b: Groudon|p2a: Miraidon\n|-supereffective|p2b: Iron Treads\n|-damage|p2b: Iron Treads|1/100\n|\n|-weather|SunnyDay|[upkeep]\n|-heal|p1b: Groudon|12/100|[from] item: Leftovers\n|upkeep\n|turn|2\n|\n|t:|1772296373\n|move|p1b: Groudon|Protect|p1b: Groudon\n|-singleturn|p1b: Groudon|Protect\n|move|p1a: Grimmsnarl|Reflect|p1a: Grimmsnarl\n|-sidestart|p1: kelii|Reflect\n|move|p2a: Miraidon|Volt Switch|p1a: Grimmsnarl\n|-damage|p1a: Grimmsnarl|90/100\n|\n|t:|1772296379\n|switch|p2a: Terapagos|Terapagos, L50, M|100/100|[from] Volt Switch\n|-activate|p2a: Terapagos|ability: Tera Shift\n|detailschange|p2a: Terapagos|Terapagos-Terastal, L50, M\n|-heal|p2a: Terapagos|100/100|[silent]\n|move|p2b: Iron Treads|High Horsepower|p1b: Groudon\n|-activate|p1b: Groudon|move: Protect\n|\n|-weather|SunnyDay|[upkeep]\n|-heal|p1b: Groudon|18/100|[from] item: Leftovers\n|upkeep\n|turn|3\n|\n|t:|1772296401\n|switch|p1b: Miraidon|Miraidon, L50|100/100\n|-fieldstart|move: Electric Terrain|[from] ability: Hadron Engine|[of] p1b: Miraidon\n|-activate|p2b: Iron Treads|ability: Quark Drive\n|-start|p2b: Iron Treads|quarkdrivespe\n|-enditem|p2a: Terapagos|Electric Seed\n|-boost|p2a: Terapagos|def|1|[from] item: Electric Seed\n|move|p1a: Grimmsnarl|Thunder Wave|p2a: Terapagos\n|-status|p2a: Terapagos|par\n|move|p2b: Iron Treads|High Horsepower|p1b: Miraidon\n|-supereffective|p1b: Miraidon\n|-damage|p1b: Miraidon|30/100\n|-damage|p2b: Iron Treads|0 fnt|[from] item: Life Orb\n|faint|p2b: Iron Treads\n|-end|p2b: Iron Treads|Quark Drive|[silent]\n|move|p2a: Terapagos|Calm Mind|p2a: Terapagos\n|-boost|p2a: Terapagos|spa|1\n|-boost|p2a: Terapagos|spd|1\n|\n|-weather|SunnyDay|[upkeep]\n|upkeep\n|\n|t:|1772296418\n|switch|p2b: Miraidon|Miraidon, L50|100/100\n|-activate|p2b: Miraidon|ability: Hadron Engine\n|turn|4\n|\n|t:|1772296438\n|-terastallize|p2a: Terapagos|Stellar\n|detailschange|p2a: Terapagos|Terapagos-Stellar, L50, M, tera:Stellar\n|-heal|p2a: Terapagos|100/100 par|[silent]\n|-ability|p2a: Terapagos|Teraform Zero\n|-weather|none\n|-fieldend|move: Electric Terrain\n|move|p2b: Miraidon|Volt Switch|p1a: Grimmsnarl\n|-damage|p1a: Grimmsnarl|68/100\n|\n|t:|1772296446\n|switch|p2b: Sinistcha|Sinistcha, L50|100/100|[from] Volt Switch\n|move|p1b: Miraidon|Draco Meteor|p2b: Sinistcha|[miss]\n|-miss|p1b: Miraidon|p2b: Sinistcha\n|move|p1a: Grimmsnarl|Spirit Break|p2b: Sinistcha\n|-damage|p2b: Sinistcha|77/100\n|-unboost|p2b: Sinistcha|spa|1\n|move|p2a: Terapagos|Tera Starstorm|p1b: Miraidon|[spread] p1a,p1b\n|-crit|p1b: Miraidon\n|-damage|p1a: Grimmsnarl|33/100\n|-damage|p1b: Miraidon|0 fnt\n|faint|p1b: Miraidon\n|\n|upkeep\n|\n|t:|1772296460\n|switch|p1b: Ditto|Ditto, L50|100/100\n|turn|5\n|-message|kelii forfeited.\n|\n|win|partigiano jonny\n|raw|kelii's rating: 1438 &rarr; <strong>1420</strong><br />(-18 for losing)\n|raw|partigiano jonny's rating: 1480 &rarr; <strong>1498</strong><br />(+18 for winning)\n|l|\u2606kelii\n|player|p1|\n|l|\u2606partigiano jonny\n|player|p2|\n","uploadtime":1772296476,"views":19,"formatid":"gen9vgc2026regi","rating":1420,"private":0,"password":null}