{"id":"gen9vgc2026regi-2562089585","format":"[Gen 9] VGC 2026 Reg I","players":["Mirthinion","gahtut"],"log":"|j|\u2606Mirthinion\n|j|\u2606gahtut\n|t:|1773870045\n|gametype|doubles\n|player|p1|Mirthinion|janitor|1406\n|player|p2|gahtut|1|1309\n|gen|9\n|tier|[Gen 9] VGC 2026 Reg I\n|rated|\n|rule|Species Clause: Limit one of each Pok\u00e9mon\n|rule|Item Clause: Limit 1 of each item\n|clearpoke\n|poke|p1|Calyrex-Shadow, L50|\n|poke|p1|Zamazenta-*, L50|\n|poke|p1|Urshifu-*, L50, M|\n|poke|p1|Incineroar, L50, M|\n|poke|p1|Rillaboom, L50, M|\n|poke|p1|Tornadus, L50, M|\n|poke|p2|Calyrex-Shadow, L50|\n|poke|p2|Grimmsnarl, L50, M|\n|poke|p2|Registeel, L50|\n|poke|p2|Miraidon, L50|\n|poke|p2|Volcarona, L50, F|\n|poke|p2|Urshifu-*, L50, F|\n|teampreview|4\n|inactive|Battle timer is ON: inactive players will automatically lose when time's up. (requested by Mirthinion)\ngahtut rejected open team sheets.\n|inactive|Mirthinion has 60 seconds left.\n|inactive|gahtut has 60 seconds left.\n|\n|t:|1773870094\n|teamsize|p1|4\n|teamsize|p2|4\n|start\n|switch|p1a: Hoplite|Rillaboom, L50, M|100/100\n|switch|p1b: Drambor|Zamazenta-Crowned, L50|100/100\n|switch|p2a: Calyrex|Calyrex-Shadow, L50|100/100\n|switch|p2b: Grimmsnarl|Grimmsnarl, L50, M, shiny|100/100\n|-ability|p2a: Calyrex|As One\n|-ability|p2a: Calyrex|Unnerve\n|-ability|p1b: Drambor|Dauntless Shield|boost\n|-boost|p1b: Drambor|def|1\n|-fieldstart|move: Grassy Terrain|[from] ability: Grassy Surge|[of] p1a: Hoplite\n|turn|1\n|inactive|Mirthinion has 30 seconds left.\n|inactive|gahtut has 30 seconds left.\n|\n|t:|1773870125\n|move|p2a: Calyrex|Protect|p2a: Calyrex\n|-singleturn|p2a: Calyrex|Protect\n|move|p1a: Hoplite|Fake Out|p2b: Grimmsnarl\n|-damage|p2b: Grimmsnarl|86/100\n|cant|p2b: Grimmsnarl|flinch\n|move|p1b: Drambor|Behemoth Bash|p2b: Grimmsnarl\n|-supereffective|p2b: Grimmsnarl\n|-damage|p2b: Grimmsnarl|3/100\n|\n|-heal|p2b: Grimmsnarl|9/100|[from] Grassy Terrain\n|upkeep\n|turn|2\n|\n|t:|1773870141\n|move|p1b: Drambor|Protect|p1b: Drambor\n|-singleturn|p1b: Drambor|Protect\n|move|p2b: Grimmsnarl|Reflect|p2b: Grimmsnarl\n|-sidestart|p2: gahtut|Reflect\n|move|p2a: Calyrex|Calm Mind|p2a: Calyrex\n|-boost|p2a: Calyrex|spa|1\n|-boost|p2a: Calyrex|spd|1\n|move|p1a: Hoplite|U-turn|p2b: Grimmsnarl\n|-damage|p2b: Grimmsnarl|0 fnt\n|faint|p2b: Grimmsnarl\n|\n|t:|1773870151\n|switch|p1a: Mithrandir|Calyrex-Shadow, L50|100/100|[from] U-turn\n|-ability|p1a: Mithrandir|As One\n|-ability|p1a: Mithrandir|Unnerve\n|\n|upkeep\n|\n|t:|1773870174\n|switch|p2b: Miraidon|Miraidon, L50|100/100\n|-fieldstart|move: Electric Terrain|[from] ability: Hadron Engine|[of] p2b: Miraidon\n|turn|3\n|inactive|Mirthinion has 30 seconds left.\n|\n|t:|1773870199\n|-terastallize|p2a: Calyrex|Fairy\n|-terastallize|p1b: Drambor|Grass\n|move|p2a: Calyrex|Draining Kiss|p1b: Drambor\n|-damage|p1b: Drambor|62/100\n|move|p1a: Mithrandir|Astral Barrage|p2a: Calyrex|[spread] p2a,p2b\n|-damage|p2a: Calyrex|69/100\n|-damage|p2b: Miraidon|73/100\n|move|p2b: Miraidon|Volt Switch|p1b: Drambor\n|-resisted|p1b: Drambor\n|-damage|p1b: Drambor|36/100\n|\n|t:|1773870210\n|switch|p2b: Volcarona|Volcarona, L50, F, shiny|100/100|[from] Volt Switch\n|-enditem|p2b: Volcarona|Electric Seed\n|-boost|p2b: Volcarona|def|1|[from] item: Electric Seed\n|move|p1b: Drambor|Behemoth Bash|p2a: Calyrex\n|-supereffective|p2a: Calyrex\n|-damage|p2a: Calyrex|15/100\n|\n|upkeep\n|turn|4\n|\n|t:|1773870225\n|move|p2a: Calyrex|Protect|p2a: Calyrex\n|-singleturn|p2a: Calyrex|Protect\n|move|p1b: Drambor|Wide Guard|p1b: Drambor\n|-singleturn|p1b: Drambor|Wide Guard\n|move|p1a: Mithrandir|Astral Barrage|p2b: Volcarona|[spread] p2b\n|-activate|p2a: Calyrex|move: Protect\n|-damage|p2b: Volcarona|57/100\n|move|p2b: Volcarona|Quiver Dance|p2b: Volcarona\n|-boost|p2b: Volcarona|spa|1\n|-boost|p2b: Volcarona|spd|1\n|-boost|p2b: Volcarona|spe|1\n|\n|upkeep\n|turn|5\n|\n|t:|1773870250\n|move|p1b: Drambor|Wide Guard|p1b: Drambor\n|-singleturn|p1b: Drambor|Wide Guard\n|move|p1a: Mithrandir|Astral Barrage|p2a: Calyrex|[spread] p2a,p2b\n|-damage|p2a: Calyrex|0 fnt\n|-damage|p2b: Volcarona|29/100\n|faint|p2a: Calyrex\n|-ability|p1a: Mithrandir|Grim Neigh|boost\n|-boost|p1a: Mithrandir|spa|1\n|move|p2b: Volcarona|Heat Wave|p1b: Drambor|[spread] \n|-activate|p1a: Mithrandir|move: Wide Guard\n|-activate|p1b: Drambor|move: Wide Guard\n|\n|upkeep\n|-message|gahtut forfeited.\n|\n|win|Mirthinion\n|raw|Mirthinion's rating: 1406 &rarr; <strong>1421</strong><br />(+15 for winning)\n|raw|gahtut's rating: 1309 &rarr; <strong>1294</strong><br />(-15 for losing)\n|l|\u2606gahtut\n|player|p2|\n","uploadtime":1773870269,"views":79,"formatid":"gen9vgc2026regi","rating":1294,"private":0,"password":null}