{"id":"gen9vgc2026regi-2549436954","format":"[Gen 9] VGC 2026 Reg I","players":["kojimuranishi","atl31"],"log":"|j|\u2606kojimuranishi\n|j|\u2606atl31\n|t:|1772367143\n|gametype|doubles\n|player|p1|kojimuranishi|102|1353\n|player|p2|atl31|dawn|1371\n|gen|9\n|tier|[Gen 9] VGC 2026 Reg I\n|rated|\n|rule|Species Clause: Limit one of each Pok\u00e9mon\n|rule|Item Clause: Limit 1 of each item\n|clearpoke\n|poke|p1|Raging Bolt, L50|\n|poke|p1|Calyrex-Ice, L50|\n|poke|p1|Kyogre, L50|\n|poke|p1|Indeedee-F, L50, F|\n|poke|p1|Ursaluna, L50, F|\n|poke|p1|Torkoal, L50, M|\n|poke|p2|Miraidon, L50|\n|poke|p2|Koraidon, L50|\n|poke|p2|Incineroar, L50, F|\n|poke|p2|Tornadus, L50, M|\n|poke|p2|Ogerpon-Wellspring, L50, F|\n|poke|p2|Urshifu-*, L50, F|\n|teampreview|4\n|inactive|Battle timer is ON: inactive players will automatically lose when time's up. (requested by kojimuranishi)\n|inactive|atl31 has 60 seconds left.\n|inactive|atl31 has 30 seconds left.\n|\n|t:|1772367216\n|teamsize|p1|4\n|teamsize|p2|4\n|start\n|switch|p1a: Indeedee|Indeedee-F, L50, F|100/100\n|switch|p1b: Calyrex|Calyrex-Ice, L50|100/100\n|switch|p2a: Incineroar|Incineroar, L50, F|100/100\n|switch|p2b: Miraidon|Miraidon, L50|100/100\n|-ability|p1b: Calyrex|As One\n|-ability|p1b: Calyrex|Unnerve\n|-fieldstart|move: Electric Terrain|[from] ability: Hadron Engine|[of] p2b: Miraidon\n|-fieldstart|move: Psychic Terrain|[from] ability: Psychic Surge|[of] p1a: Indeedee\n|-ability|p2a: Incineroar|Intimidate|boost\n|-unboost|p1a: Indeedee|atk|1\n|-unboost|p1b: Calyrex|atk|1\n|turn|1\n|inactive|kojimuranishi has 30 seconds left.\n|inactive|atl31 has 30 seconds left.\n|\n|t:|1772367251\n|-terastallize|p1b: Calyrex|Fairy\n|move|p2b: Miraidon|Volt Switch|p1b: Calyrex\n|-damage|p1b: Calyrex|71/100\n|-damage|p2b: Miraidon|91/100|[from] item: Life Orb\n|\n|t:|1772367271\n|switch|p2b: Urshifu|Urshifu-Rapid-Strike, L50, F|100/100|[from] Volt Switch\n|move|p2a: Incineroar|Parting Shot|p1b: Calyrex\n|-unboost|p1b: Calyrex|atk|1\n|-unboost|p1b: Calyrex|spa|1\n|\n|t:|1772367278\n|switch|p2a: Miraidon|Miraidon, L50|91/100|[from] Parting Shot\n|-fieldstart|move: Electric Terrain|[from] ability: Hadron Engine|[of] p2a: Miraidon\n|move|p1b: Calyrex|Glacial Lance|p2b: Urshifu|[spread] p2a,p2b\n|-supereffective|p2a: Miraidon\n|-resisted|p2b: Urshifu\n|-damage|p2a: Miraidon|45/100\n|-damage|p2b: Urshifu|87/100\n|move|p1a: Indeedee|Trick Room|p1a: Indeedee\n|-fieldstart|move: Trick Room|[of] p1a: Indeedee\n|\n|-heal|p1b: Calyrex|76/100|[from] item: Leftovers\n|upkeep\n|turn|2\n|inactive|kojimuranishi has 30 seconds left.\n|\n|t:|1772367309\n|switch|p1b: Ursaluna|Ursaluna, L50, F|100/100\n|-terastallize|p2b: Urshifu|Water\n|move|p2a: Miraidon|Protect|p2a: Miraidon\n|-singleturn|p2a: Miraidon|Protect\n|move|p1a: Indeedee|Psychic|p2b: Urshifu\n|-damage|p2b: Urshifu|44/100\n|move|p2b: Urshifu|Surging Strikes|p1b: Ursaluna\n|-supereffective|p1b: Ursaluna\n|-crit|p1b: Ursaluna\n|-damage|p1b: Ursaluna|41/100\n|-supereffective|p1b: Ursaluna\n|-crit|p1b: Ursaluna\n|-damage|p1b: Ursaluna|0 fnt\n|faint|p1b: Ursaluna\n|-hitcount|p1: Ursaluna|2\n|\n|upkeep\n|inactive|kojimuranishi has 30 seconds left.\n|\n|t:|1772367336\n|switch|p1b: Raging Bolt|Raging Bolt, L50|100/100\n|turn|3\n|\n|t:|1772367361\n|switch|p1a: Calyrex|Calyrex-Ice, L50, tera:Fairy|76/100\n|-ability|p1a: Calyrex|As One\n|-ability|p1a: Calyrex|Unnerve\n|switch|p2b: Incineroar|Incineroar, L50, F|100/100\n|-ability|p2b: Incineroar|Intimidate|boost\n|-unboost|p1a: Calyrex|atk|1\n|-unboost|p1b: Raging Bolt|atk|1\n|move|p1b: Raging Bolt|Draco Meteor|p2a: Miraidon\n|-supereffective|p2a: Miraidon\n|-damage|p2a: Miraidon|0 fnt\n|-unboost|p1b: Raging Bolt|spa|2\n|faint|p2a: Miraidon\n|-damage|p1b: Raging Bolt|91/100|[from] item: Life Orb\n|\n|-heal|p1a: Calyrex|82/100|[from] item: Leftovers\n|upkeep\n|\n|t:|1772367381\n|switch|p2a: Urshifu|Urshifu-Rapid-Strike, L50, F, tera:Water|44/100\n|turn|4\n|\n|t:|1772367396\n|move|p1a: Calyrex|Leech Seed|p2b: Incineroar\n|-start|p2b: Incineroar|move: Leech Seed\n|move|p2b: Incineroar|Parting Shot|p1a: Calyrex\n|-unboost|p1a: Calyrex|atk|1\n|-unboost|p1a: Calyrex|spa|1\n|\n|t:|1772367400\n|switch|p2b: Koraidon|Koraidon, L50|100/100|[from] Parting Shot\n|-weather|SunnyDay|[from] ability: Orichalcum Pulse|[of] p2b: Koraidon\n|-activate|p1b: Raging Bolt|ability: Protosynthesis\n|-start|p1b: Raging Bolt|protosynthesisdef\n|-activate|p2b: Koraidon|Orichalcum Pulse|[source]\n|move|p1b: Raging Bolt|Thunderbolt|p2a: Urshifu\n|-supereffective|p2a: Urshifu\n|-damage|p2a: Urshifu|0 fnt\n|faint|p2a: Urshifu\n|-damage|p1b: Raging Bolt|81/100|[from] item: Life Orb\n|\n|-weather|SunnyDay|[upkeep]\n|-heal|p1a: Calyrex|88/100|[from] item: Leftovers\n|upkeep\n|\n|t:|1772367408\n|switch|p2a: Incineroar|Incineroar, L50, F|100/100\n|-ability|p2a: Incineroar|Intimidate|boost\n|-unboost|p1a: Calyrex|atk|1\n|-unboost|p1b: Raging Bolt|atk|1\n|turn|5\n|\n|t:|1772367423\n|switch|p1a: Indeedee|Indeedee-F, L50, F|100/100\n|-fieldstart|move: Psychic Terrain|[from] ability: Psychic Surge|[of] p1a: Indeedee\n|move|p2a: Incineroar|Flare Blitz|p1a: Indeedee\n|-damage|p1a: Indeedee|30/100\n|-damage|p2a: Incineroar|84/100|[from] item: Rocky Helmet|[of] p1a: Indeedee\n|-damage|p2a: Incineroar|64/100|[from] Recoil\n|move|p1b: Raging Bolt|Draco Meteor|p2b: Koraidon\n|-supereffective|p2b: Koraidon\n|-damage|p2b: Koraidon|0 fnt\n|-unboost|p1b: Raging Bolt|spa|2\n|faint|p2b: Koraidon\n|-damage|p1b: Raging Bolt|72/100|[from] item: Life Orb\n|\n|-weather|SunnyDay|[upkeep]\n|-fieldend|move: Trick Room\n|upkeep\n|turn|6\n|\n|t:|1772367444\n|move|p1a: Indeedee|Protect|p1a: Indeedee\n|-singleturn|p1a: Indeedee|Protect\n|move|p1b: Raging Bolt|Thunderbolt|p2a: Incineroar\n|-damage|p2a: Incineroar|43/100\n|-enditem|p2a: Incineroar|Sitrus Berry|[eat]\n|-heal|p2a: Incineroar|67/100|[from] item: Sitrus Berry\n|-damage|p1b: Raging Bolt|62/100|[from] item: Life Orb\n|move|p2a: Incineroar|Flare Blitz|p1a: Indeedee\n|-activate|p1a: Indeedee|move: Protect\n|\n|-weather|SunnyDay|[upkeep]\n|upkeep\n|turn|7\n|\n|t:|1772367462\n|move|p1b: Raging Bolt|Thunderbolt|p2a: Incineroar\n|-damage|p2a: Incineroar|44/100\n|-damage|p1b: Raging Bolt|53/100|[from] item: Life Orb\n|move|p1a: Indeedee|Heal Pulse|p1b: Raging Bolt\n|-heal|p1b: Raging Bolt|100/100\n|move|p2a: Incineroar|Flare Blitz|p1a: Indeedee\n|-damage|p1a: Indeedee|0 fnt\n|-damage|p2a: Incineroar|27/100|[from] item: Rocky Helmet|[of] p1a: Indeedee\n|faint|p1a: Indeedee\n|-damage|p2a: Incineroar|19/100|[from] Recoil\n|\n|-weather|SunnyDay|[upkeep]\n|upkeep\n|\n|t:|1772367476\n|switch|p1a: Calyrex|Calyrex-Ice, L50, tera:Fairy|88/100\n|-ability|p1a: Calyrex|As One\n|-ability|p1a: Calyrex|Unnerve\n|turn|8\n|inactive|atl31 has 30 seconds left.\n|-message|atl31 forfeited.\n|\n|win|kojimuranishi\n|raw|kojimuranishi's rating: 1353 &rarr; <strong>1374</strong><br />(+21 for winning)\n|raw|atl31's rating: 1371 &rarr; <strong>1350</strong><br />(-21 for losing)\n|l|\u2606atl31\n|player|p2|\n|l|\u2606kojimuranishi\n|player|p1|\n","uploadtime":1772367670,"views":12,"formatid":"gen9vgc2026regi","rating":1350,"private":0,"password":null}