{"id":"gen9vgc2026regi-2546223938","format":"[Gen 9] VGC 2026 Reg I","players":["xlefinx","kojimuranishi"],"log":"|j|\u2606xlefinx\n|j|\u2606kojimuranishi\n|t:|1771944814\n|gametype|doubles\n|player|p1|xlefinx|102|1270\n|player|p2|kojimuranishi|266|1521\n|gen|9\n|tier|[Gen 9] VGC 2026 Reg I\n|rated|\n|rule|Species Clause: Limit one of each Pok\u00e9mon\n|rule|Item Clause: Limit 1 of each item\n|clearpoke\n|poke|p1|Terapagos, L50, M|\n|poke|p1|Koraidon, L50|\n|poke|p1|Sinistcha, L50|\n|poke|p1|Flutter Mane, L50|\n|poke|p1|Incineroar, L50, F|\n|poke|p1|Mienshao, L50, M|\n|poke|p2|Raging Bolt, L50|\n|poke|p2|Calyrex-Ice, L50|\n|poke|p2|Kyogre, L50|\n|poke|p2|Indeedee-F, L50, F|\n|poke|p2|Ursaluna, L50, M|\n|poke|p2|Urshifu-*, L50, M|\n|teampreview|4\n|inactive|Battle timer is ON: inactive players will automatically lose when time's up. (requested by kojimuranishi)\n|inactive|xlefinx has 60 seconds left.\n|inactive|kojimuranishi has 60 seconds left.\n|\n|t:|1771944854\n|teamsize|p1|4\n|teamsize|p2|4\n|start\n|switch|p1a: Mienshao|Mienshao, L50, M|100/100\n|switch|p1b: Terapagos|Terapagos, L50, M|100/100\n|switch|p2a: Indeedee|Indeedee-F, L50, F|100/100\n|switch|p2b: Calyrex|Calyrex-Ice, L50|100/100\n|-activate|p1b: Terapagos|ability: Tera Shift\n|detailschange|p1b: Terapagos|Terapagos-Terastal, L50, M\n|-heal|p1b: Terapagos|100/100|[silent]\n|-ability|p2b: Calyrex|As One\n|-ability|p2b: Calyrex|Unnerve\n|-fieldstart|move: Psychic Terrain|[from] ability: Psychic Surge|[of] p2a: Indeedee\n|turn|1\n|\n|t:|1771944880\n|move|p1a: Mienshao|Wide Guard|p1a: Mienshao\n|-singleturn|p1a: Mienshao|Wide Guard\n|move|p1b: Terapagos|Calm Mind|p1b: Terapagos\n|-boost|p1b: Terapagos|spa|1\n|-boost|p1b: Terapagos|spd|1\n|move|p2b: Calyrex|Leech Seed|p1b: Terapagos\n|-start|p1b: Terapagos|move: Leech Seed\n|move|p2a: Indeedee|Trick Room|p2a: Indeedee\n|-fieldstart|move: Trick Room|[of] p2a: Indeedee\n|\n|-damage|p1b: Terapagos|88/100|[from] Leech Seed|[of] p2b: Calyrex\n|upkeep\n|turn|2\n|\n|t:|1771944904\n|move|p2b: Calyrex|Leech Seed|p1a: Mienshao\n|-start|p1a: Mienshao|move: Leech Seed\n|move|p2a: Indeedee|Psychic|p1a: Mienshao\n|-supereffective|p1a: Mienshao\n|-enditem|p1a: Mienshao|Focus Sash\n|-damage|p1a: Mienshao|1/100\n|move|p1b: Terapagos|Calm Mind|p1b: Terapagos\n|-boost|p1b: Terapagos|spa|1\n|-boost|p1b: Terapagos|spd|1\n|move|p1a: Mienshao|Coaching|p1b: Terapagos\n|-boost|p1b: Terapagos|atk|1\n|-boost|p1b: Terapagos|def|1\n|\n|-heal|p1b: Terapagos|94/100|[from] item: Leftovers\n|-damage|p1b: Terapagos|82/100|[from] Leech Seed|[of] p2b: Calyrex\n|-damage|p1a: Mienshao|0 fnt|[from] Leech Seed|[of] p2b: Calyrex\n|faint|p1a: Mienshao\n|upkeep\n|\n|t:|1771944921\n|switch|p1a: Sinistcha|Sinistcha, L50|100/100\n|-heal|p1b: Terapagos|100/100|[from] ability: Hospitality|[of] p1a: Sinistcha\n|turn|3\n|\n|t:|1771944934\n|switch|p1a: Incineroar|Incineroar, L50, F|100/100\n|-ability|p1a: Incineroar|Intimidate|boost\n|-unboost|p2a: Indeedee|atk|1\n|-unboost|p2b: Calyrex|atk|1\n|-terastallize|p1b: Terapagos|Stellar\n|detailschange|p1b: Terapagos|Terapagos-Stellar, L50, M, tera:Stellar\n|-heal|p1b: Terapagos|100/100|[silent]\n|-ability|p1b: Terapagos|Teraform Zero\n|-fieldend|move: Psychic Terrain\n|move|p2b: Calyrex|Glacial Lance|p1b: Terapagos|[spread] p1a,p1b\n|-resisted|p1a: Incineroar\n|-damage|p1a: Incineroar|86/100\n|-damage|p1b: Terapagos|88/100\n|move|p2a: Indeedee|Psychic|p1a: Incineroar\n|-immune|p1a: Incineroar\n|move|p1b: Terapagos|Tera Starstorm|p2b: Calyrex|[spread] p2a,p2b\n|-damage|p2a: Indeedee|21/100\n|-damage|p2b: Calyrex|58/100\n|\n|-heal|p2b: Calyrex|63/100|[from] item: Leftovers\n|-heal|p1b: Terapagos|94/100|[from] item: Leftovers\n|-damage|p1b: Terapagos|81/100|[from] Leech Seed|[of] p2b: Calyrex\n|-heal|p2b: Calyrex|79/100|[silent]\n|upkeep\n|turn|4\n|inactive|kojimuranishi has 30 seconds left.\n|inactive|kojimuranishi has 20 seconds left.\n|inactive|kojimuranishi has 15 seconds left.\n|inactive|kojimuranishi has 10 seconds left.\n|inactive|kojimuranishi has 5 seconds left.\n|\n|t:|1771944987\n|move|p2b: Calyrex|Protect|p2b: Calyrex\n|-singleturn|p2b: Calyrex|Protect\n|move|p1a: Incineroar|Flamethrower|p2b: Calyrex\n|-activate|p2b: Calyrex|move: Protect\n|move|p2a: Indeedee|Psychic|p1b: Terapagos\n|-damage|p1b: Terapagos|72/100\n|move|p1b: Terapagos|Tera Starstorm|p2a: Indeedee|[spread] p2a\n|-activate|p2b: Calyrex|move: Protect\n|-damage|p2a: Indeedee|0 fnt\n|faint|p2a: Indeedee\n|\n|-heal|p2b: Calyrex|85/100|[from] item: Leftovers\n|-heal|p1b: Terapagos|78/100|[from] item: Leftovers\n|-damage|p1b: Terapagos|66/100|[from] Leech Seed|[of] p2b: Calyrex\n|-heal|p2b: Calyrex|100/100|[silent]\n|upkeep\n|\n|t:|1771945006\n|switch|p2a: Ursaluna|Ursaluna, L50, M|100/100\n|turn|5\n|inactive|xlefinx has 30 seconds left.\n|\n|t:|1771945040\n|switch|p1a: Sinistcha|Sinistcha, L50|100/100\n|-heal|p1b: Terapagos|91/100|[from] ability: Hospitality|[of] p1a: Sinistcha\n|move|p2a: Ursaluna|Facade|p1b: Terapagos\n|-damage|p1b: Terapagos|72/100\n|move|p2b: Calyrex|Glacial Lance|p1b: Terapagos|[spread] p1a,p1b\n|-supereffective|p1a: Sinistcha\n|-damage|p1a: Sinistcha|43/100\n|-damage|p1b: Terapagos|60/100\n|move|p1b: Terapagos|Tera Starstorm|p2a: Ursaluna|[spread] p2a,p2b\n|-damage|p2a: Ursaluna|29/100\n|-damage|p2b: Calyrex|52/100\n|\n|-heal|p2b: Calyrex|58/100|[from] item: Leftovers\n|-heal|p1b: Terapagos|66/100|[from] item: Leftovers\n|-damage|p1b: Terapagos|54/100|[from] Leech Seed|[of] p2b: Calyrex\n|-heal|p2b: Calyrex|73/100|[silent]\n|-fieldend|move: Trick Room\n|-status|p2a: Ursaluna|brn|[from] item: Flame Orb\n|upkeep\n|turn|6\n|inactive|kojimuranishi has 30 seconds left.\n|\n|t:|1771945072\n|switch|p1a: Incineroar|Incineroar, L50, F|86/100\n|-ability|p1a: Incineroar|Intimidate|boost\n|-unboost|p2a: Ursaluna|atk|1\n|-unboost|p2b: Calyrex|atk|1\n|move|p1b: Terapagos|Tera Starstorm|p2a: Ursaluna|[spread] p2a,p2b\n|-damage|p2a: Ursaluna|0 fnt\n|-damage|p2b: Calyrex|28/100\n|faint|p2a: Ursaluna\n|move|p2b: Calyrex|Glacial Lance|p1b: Terapagos|[spread] p1a,p1b\n|-resisted|p1a: Incineroar\n|-damage|p1a: Incineroar|75/100\n|-damage|p1b: Terapagos|44/100\n|\n|-heal|p1b: Terapagos|50/100|[from] item: Leftovers\n|-heal|p2b: Calyrex|33/100|[from] item: Leftovers\n|-damage|p1b: Terapagos|37/100|[from] Leech Seed|[of] p2b: Calyrex\n|-heal|p2b: Calyrex|49/100|[silent]\n|upkeep\n|\n|t:|1771945088\n|switch|p2a: Kyogre|Kyogre, L50|100/100\n|-weather|RainDance|[from] ability: Drizzle|[of] p2a: Kyogre\n|turn|7\n|inactive|kojimuranishi has 30 seconds left.\n|\n|t:|1771945119\n|move|p1a: Incineroar|Fake Out|p2a: Kyogre\n|-damage|p2a: Kyogre|90/100\n|cant|p2a: Kyogre|flinch\n|move|p1b: Terapagos|Tera Starstorm|p2a: Kyogre|[spread] p2a,p2b\n|-damage|p2a: Kyogre|22/100\n|-damage|p2b: Calyrex|0 fnt\n|faint|p2b: Calyrex\n|\n|-weather|RainDance|[upkeep]\n|-heal|p1b: Terapagos|43/100|[from] item: Leftovers\n|upkeep\n|turn|8\n|-message|kojimuranishi forfeited.\n|\n|win|xlefinx\n|raw|xlefinx's rating: 1270 &rarr; <strong>1310</strong><br />(+40 for winning)\n|raw|kojimuranishi's rating: 1521 &rarr; <strong>1489</strong><br />(-32 for losing)\n|l|\u2606kojimuranishi\n|player|p2|\n|l|\u2606xlefinx\n|player|p1|\n","uploadtime":1771945297,"views":12,"formatid":"gen9vgc2026regi","rating":1310,"private":0,"password":null}