{"id":"gen9vgc2026regi-2575582148","format":"[Gen 9] VGC 2026 Reg I","players":["TheManOfSausage","blackred123"],"log":"|j|\u2606TheManOfSausage\n|j|\u2606blackred123\n|t:|1775370443\n|gametype|doubles\n|player|p1|TheManOfSausage|miku-water|1611\n|player|p2|blackred123|iono-masters|1514\n|gen|9\n|tier|[Gen 9] VGC 2026 Reg I\n|rated|\n|rule|Species Clause: Limit one of each Pok\u00e9mon\n|rule|Item Clause: Limit 1 of each item\n|clearpoke\n|poke|p1|Calyrex-Shadow, L50|\n|poke|p1|Miraidon, L50|\n|poke|p1|Clefairy, L50, M|\n|poke|p1|Rillaboom, L50, M|\n|poke|p1|Incineroar, L50, M|\n|poke|p1|Volcarona, L50, M|\n|poke|p2|Incineroar, L50, M|\n|poke|p2|Rillaboom, L50, M|\n|poke|p2|Landorus, L50, M|\n|poke|p2|Smeargle, L50, M|\n|poke|p2|Koraidon, L50|\n|poke|p2|Calyrex-Ice, L50|\n|teampreview|4\n|inactive|Battle timer is ON: inactive players will automatically lose when time's up. (requested by blackred123)\nTheManOfSausage has agreed to open team sheets.\n|\n|t:|1775370470\n|teamsize|p1|4\n|teamsize|p2|4\n|start\n|switch|p1a: Magical Mirai|Miraidon, L50|100/100\n|switch|p1b: Rice Shower|Calyrex-Shadow, L50|100/100\n|switch|p2a: Koraidon|Koraidon, L50|100/100\n|switch|p2b: Smeargle|Smeargle, L50, M|100/100\n|-ability|p1b: Rice Shower|As One\n|-ability|p1b: Rice Shower|Unnerve\n|-fieldstart|move: Electric Terrain|[from] ability: Hadron Engine|[of] p1a: Magical Mirai\n|-weather|SunnyDay|[from] ability: Orichalcum Pulse|[of] p2a: Koraidon\n|-activate|p2a: Koraidon|Orichalcum Pulse|[source]\n|turn|1\n|\n|t:|1775370483\n|switch|p2b: Rillaboom|Rillaboom, L50, M|100/100\n|-fieldstart|move: Grassy Terrain|[from] ability: Grassy Surge|[of] p2b: Rillaboom\n|-terastallize|p1b: Rice Shower|Fairy\n|-terastallize|p2a: Koraidon|Fire\n|move|p1a: Magical Mirai|Volt Switch|p2b: Rillaboom\n|-resisted|p2b: Rillaboom\n|-damage|p2b: Rillaboom|84/100\n|\n|t:|1775370486\n|switch|p1a: Incineroar|Incineroar, L50, M, shiny|100/100|[from] Volt Switch\n|-ability|p1a: Incineroar|Intimidate|boost\n|-fail|p2a: Koraidon|unboost|[from] item: Clear Amulet|[of] p2a: Koraidon\n|-unboost|p2b: Rillaboom|atk|1\n|move|p1b: Rice Shower|Draining Kiss|p2b: Rillaboom\n|-damage|p2b: Rillaboom|54/100\n|move|p2a: Koraidon|Flame Charge|p1b: Rice Shower\n|-damage|p1b: Rice Shower|17/100\n|-boost|p2a: Koraidon|spe|1\n|\n|-weather|SunnyDay|[upkeep]\n|-heal|p1b: Rice Shower|23/100|[from] Grassy Terrain\n|-heal|p2b: Rillaboom|60/100|[from] Grassy Terrain\n|upkeep\n|turn|2\n|inactive|blackred123 has 30 seconds left.\n|\n|t:|1775370516\n|switch|p1b: Magical Mirai|Miraidon, L50|100/100\n|-fieldstart|move: Electric Terrain|[from] ability: Hadron Engine|[of] p1b: Magical Mirai\n|move|p2b: Rillaboom|Fake Out|p1a: Incineroar\n|-damage|p1a: Incineroar|94/100\n|-damage|p2b: Rillaboom|44/100|[from] item: Rocky Helmet|[of] p1a: Incineroar\n|cant|p1a: Incineroar|flinch\n|move|p2a: Koraidon|Flame Charge|p1b: Magical Mirai\n|-resisted|p1b: Magical Mirai\n|-damage|p1b: Magical Mirai|71/100\n|-boost|p2a: Koraidon|spe|1\n|\n|-weather|SunnyDay|[upkeep]\n|upkeep\n|turn|3\n|\n|t:|1775370535\n|switch|p1b: Rice Shower|Calyrex-Shadow, L50, tera:Fairy|23/100\n|-ability|p1b: Rice Shower|As One\n|-ability|p1b: Rice Shower|Unnerve\n|switch|p2b: Landorus|Landorus, L50, M|100/100\n|move|p2a: Koraidon|Protect|p2a: Koraidon\n|-singleturn|p2a: Koraidon|Protect\n|move|p1a: Incineroar|Parting Shot|p2b: Landorus\n|-unboost|p2b: Landorus|atk|1\n|-unboost|p2b: Landorus|spa|1\n|\n|t:|1775370539\n|switch|p1a: pipi|Clefairy, L50, M|100/100|[from] Parting Shot\n|\n|-weather|SunnyDay|[upkeep]\n|upkeep\n|turn|4\n|\n|t:|1775370559\n|move|p1a: pipi|Follow Me|p1a: pipi\n|-singleturn|p1a: pipi|move: Follow Me\n|move|p2a: Koraidon|Flare Blitz|p1a: pipi\n|-damage|p1a: pipi|0 fnt\n|faint|p1a: pipi\n|-damage|p2a: Koraidon|76/100|[from] Recoil\n|move|p1b: Rice Shower|Astral Barrage|p2b: Landorus|[spread] p2a,p2b\n|-damage|p2a: Koraidon|26/100\n|-damage|p2b: Landorus|38/100\n|move|p2b: Landorus|Sandsear Storm|p1b: Rice Shower\n|-damage|p1b: Rice Shower|0 fnt\n|faint|p1b: Rice Shower\n|\n|-weather|SunnyDay|[upkeep]\n|upkeep\n|\n|t:|1775370562\n|switch|p1b: Incineroar|Incineroar, L50, M, shiny|94/100\n|switch|p1a: Magical Mirai|Miraidon, L50|71/100\n|-activate|p1a: Magical Mirai|ability: Hadron Engine\n|-ability|p1b: Incineroar|Intimidate|boost\n|-fail|p2a: Koraidon|unboost|[from] item: Clear Amulet|[of] p2a: Koraidon\n|-unboost|p2b: Landorus|atk|1\n|turn|5\n|c|\u2606TheManOfSausage|gg\n|-message|TheManOfSausage forfeited.\n|\n|win|blackred123\n|raw|TheManOfSausage's rating: 1611 &rarr; <strong>1586</strong><br />(-25 for losing)\n|raw|blackred123's rating: 1514 &rarr; <strong>1539</strong><br />(+25 for winning)\n|l|\u2606TheManOfSausage\n|player|p1|\n","uploadtime":1775370594,"views":14,"formatid":"gen9vgc2026regi","rating":1539,"private":0,"password":null}