{"id":"gen9vgc2026regi-2553155999","format":"[Gen 9] VGC 2026 Reg I","players":["Freecko99","Harshal21"],"log":"|j|\u2606Freecko99\n|j|\u2606Harshal21\n|t:|1772805152\n|gametype|doubles\n|player|p1|Freecko99|ethan|1251\n|player|p2|Harshal21|169|1177\n|gen|9\n|tier|[Gen 9] VGC 2026 Reg I\n|rated|\n|rule|Species Clause: Limit one of each Pok\u00e9mon\n|rule|Item Clause: Limit 1 of each item\n|clearpoke\n|poke|p1|Miraidon, L50|\n|poke|p1|Whimsicott, L50, M|\n|poke|p1|Ogerpon-Cornerstone, L50, F|\n|poke|p1|Farigiraf, L50, M|\n|poke|p1|Iron Hands, L50|\n|poke|p1|Ho-Oh, L50|\n|poke|p2|Calyrex-Shadow, L50|\n|poke|p2|Miraidon, L50|\n|poke|p2|Ditto, L50|\n|poke|p2|Great Tusk, L50|\n|poke|p2|Gholdengo, L50|\n|poke|p2|Dragonite, L50, F|\n|teampreview|4\n|inactive|Battle timer is ON: inactive players will automatically lose when time's up. (requested by Freecko99)\n|inactive|Freecko99 has 60 seconds left.\n|inactive|Harshal21 has 60 seconds left.\n|\n|t:|1772805189\n|teamsize|p1|4\n|teamsize|p2|4\n|start\n|switch|p1a: Whimsicott|Whimsicott, L50, M|100/100\n|switch|p1b: Miraidon|Miraidon, L50|100/100\n|switch|p2a: Miraidon|Miraidon, L50|100/100\n|switch|p2b: Great Tusk|Great Tusk, L50|100/100\n|-fieldstart|move: Electric Terrain|[from] ability: Hadron Engine|[of] p2a: Miraidon\n|-activate|p1b: Miraidon|ability: Hadron Engine\n|turn|1\n|inactive|Freecko99 has 30 seconds left.\n|\n|t:|1772805221\n|-terastallize|p2a: Miraidon|Fairy\n|-terastallize|p1b: Miraidon|Fairy\n|move|p1a: Whimsicott|Tailwind|p1a: Whimsicott\n|-sidestart|p1: Freecko99|move: Tailwind\n|move|p1b: Miraidon|Dazzling Gleam|p2b: Great Tusk|[spread] p2a,p2b\n|-supereffective|p2b: Great Tusk\n|-damage|p2a: Miraidon|37/100\n|-damage|p2b: Great Tusk|0 fnt\n|faint|p2b: Great Tusk\n|-end|p2b: Great Tusk|Protosynthesis|[silent]\n|move|p2a: Miraidon|Dazzling Gleam|p1a: Whimsicott|[spread] p1a,p1b\n|-damage|p1a: Whimsicott|34/100\n|-damage|p1b: Miraidon|49/100\n|-damage|p2a: Miraidon|27/100|[from] item: Life Orb\n|\n|upkeep\n|\n|t:|1772805236\n|switch|p2b: Calyrex|Calyrex-Shadow, L50|100/100\n|-ability|p2b: Calyrex|As One\n|-ability|p2b: Calyrex|Unnerve\n|turn|2\n|\n|t:|1772805247\n|move|p1a: Whimsicott|Light Screen|p1a: Whimsicott\n|-sidestart|p1: Freecko99|move: Light Screen\n|move|p1b: Miraidon|Dazzling Gleam|p2b: Calyrex|[spread] p2a,p2b\n|-damage|p2a: Miraidon|0 fnt\n|-damage|p2b: Calyrex|31/100\n|faint|p2a: Miraidon\n|move|p2b: Calyrex|Astral Barrage|p1a: Whimsicott|[spread] p1a,p1b\n|-crit|p1b: Miraidon\n|-damage|p1a: Whimsicott|0 fnt\n|-damage|p1b: Miraidon|0 fnt\n|faint|p1a: Whimsicott\n|faint|p1b: Miraidon\n|-ability|p2b: Calyrex|Grim Neigh|boost\n|-boost|p2b: Calyrex|spa|2\n|\n|upkeep\n|\n|t:|1772805261\n|switch|p2a: Ditto|Ditto, L50|100/100\n|switch|p1b: Ogerpon|Ogerpon-Cornerstone, L50, F|100/100\n|switch|p1a: Ho-Oh|Ho-Oh, L50|100/100\n|-transform|p2a: Ditto|p1b: Ogerpon|[from] ability: Imposter\n|turn|3\n|-activate|p2a: Ditto|item: Quick Claw\n|\n|t:|1772805280\n|move|p1a: Ho-Oh|Protect|p1a: Ho-Oh\n|-singleturn|p1a: Ho-Oh|Protect\n|move|p2a: Ditto|Follow Me|p2a: Ditto\n|-singleturn|p2a: Ditto|move: Follow Me\n|move|p1b: Ogerpon|Ivy Cudgel|p2a: Ditto|[anim] Ivy Cudgel Rock\n|-damage|p2a: Ditto|15/100\n|move|p2b: Calyrex|Astral Barrage|p1b: Ogerpon|[spread] p1b\n|-activate|p1a: Ho-Oh|move: Protect\n|-damage|p1b: Ogerpon|18/100\n|\n|upkeep\n|turn|4\n|inactive|Freecko99 has 30 seconds left.\n|inactive|Freecko99 has 20 seconds left.\n|\n|t:|1772805318\n|move|p2b: Calyrex|Protect|p2b: Calyrex\n|-singleturn|p2b: Calyrex|Protect\n|move|p1b: Ogerpon|Ivy Cudgel|p2b: Calyrex|[anim] Ivy Cudgel Rock\n|-activate|p2b: Calyrex|move: Protect\n|move|p1a: Ho-Oh|Iron Head|p2a: Ditto\n|-supereffective|p2a: Ditto\n|-damage|p2a: Ditto|0 fnt\n|faint|p2a: Ditto\n|\n|-sideend|p1: Freecko99|move: Tailwind\n|upkeep\n|turn|5\n|\n|t:|1772805333\n|move|p2b: Calyrex|Astral Barrage|p1b: Ogerpon|[spread] p1a,p1b\n|-crit|p1a: Ho-Oh\n|-damage|p1a: Ho-Oh|8/100\n|-damage|p1b: Ogerpon|0 fnt\n|faint|p1b: Ogerpon\n|-ability|p2b: Calyrex|Grim Neigh|boost\n|-boost|p2b: Calyrex|spa|1\n|move|p1a: Ho-Oh|Brave Bird|p2b: Calyrex\n|-damage|p2b: Calyrex|0 fnt\n|faint|p2b: Calyrex\n|-damage|p1a: Ho-Oh|0 fnt|[from] Recoil\n|faint|p1a: Ho-Oh\n|\n|win|Freecko99\n|raw|Freecko99's rating: 1251 &rarr; <strong>1271</strong><br />(+20 for winning)\n|raw|Harshal21's rating: 1177 &rarr; <strong>1157</strong><br />(-20 for losing)\n|l|\u2606Harshal21\n|player|p2|\n|l|\u2606Freecko99\n|player|p1|\n","uploadtime":1772805577,"views":15,"formatid":"gen9vgc2026regi","rating":1157,"private":0,"password":null}