{"id":"gen9vgc2026regi-2519281935","format":"[Gen 9] VGC 2026 Reg I","players":["dasabe\u76d6\u6b27\u5361\u4fa0","BanKingambit69247"],"log":"|j|\u2606dasabe\u76d6\u6b27\u5361\u4fa0\n|j|\u2606BanKingambit69247\n|t:|1768491850\n|gametype|doubles\n|player|p1|dasabe\u76d6\u6b27\u5361\u4fa0|may-masters4|\n|player|p2|BanKingambit69247|1|\n|gen|9\n|tier|[Gen 9] VGC 2026 Reg I\n|rule|Species Clause: Limit one of each Pok\u00e9mon\n|rule|Item Clause: Limit 1 of each item\n|clearpoke\n|poke|p1|Zamazenta-*, L50|\n|poke|p1|Calyrex-Ice, L50|\n|poke|p1|Raging Bolt, L50|\n|poke|p1|Urshifu-*, L50, F|\n|poke|p1|Amoonguss, L50, F|\n|poke|p1|Rillaboom, L50, F|\n|poke|p2|Calyrex-Ice, L50|\n|poke|p2|Koraidon, L50|\n|poke|p2|Incineroar, L50, F|\n|poke|p2|Rillaboom, L50, M|\n|poke|p2|Chi-Yu, L50|\n|poke|p2|Flutter Mane, L50|\n|teampreview|4\n|\n|t:|1768491883\n|teamsize|p1|4\n|teamsize|p2|4\n|start\n|switch|p1a: \u556a\u53fd\u556a\uff08\u6251\u51fb\u58f0\uff09|Zamazenta-Crowned, L50|100/100\n|switch|p1b: \u9e7f\u51a0\u738b|Calyrex-Ice, L50|100/100\n|switch|p2a: Calyrex|Calyrex-Ice, L50|100/100\n|switch|p2b: Chi-Yu|Chi-Yu, L50|100/100\n|-ability|p2a: Calyrex|As One\n|-ability|p2a: Calyrex|Unnerve\n|-ability|p1b: \u9e7f\u51a0\u738b|As One\n|-ability|p1b: \u9e7f\u51a0\u738b|Unnerve\n|-ability|p2b: Chi-Yu|Beads of Ruin\n|-ability|p1a: \u556a\u53fd\u556a\uff08\u6251\u51fb\u58f0\uff09|Dauntless Shield|boost\n|-boost|p1a: \u556a\u53fd\u556a\uff08\u6251\u51fb\u58f0\uff09|def|1\n|turn|1\n|\n|t:|1768491916\n|-terastallize|p1b: \u9e7f\u51a0\u738b|Fire\n|move|p1a: \u556a\u53fd\u556a\uff08\u6251\u51fb\u58f0\uff09|Protect|p1a: \u556a\u53fd\u556a\uff08\u6251\u51fb\u58f0\uff09\n|-singleturn|p1a: \u556a\u53fd\u556a\uff08\u6251\u51fb\u58f0\uff09|Protect\n|move|p2b: Chi-Yu|Heat Wave|p1a: \u556a\u53fd\u556a\uff08\u6251\u51fb\u58f0\uff09|[spread] p1b\n|-activate|p1a: \u556a\u53fd\u556a\uff08\u6251\u51fb\u58f0\uff09|move: Protect\n|-resisted|p1b: \u9e7f\u51a0\u738b\n|-damage|p1b: \u9e7f\u51a0\u738b|80/100\n|move|p2a: Calyrex|Leech Seed|p1a: \u556a\u53fd\u556a\uff08\u6251\u51fb\u58f0\uff09\n|-activate|p1a: \u556a\u53fd\u556a\uff08\u6251\u51fb\u58f0\uff09|move: Protect\n|move|p1b: \u9e7f\u51a0\u738b|Leech Seed|p2a: Calyrex\n|-start|p2a: Calyrex|move: Leech Seed\n|\n|-heal|p1b: \u9e7f\u51a0\u738b|86/100|[from] item: Leftovers\n|-damage|p2a: Calyrex|88/100|[from] Leech Seed|[of] p1b: \u9e7f\u51a0\u738b\n|-heal|p1b: \u9e7f\u51a0\u738b|98/100|[silent]\n|upkeep\n|turn|2\n|\n|t:|1768491926\n|switch|p2a: Koraidon|Koraidon, L50|100/100\n|-weather|SunnyDay|[from] ability: Orichalcum Pulse|[of] p2a: Koraidon\n|-activate|p2a: Koraidon|Orichalcum Pulse|[source]\n|move|p1a: \u556a\u53fd\u556a\uff08\u6251\u51fb\u58f0\uff09|Wide Guard|p1a: \u556a\u53fd\u556a\uff08\u6251\u51fb\u58f0\uff09\n|-singleturn|p1a: \u556a\u53fd\u556a\uff08\u6251\u51fb\u58f0\uff09|Wide Guard\n|move|p2b: Chi-Yu|Heat Wave|p1a: \u556a\u53fd\u556a\uff08\u6251\u51fb\u58f0\uff09|[spread] \n|-activate|p1a: \u556a\u53fd\u556a\uff08\u6251\u51fb\u58f0\uff09|move: Wide Guard\n|-activate|p1b: \u9e7f\u51a0\u738b|move: Wide Guard\n|move|p1b: \u9e7f\u51a0\u738b|Glacial Lance|p2b: Chi-Yu|[spread] p2a,p2b\n|-supereffective|p2a: Koraidon\n|-resisted|p2b: Chi-Yu\n|-damage|p2a: Koraidon|0 fnt\n|-damage|p2b: Chi-Yu|49/100\n|faint|p2a: Koraidon\n|-ability|p1b: \u9e7f\u51a0\u738b|Chilling Neigh|boost\n|-boost|p1b: \u9e7f\u51a0\u738b|atk|1\n|\n|-weather|SunnyDay|[upkeep]\n|-heal|p1b: \u9e7f\u51a0\u738b|100/100|[from] item: Leftovers\n|upkeep\n|\n|t:|1768491936\n|switch|p2a: Calyrex|Calyrex-Ice, L50|88/100\n|-ability|p2a: Calyrex|As One\n|-ability|p2a: Calyrex|Unnerve\n|turn|3\n|\n|t:|1768491945\n|move|p1a: \u556a\u53fd\u556a\uff08\u6251\u51fb\u58f0\uff09|Wide Guard|p1a: \u556a\u53fd\u556a\uff08\u6251\u51fb\u58f0\uff09\n|-singleturn|p1a: \u556a\u53fd\u556a\uff08\u6251\u51fb\u58f0\uff09|Wide Guard\n|move|p2b: Chi-Yu|Heat Wave|p1b: \u9e7f\u51a0\u738b|[spread] \n|-activate|p1a: \u556a\u53fd\u556a\uff08\u6251\u51fb\u58f0\uff09|move: Wide Guard\n|-activate|p1b: \u9e7f\u51a0\u738b|move: Wide Guard\n|move|p2a: Calyrex|Leech Seed|p1b: \u9e7f\u51a0\u738b\n|-start|p1b: \u9e7f\u51a0\u738b|move: Leech Seed\n|move|p1b: \u9e7f\u51a0\u738b|Leech Seed|p2a: Calyrex\n|-start|p2a: Calyrex|move: Leech Seed\n|\n|-weather|SunnyDay|[upkeep]\n|-heal|p2a: Calyrex|94/100|[from] item: Leftovers\n|-damage|p2a: Calyrex|82/100|[from] Leech Seed|[of] p1b: \u9e7f\u51a0\u738b\n|-damage|p1b: \u9e7f\u51a0\u738b|88/100|[from] Leech Seed|[of] p2a: Calyrex\n|-heal|p2a: Calyrex|94/100|[silent]\n|upkeep\n|turn|4\n|\n|t:|1768491962\n|switch|p2b: Flutter Mane|Flutter Mane, L50|100/100\n|-activate|p2b: Flutter Mane|ability: Protosynthesis\n|-start|p2b: Flutter Mane|protosynthesisspe\n|move|p1a: \u556a\u53fd\u556a\uff08\u6251\u51fb\u58f0\uff09|Wide Guard|p1a: \u556a\u53fd\u556a\uff08\u6251\u51fb\u58f0\uff09\n|-singleturn|p1a: \u556a\u53fd\u556a\uff08\u6251\u51fb\u58f0\uff09|Wide Guard\n|move|p2a: Calyrex|Leech Seed|p1a: \u556a\u53fd\u556a\uff08\u6251\u51fb\u58f0\uff09\n|-start|p1a: \u556a\u53fd\u556a\uff08\u6251\u51fb\u58f0\uff09|move: Leech Seed\n|move|p1b: \u9e7f\u51a0\u738b|Glacial Lance|p2a: Calyrex|[spread] p2a,p2b\n|-resisted|p2a: Calyrex\n|-damage|p2a: Calyrex|64/100\n|-enditem|p2b: Flutter Mane|Focus Sash\n|-damage|p2b: Flutter Mane|1/100\n|\n|-weather|SunnyDay|[upkeep]\n|-heal|p2a: Calyrex|70/100|[from] item: Leftovers\n|-heal|p1b: \u9e7f\u51a0\u738b|94/100|[from] item: Leftovers\n|-damage|p1a: \u556a\u53fd\u556a\uff08\u6251\u51fb\u58f0\uff09|88/100|[from] Leech Seed|[of] p2a: Calyrex\n|-heal|p2a: Calyrex|81/100|[silent]\n|-damage|p2a: Calyrex|69/100|[from] Leech Seed|[of] p1b: \u9e7f\u51a0\u738b\n|-heal|p1b: \u9e7f\u51a0\u738b|100/100|[silent]\n|-damage|p1b: \u9e7f\u51a0\u738b|88/100|[from] Leech Seed|[of] p2a: Calyrex\n|-heal|p2a: Calyrex|81/100|[silent]\n|upkeep\n|turn|5\n|\n|t:|1768491979\n|move|p2b: Flutter Mane|Shadow Ball|p1b: \u9e7f\u51a0\u738b\n|-damage|p1b: \u9e7f\u51a0\u738b|57/100\n|move|p1a: \u556a\u53fd\u556a\uff08\u6251\u51fb\u58f0\uff09|Behemoth Bash|p2a: Calyrex\n|-supereffective|p2a: Calyrex\n|-damage|p2a: Calyrex|35/100\n|move|p2a: Calyrex|Glacial Lance|p1a: \u556a\u53fd\u556a\uff08\u6251\u51fb\u58f0\uff09|[spread] p1a,p1b\n|-resisted|p1a: \u556a\u53fd\u556a\uff08\u6251\u51fb\u58f0\uff09\n|-resisted|p1b: \u9e7f\u51a0\u738b\n|-damage|p1a: \u556a\u53fd\u556a\uff08\u6251\u51fb\u58f0\uff09|77/100\n|-damage|p1b: \u9e7f\u51a0\u738b|41/100\n|move|p1b: \u9e7f\u51a0\u738b|Glacial Lance|p2a: Calyrex|[spread] p2a,p2b\n|-resisted|p2a: Calyrex\n|-damage|p2a: Calyrex|7/100\n|-damage|p2b: Flutter Mane|0 fnt\n|faint|p2b: Flutter Mane\n|-end|p2b: Flutter Mane|Protosynthesis|[silent]\n|-ability|p1b: \u9e7f\u51a0\u738b|Chilling Neigh|boost\n|-boost|p1b: \u9e7f\u51a0\u738b|atk|1\n|\n|-weather|SunnyDay|[upkeep]\n|-heal|p2a: Calyrex|13/100|[from] item: Leftovers\n|-heal|p1b: \u9e7f\u51a0\u738b|46/100|[from] item: Leftovers\n|-damage|p1a: \u556a\u53fd\u556a\uff08\u6251\u51fb\u58f0\uff09|65/100|[from] Leech Seed|[of] p2a: Calyrex\n|-heal|p2a: Calyrex|24/100|[silent]\n|-damage|p2a: Calyrex|12/100|[from] Leech Seed|[of] p1b: \u9e7f\u51a0\u738b\n|-heal|p1b: \u9e7f\u51a0\u738b|58/100|[silent]\n|-damage|p1b: \u9e7f\u51a0\u738b|46/100|[from] Leech Seed|[of] p2a: Calyrex\n|-heal|p2a: Calyrex|24/100|[silent]\n|upkeep\n|\n|t:|1768491989\n|switch|p2b: Chi-Yu|Chi-Yu, L50|49/100\n|-ability|p2b: Chi-Yu|Beads of Ruin\n|turn|6\n|\n|t:|1768492002\n|move|p2b: Chi-Yu|Snarl|p1a: \u556a\u53fd\u556a\uff08\u6251\u51fb\u58f0\uff09|[spread] p1a,p1b\n|-resisted|p1a: \u556a\u53fd\u556a\uff08\u6251\u51fb\u58f0\uff09\n|-damage|p1a: \u556a\u53fd\u556a\uff08\u6251\u51fb\u58f0\uff09|54/100\n|-damage|p1b: \u9e7f\u51a0\u738b|26/100\n|-unboost|p1a: \u556a\u53fd\u556a\uff08\u6251\u51fb\u58f0\uff09|spa|1\n|-unboost|p1b: \u9e7f\u51a0\u738b|spa|1\n|move|p1a: \u556a\u53fd\u556a\uff08\u6251\u51fb\u58f0\uff09|Body Press|p2b: Chi-Yu\n|-supereffective|p2b: Chi-Yu\n|-damage|p2b: Chi-Yu|0 fnt\n|faint|p2b: Chi-Yu\n|move|p2a: Calyrex|Glacial Lance|p1b: \u9e7f\u51a0\u738b|[spread] p1a,p1b\n|-resisted|p1a: \u556a\u53fd\u556a\uff08\u6251\u51fb\u58f0\uff09\n|-resisted|p1b: \u9e7f\u51a0\u738b\n|-damage|p1a: \u556a\u53fd\u556a\uff08\u6251\u51fb\u58f0\uff09|43/100\n|-damage|p1b: \u9e7f\u51a0\u738b|9/100\n|move|p1b: \u9e7f\u51a0\u738b|Glacial Lance|p2a: Calyrex\n|-resisted|p2a: Calyrex\n|-damage|p2a: Calyrex|0 fnt\n|faint|p2a: Calyrex\n|\n|win|dasabe\u76d6\u6b27\u5361\u4fa0\n","uploadtime":1768492005,"views":11,"formatid":"gen9vgc2026regi","rating":null,"private":0,"password":null}