{"id":"gen9vgc2026regi-2579764182","format":"[Gen 9] VGC 2026 Reg I","players":["TheNamesBetty","kololi"],"log":"|j|\u2606TheNamesBetty\n|j|\u2606kololi\n|t:|1775825862\n|gametype|doubles\n|player|p1|TheNamesBetty|koga|1338\n|player|p2|kololi|102|1342\n|gen|9\n|tier|[Gen 9] VGC 2026 Reg I\n|rated|\n|rule|Species Clause: Limit one of each Pok\u00e9mon\n|rule|Item Clause: Limit 1 of each item\n|clearpoke\n|poke|p1|Zacian-*, L50|\n|poke|p1|Grimmsnarl, L50, M|\n|poke|p1|Incineroar, L50, F|\n|poke|p1|Calyrex-Shadow, L50|\n|poke|p1|Indeedee-F, L50, F|\n|poke|p1|Electabuzz, L50, M|\n|poke|p2|Clefairy, L50, F|\n|poke|p2|Lunala, L50|\n|poke|p2|Calyrex-Ice, L50|\n|poke|p2|Torkoal, L50, F|\n|poke|p2|Sableye, L50, M|\n|poke|p2|Spiritomb, L50, M|\n|teampreview|4\n|inactive|Battle timer is ON: inactive players will automatically lose when time's up. (requested by kololi)\n|\n|t:|1775825883\n|teamsize|p1|4\n|teamsize|p2|4\n|start\n|switch|p1a: P\u00e9sek|Zacian-Crowned, L50|100/100\n|switch|p1b: Kret\u00e8n|Grimmsnarl, L50, M|100/100\n|switch|p2a: Clefairy|Clefairy, L50, F|100/100\n|switch|p2b: Calyrex|Calyrex-Ice, L50|100/100\n|-ability|p2b: Calyrex|As One\n|-ability|p2b: Calyrex|Unnerve\n|-ability|p1a: P\u00e9sek|Intrepid Sword|boost\n|-boost|p1a: P\u00e9sek|atk|1\n|turn|1\n|\n|t:|1775825904\n|-terastallize|p2a: Clefairy|Grass\n|move|p2a: Clefairy|Follow Me|p2a: Clefairy\n|-singleturn|p2a: Clefairy|move: Follow Me\n|move|p1b: Kret\u00e8n|Thunder Wave|p2a: Clefairy\n|-status|p2a: Clefairy|par\n|move|p1a: P\u00e9sek|Iron Defense|p1a: P\u00e9sek\n|-boost|p1a: P\u00e9sek|def|2\n|move|p2b: Calyrex|Trick Room|p2b: Calyrex\n|-fieldstart|move: Trick Room|[of] p2b: Calyrex\n|\n|upkeep\n|turn|2\n|\n|t:|1775825928\n|move|p2a: Clefairy|Follow Me|p2a: Clefairy\n|-singleturn|p2a: Clefairy|move: Follow Me\n|move|p1b: Kret\u00e8n|Reflect|p1b: Kret\u00e8n\n|-sidestart|p1: TheNamesBetty|Reflect\n|move|p2b: Calyrex|Glacial Lance|p1a: P\u00e9sek|[spread] p1a,p1b\n|-resisted|p1a: P\u00e9sek\n|-damage|p1a: P\u00e9sek|91/100\n|-damage|p1b: Kret\u00e8n|62/100\n|move|p1a: P\u00e9sek|Behemoth Blade|p2a: Clefairy\n|-damage|p2a: Clefairy|21/100 par\n|\n|upkeep\n|turn|3\n|inactive|TheNamesBetty has 30 seconds left.\n|inactive|kololi has 30 seconds left.\n|\n|t:|1775825962\n|move|p2b: Calyrex|Protect|p2b: Calyrex\n|-singleturn|p2b: Calyrex|Protect\n|move|p1b: Kret\u00e8n|Light Screen|p1b: Kret\u00e8n\n|-sidestart|p1: TheNamesBetty|move: Light Screen\n|move|p2a: Clefairy|Endeavor|p1a: P\u00e9sek\n|-damage|p1a: P\u00e9sek|22/100\n|move|p1a: P\u00e9sek|Behemoth Blade|p2b: Calyrex\n|-activate|p2b: Calyrex|move: Protect\n|\n|upkeep\n|turn|4\n|\n|t:|1775825987\n|switch|p1b: Indeedee|Indeedee-F, L50, F|100/100\n|-fieldstart|move: Psychic Terrain|[from] ability: Psychic Surge|[of] p1b: Indeedee\n|move|p2a: Clefairy|Follow Me|p2a: Clefairy\n|-singleturn|p2a: Clefairy|move: Follow Me\n|move|p2b: Calyrex|Glacial Lance|p1a: P\u00e9sek|[spread] p1a,p1b\n|-resisted|p1a: P\u00e9sek\n|-damage|p1a: P\u00e9sek|12/100\n|-damage|p1b: Indeedee|45/100\n|move|p1a: P\u00e9sek|Behemoth Blade|p2a: Clefairy\n|-damage|p2a: Clefairy|0 fnt\n|faint|p2a: Clefairy\n|\n|upkeep\n|\n|t:|1775826001\n|switch|p2a: Lunala|Lunala, L50|100/100\n|turn|5\n|\n|t:|1775826015\n|move|p1b: Indeedee|Heal Pulse|p1a: P\u00e9sek\n|-heal|p1a: P\u00e9sek|63/100\n|move|p1a: P\u00e9sek|Behemoth Blade|p2b: Calyrex\n|-supereffective|p2b: Calyrex\n|-damage|p2b: Calyrex|0 fnt\n|faint|p2b: Calyrex\n|move|p2a: Lunala|Trick Room|p2a: Lunala\n|-fieldend|move: Trick Room\n|\n|upkeep\n|-message|kololi forfeited.\n|\n|win|TheNamesBetty\n|raw|TheNamesBetty's rating: 1338 &rarr; <strong>1358</strong><br />(+20 for winning)\n|raw|kololi's rating: 1342 &rarr; <strong>1322</strong><br />(-20 for losing)\n|l|\u2606kololi\n|player|p2|\n","uploadtime":1775826032,"views":12,"formatid":"gen9vgc2026regi","rating":1322,"private":0,"password":null}