{"id":"gen9vgc2026regi-2562194384","format":"[Gen 9] VGC 2026 Reg I","players":["dialgasucksnow","Ehehhehehhee"],"log":"|j|\u2606dialgasucksnow\n|j|\u2606Ehehhehehhee\n|t:|1773881010\n|gametype|doubles\n|player|p1|dialgasucksnow|yancy|\n|player|p2|Ehehhehehhee|2|\n|gen|9\n|tier|[Gen 9] VGC 2026 Reg I\n|rated|Tournament battle\n|rule|Species Clause: Limit one of each Pok\u00e9mon\n|rule|Item Clause: Limit 1 of each item\n|raw|<div class=\"infobox\"><details class=\"readmore\" open><summary><strong>3 custom rules:</strong></summary> Open Team Sheets, Force Open Team Sheets, !Open Team Sheets</details></div>\n|clearpoke\n|poke|p1|Incineroar, L50, F|\n|poke|p1|Rillaboom, L50, F|\n|poke|p1|Landorus, L50, M|\n|poke|p1|Smeargle, L50, F|\n|poke|p1|Koraidon, L50|\n|poke|p1|Calyrex-Ice, L50|\n|poke|p2|Koraidon, L50|\n|poke|p2|Lunala, L50|\n|poke|p2|Typhlosion-Hisui, L50, F|\n|poke|p2|Incineroar, L50, M|\n|poke|p2|Lilligant-Hisui, L50, F|\n|poke|p2|Indeedee-F, L50, F|\n|teampreview|4\n|showteam|p1|Incineroar||SafetyGoggles|Intimidate|KnockOff,FlareBlitz,FakeOut,PartingShot|||F|||50|,,,,,Water]Rillaboom||AssaultVest|GrassySurge|WoodHammer,FakeOut,GrassyGlide,Uturn|||F|||50|,,,,,Water]Landorus||LifeOrb|SheerForce|EarthPower,SludgeBomb,SandsearStorm,Protect|||M|||50|,,,,,Water]Smeargle||FocusSash|Moody|Ruination,Spore,SpikyShield,FollowMe|||F|||50|,,,,,Grass]Koraidon||ClearAmulet|OrichalcumPulse|FlameCharge,FlareBlitz,LowKick,Protect||||||50|,,,,,Fire]Calyrex-Ice||Leftovers|AsOneGlastrier|GlacialLance,Protect,TrickRoom,LeechSeed||||||50|,,,,,Fairy\n|showteam|p2|Koraidon||LifeOrb|OrichalcumPulse|FlameCharge,FlareBlitz,SwordsDance,CloseCombat||||||50|,,,,,Fire]Lunala||PowerHerb|ShadowShield|MeteorBeam,MoongeistBeam,WideGuard,Tailwind||||||50|,,,,,Ghost]Typhlosion-Hisui||ChoiceScarf|Frisk|Eruption,HeatWave,ShadowBall,FocusBlast|||F|||50|,,,,,Fire]Incineroar||SafetyGoggles|Intimidate|FlareBlitz,FakeOut,KnockOff,PartingShot|||M|||50|,,,,,Fire]Lilligant-Hisui||CovertCloak|Chlorophyll|CloseCombat,SolarBlade,TeraBlast,Coaching|||F|||50|,,,,,Rock]Indeedee-F||PsychicSeed|PsychicSurge|Imprison,TrickRoom,HelpingHand,FollowMe|||F|||50|,,,,,Psychic\n|j| TimeforCHILLI\n|c|\u2606Ehehhehehhee|This is my first time in the third round of a tournament\n|c|\u2606Ehehhehehhee|Glhf\n|j|@Therazer456\n|j| missouri mott\n|c|\u2606dialgasucksnow|hf\n|\n|t:|1773881066\n|teamsize|p1|4\n|teamsize|p2|4\n|start\n|switch|p1a: Koraidon|Koraidon, L50|100/100\n|switch|p1b: Incineroar|Incineroar, L50, F|100/100\n|switch|p2a: Lunala|Lunala, L50|100/100\n|switch|p2b: Indeedee|Indeedee-F, L50, F|100/100\n|-weather|SunnyDay|[from] ability: Orichalcum Pulse|[of] p1a: Koraidon\n|-activate|p1a: Koraidon|Orichalcum Pulse|[source]\n|-fieldstart|move: Psychic Terrain|[from] ability: Psychic Surge|[of] p2b: Indeedee\n|-enditem|p2b: Indeedee|Psychic Seed\n|-boost|p2b: Indeedee|spd|1|[from] item: Psychic Seed\n|-ability|p1b: Incineroar|Intimidate|boost\n|-unboost|p2a: Lunala|atk|1\n|-unboost|p2b: Indeedee|atk|1\n|turn|1\n|c|\u2606dialgasucksnow|never say good luck to someone running smeargle LOL\n|c|\u2606dialgasucksnow|asking for it\n|c|\u2606Ehehhehehhee|Ew ur using smeargle?\n|c|\u2606Ehehhehehhee|U disgust me\n|c|\u2606dialgasucksnow|did i bring tho?\n|j| SH0CKING BLUE\n|\n|t:|1773881122\n|switch|p1b: Landorus|Landorus, L50, M|100/100\n|move|p1a: Koraidon|Protect|p1a: Koraidon\n|-singleturn|p1a: Koraidon|Protect\n|move|p2b: Indeedee|Follow Me|p2b: Indeedee\n|-singleturn|p2b: Indeedee|move: Follow Me\n|move|p2a: Lunala|Meteor Beam||[still]\n|-prepare|p2a: Lunala|Meteor Beam\n|-boost|p2a: Lunala|spa|1\n|-enditem|p2a: Lunala|Power Herb\n|-anim|p2a: Lunala|Meteor Beam|p1b: Landorus\n|-damage|p1b: Landorus|29/100\n|\n|-weather|SunnyDay|[upkeep]\n|upkeep\n|turn|2\n|c|\u2606Ehehhehehhee|Oh god the mind games\n|c|\u2606dialgasucksnow|hold that still did tons\n|c|\u2606Ehehhehehhee|:)\n|j|+holdingb\n|\n|t:|1773881162\n|switch|p1a: Incineroar|Incineroar, L50, F|100/100\n|-ability|p1a: Incineroar|Intimidate|boost\n|-unboost|p2a: Lunala|atk|1\n|-unboost|p2b: Indeedee|atk|1\n|move|p2a: Lunala|Wide Guard|p2a: Lunala\n|-singleturn|p2a: Lunala|Wide Guard\n|move|p1b: Landorus|Sandsear Storm|p2b: Indeedee|[spread] \n|-activate|p2a: Lunala|move: Wide Guard\n|-activate|p2b: Indeedee|move: Wide Guard\n|move|p2b: Indeedee|Trick Room|p2b: Indeedee\n|-fieldstart|move: Trick Room|[of] p2b: Indeedee\n|\n|-weather|SunnyDay|[upkeep]\n|upkeep\n|turn|3\n|c|\u2606Ehehhehehhee|Low kick on korai?\n|\n|t:|1773881182\n|switch|p1b: Smeargle|Smeargle, L50, F|100/100\n|move|p2b: Indeedee|Follow Me|p2b: Indeedee\n|-singleturn|p2b: Indeedee|move: Follow Me\n|move|p1a: Incineroar|Flare Blitz|p2b: Indeedee\n|-crit|p2b: Indeedee\n|-damage|p2b: Indeedee|0 fnt\n|faint|p2b: Indeedee\n|-damage|p1a: Incineroar|72/100|[from] Recoil\n|move|p2a: Lunala|Moongeist Beam|p1b: Smeargle\n|-immune|p1b: Smeargle\n|\n|-weather|SunnyDay|[upkeep]\n|-ability|p1b: Smeargle|Moody|boost\n|-boost|p1b: Smeargle|def|2\n|-unboost|p1b: Smeargle|spa|1\n|upkeep\n|c|@Therazer456|i did pick up around worlds tbh\n|c|@Therazer456|it*\n|\n|t:|1773881194\n|switch|p2b: Typhlosion|Typhlosion-Hisui, L50, F|100/100\n|-item|p1a: Incineroar|Safety Goggles|[from] ability: Frisk|[of] p2b: Typhlosion\n|-item|p1b: Smeargle|Focus Sash|[from] ability: Frisk|[of] p2b: Typhlosion\n|turn|4\n|c|\u2606dialgasucksnow|yeah avoids cc defense drops and hits 120 on zama and a lot of stuff\n|j| HandsomeLechonk\n|\n|t:|1773881214\n|move|p1a: Incineroar|Knock Off|p2a: Lunala\n|-supereffective|p2a: Lunala\n|-damage|p2a: Lunala|64/100\n|move|p2a: Lunala|Moongeist Beam|p1a: Incineroar\n|-resisted|p1a: Incineroar\n|-damage|p1a: Incineroar|42/100\n|move|p1b: Smeargle|Spore|p2b: Typhlosion\n|-status|p2b: Typhlosion|slp|[from] move: Spore\n|cant|p2b: Typhlosion|slp\n|\n|-weather|SunnyDay|[upkeep]\n|-ability|p1b: Smeargle|Moody|boost\n|-boost|p1b: Smeargle|def|2\n|-unboost|p1b: Smeargle|spd|1\n|upkeep\n|turn|5\n|j| testsforatoursoon\n|c|\u2606Ehehhehehhee|I hate smeargle\n|c|\u2606dialgasucksnow|lol\n|c|\u2606Ehehhehehhee|U piece of shit u have ruination smeargle????\n|c|\u2606dialgasucksnow|LOL\n|n|!Ehehhehehhee|ehehhehehhee\n|\n|t:|1773881272\n|switch|p2b: Koraidon|Koraidon, L50|100/100\n|-activate|p2b: Koraidon|ability: Orichalcum Pulse\n|move|p1b: Smeargle|Follow Me|p1b: Smeargle\n|-singleturn|p1b: Smeargle|move: Follow Me\n|move|p1a: Incineroar|Knock Off|p2b: Koraidon\n|-resisted|p2b: Koraidon\n|-damage|p2b: Koraidon|82/100\n|-enditem|p2b: Koraidon|Life Orb|[from] move: Knock Off|[of] p1a: Incineroar\n|move|p2a: Lunala|Moongeist Beam|p1b: Smeargle\n|-immune|p1b: Smeargle\n|\n|-weather|none\n|-fieldend|move: Psychic Terrain\n|-ability|p1b: Smeargle|Moody|boost\n|-boost|p1b: Smeargle|def|2\n|-unboost|p1b: Smeargle|spd|1\n|upkeep\n|turn|6\n|c|\u2606dialgasucksnow|I love this team\n|j| thaduck\n|c| thaduck|4x def\n|\n|t:|1773881296\n|move|p1a: Incineroar|Knock Off|p2a: Lunala\n|-supereffective|p2a: Lunala\n|-damage|p2a: Lunala|0 fnt\n|faint|p2a: Lunala\n|move|p1b: Smeargle|Spore|p2b: Koraidon\n|-status|p2b: Koraidon|slp|[from] move: Spore\n|cant|p2b: Koraidon|slp\n|\n|-fieldend|move: Trick Room\n|-ability|p1b: Smeargle|Moody|boost\n|-boost|p1b: Smeargle|spd|2\n|-unboost|p1b: Smeargle|atk|1\n|upkeep\n|l| HandsomeLechonk\n|c|+holdingb|crazy moody rolls\n|\n|t:|1773881302\n|switch|p2a: Typhlosion|Typhlosion-Hisui, L50, F|100/100 slp\n|-item|p1a: Incineroar|Safety Goggles|[from] ability: Frisk|[of] p2a: Typhlosion\n|-item|p1b: Smeargle|Focus Sash|[from] ability: Frisk|[of] p2a: Typhlosion\n|turn|7\n|c| thaduck|is bulkier then zama?\n|c|+holdingb|don't even have to worry about CC anymore\n|\n|t:|1773881327\n|move|p1b: Smeargle|Follow Me|p1b: Smeargle\n|-singleturn|p1b: Smeargle|move: Follow Me\n|-curestatus|p2a: Typhlosion|slp|[msg]\n|move|p2a: Typhlosion|Eruption|p1a: Incineroar|[spread] p1a,p1b\n|-resisted|p1a: Incineroar\n|-damage|p1a: Incineroar|18/100\n|-enditem|p1b: Smeargle|Focus Sash\n|-damage|p1b: Smeargle|1/100\n|-curestatus|p2b: Koraidon|slp|[msg]\n|move|p2b: Koraidon|Flame Charge|p1b: Smeargle\n|-damage|p1b: Smeargle|0 fnt\n|-boost|p2b: Koraidon|spe|1\n|faint|p1b: Smeargle\n|move|p1a: Incineroar|Knock Off|p2a: Typhlosion\n|-supereffective|p2a: Typhlosion\n|-damage|p2a: Typhlosion|0 fnt\n|-enditem|p2a: Typhlosion|Choice Scarf|[from] move: Knock Off|[of] p1a: Incineroar\n|faint|p2a: Typhlosion\n|\n|upkeep\n|\n|t:|1773881340\n|switch|p1b: Koraidon|Koraidon, L50|100/100\n|-weather|SunnyDay|[from] ability: Orichalcum Pulse|[of] p1b: Koraidon\n|-activate|p1b: Koraidon|Orichalcum Pulse|[source]\n|turn|8\n|\n|t:|1773881373\n|switch|p1a: Landorus|Landorus, L50, M|29/100\n|-terastallize|p2b: Koraidon|Fire\n|move|p1b: Koraidon|Protect|p1b: Koraidon\n|-singleturn|p1b: Koraidon|Protect\n|move|p2b: Koraidon|Flame Charge|p1a: Landorus\n|-damage|p1a: Landorus|0 fnt\n|-boost|p2b: Koraidon|spe|1\n|faint|p1a: Landorus\n|\n|-weather|SunnyDay|[upkeep]\n|upkeep\n|\n|t:|1773881376\n|switch|p1a: Incineroar|Incineroar, L50, F|18/100\n|-ability|p1a: Incineroar|Intimidate|boost\n|-unboost|p2b: Koraidon|atk|1\n|turn|9\n|\n|t:|1773881392\n|move|p1a: Incineroar|Fake Out|p2b: Koraidon\n|-damage|p2b: Koraidon|73/100\n|cant|p2b: Koraidon|flinch\n|move|p1b: Koraidon|Low Kick|p2b: Koraidon\n|-crit|p2b: Koraidon\n|-damage|p2b: Koraidon|0 fnt\n|faint|p2b: Koraidon\n|\n|win|dialgasucksnow\n|n|\u2606dialgasucksnow|dialgasucksnow\n|n|!Ehehhehehhee|ehehhehehhee\n|n| TimeforCHILLI|timeforchilli\n|n| Therazer456|therazer456\n|n| missouri mott|missourimott\n|n| SH0CKING BLUE|sh0ckingblue\n|n| holdingb|holdingb\n|n| testsforatoursoon|testsforatoursoon\n|n| thaduck|thaduck\n","uploadtime":1773881261,"views":10,"formatid":"gen9vgc2026regi","rating":null,"private":0,"password":null}