{"id":"gen9vgc2026regi-2541346636","format":"[Gen 9] VGC 2026 Reg I","players":["dasabe\u76d6\u6b27\u5361\u4fa0","dukeker2"],"log":"|j|\u2606dasabe\u76d6\u6b27\u5361\u4fa0\n|j|\u203ddukeker2\n|t:|1771321502\n|gametype|doubles\n|player|p1|dasabe\u76d6\u6b27\u5361\u4fa0|may-masters4|1575\n|player|p2|dukeker2|hilda-wonderlauncher|1493\n|gen|9\n|tier|[Gen 9] VGC 2026 Reg I\n|rated|\n|rule|Species Clause: Limit one of each Pok\u00e9mon\n|rule|Item Clause: Limit 1 of each item\n|clearpoke\n|poke|p1|Kyogre, L50|\n|poke|p1|Miraidon, L50|\n|poke|p1|Whimsicott, L50, F|\n|poke|p1|Iron Hands, L50|\n|poke|p1|Farigiraf, L50, F|\n|poke|p1|Urshifu-*, L50, M|\n|poke|p2|Muk-Alola, L50, F|\n|poke|p2|Smeargle, L50, F|\n|poke|p2|Calyrex-Shadow, L50|\n|poke|p2|Flamigo, L50, F|\n|poke|p2|Miraidon, L50|\n|poke|p2|Volcarona, L50, F|\n|teampreview|4\n|j| QVQ\u6c34\u83b2Lana\n|inactive|Battle timer is ON: inactive players will automatically lose when time's up. (requested by dukeker2)\n|j| nngf\u9b3c\u8749\u4fa0\n|\n|t:|1771321532\n|teamsize|p1|4\n|teamsize|p2|4\n|start\n|switch|p1a: \u5996\u820d\u7cbe\u62c9|Whimsicott, L50, F, shiny|100/100\n|switch|p1b: \u6210\u90fd\u8001\u76d6|Kyogre, L50, shiny|100/100\n|switch|p2a: Smeargle|Smeargle, L50, F|100/100\n|switch|p2b: Muk|Muk-Alola, L50, F|100/100\n|-weather|RainDance|[from] ability: Drizzle|[of] p1b: \u6210\u90fd\u8001\u76d6\n|turn|1\n|j| yubanmeiqin\n|\n|t:|1771321547\n|switch|p1a: \u5c0f\u5934\u63a7\u5927\u5934|Farigiraf, L50, F, shiny|100/100\n|-terastallize|p1b: \u6210\u90fd\u8001\u76d6|Water\n|move|p2a: Smeargle|Fake Out||[still]\n|cant|p1a: \u5c0f\u5934\u63a7\u5927\u5934|ability: Armor Tail|Fake Out|[of] p2a: Smeargle\n|move|p1b: \u6210\u90fd\u8001\u76d6|Hydro Pump|p2b: Muk|[miss]\n|-miss|p1b: \u6210\u90fd\u8001\u76d6|p2b: Muk\n|move|p2b: Muk|Minimize|p2b: Muk\n|-boost|p2b: Muk|evasion|2\n|\n|-weather|RainDance|[upkeep]\n|-ability|p2a: Smeargle|Moody|boost\n|-boost|p2a: Smeargle|spe|2\n|-unboost|p2a: Smeargle|spa|1\n|upkeep\n|turn|2\n|inactive|dukeker2 has 30 seconds left.\n|j| PUPeee\n|j| yumikou\n|\n|t:|1771321579\n|switch|p1a: \u94f6\u91d1\u5996\u86c7|Miraidon, L50, shiny|100/100\n|-fieldstart|move: Electric Terrain|[from] ability: Hadron Engine|[of] p1a: \u94f6\u91d1\u5996\u86c7\n|move|p2a: Smeargle|Spore|p1b: \u6210\u90fd\u8001\u76d6\n|-activate|p1b: \u6210\u90fd\u8001\u76d6|move: Electric Terrain\n|move|p1b: \u6210\u90fd\u8001\u76d6|Hydro Pump|p2b: Muk\n|-damage|p2b: Muk|0 fnt\n|faint|p2b: Muk\n|\n|-weather|RainDance|[upkeep]\n|-ability|p2a: Smeargle|Moody|boost\n|-boost|p2a: Smeargle|atk|2\n|-unboost|p2a: Smeargle|spa|1\n|upkeep\n|\n|t:|1771321589\n|switch|p2b: Calyrex|Calyrex-Shadow, L50|100/100\n|-ability|p2b: Calyrex|As One\n|-ability|p2b: Calyrex|Unnerve\n|turn|3\n|\n|t:|1771321604\n|switch|p1b: \u5996\u820d\u7cbe\u62c9|Whimsicott, L50, F, shiny|100/100\n|-terastallize|p2b: Calyrex|Grass\n|move|p2a: Smeargle|Salt Cure|p1b: \u5996\u820d\u7cbe\u62c9\n|-damage|p1b: \u5996\u820d\u7cbe\u62c9|89/100\n|-start|p1b: \u5996\u820d\u7cbe\u62c9|Salt Cure\n|move|p2b: Calyrex|Astral Barrage|p1a: \u94f6\u91d1\u5996\u86c7|[spread] p1a,p1b\n|-damage|p1a: \u94f6\u91d1\u5996\u86c7|47/100\n|-damage|p1b: \u5996\u820d\u7cbe\u62c9|0 fnt\n|faint|p1b: \u5996\u820d\u7cbe\u62c9\n|-ability|p2b: Calyrex|Grim Neigh|boost\n|-boost|p2b: Calyrex|spa|1\n|move|p1a: \u94f6\u91d1\u5996\u86c7|Dazzling Gleam|p2b: Calyrex|[spread] p2a,p2b\n|-damage|p2a: Smeargle|2/100\n|-damage|p2b: Calyrex|57/100\n|-damage|p1a: \u94f6\u91d1\u5996\u86c7|37/100|[from] item: Life Orb\n|\n|-weather|RainDance|[upkeep]\n|-ability|p2a: Smeargle|Moody|boost\n|-boost|p2a: Smeargle|spd|2\n|-unboost|p2a: Smeargle|spe|1\n|upkeep\n|\n|t:|1771321612\n|switch|p1b: \u5c0f\u5934\u63a7\u5927\u5934|Farigiraf, L50, F, shiny|100/100\n|-enditem|p1b: \u5c0f\u5934\u63a7\u5927\u5934|Electric Seed\n|-boost|p1b: \u5c0f\u5934\u63a7\u5927\u5934|def|1|[from] item: Electric Seed\n|turn|4\n|\n|t:|1771321634\n|move|p1a: \u94f6\u91d1\u5996\u86c7|Protect|p1a: \u94f6\u91d1\u5996\u86c7\n|-singleturn|p1a: \u94f6\u91d1\u5996\u86c7|Protect\n|move|p2b: Calyrex|Giga Drain|p1a: \u94f6\u91d1\u5996\u86c7\n|-activate|p1a: \u94f6\u91d1\u5996\u86c7|move: Protect\n|move|p2a: Smeargle|Salt Cure|p1b: \u5c0f\u5934\u63a7\u5927\u5934\n|-damage|p1b: \u5c0f\u5934\u63a7\u5927\u5934|97/100\n|-start|p1b: \u5c0f\u5934\u63a7\u5927\u5934|Salt Cure\n|move|p1b: \u5c0f\u5934\u63a7\u5927\u5934|Trick Room|p1b: \u5c0f\u5934\u63a7\u5927\u5934\n|-fieldstart|move: Trick Room|[of] p1b: \u5c0f\u5934\u63a7\u5927\u5934\n|\n|-weather|RainDance|[upkeep]\n|-damage|p1b: \u5c0f\u5934\u63a7\u5927\u5934|85/100|[from] Salt Cure\n|-ability|p2a: Smeargle|Moody|boost\n|-boost|p2a: Smeargle|atk|2\n|-unboost|p2a: Smeargle|spa|1\n|upkeep\n|turn|5\n|inactive|dukeker2 has 30 seconds left.\n|\n|t:|1771321662\n|move|p2a: Smeargle|Follow Me|p2a: Smeargle\n|-singleturn|p2a: Smeargle|move: Follow Me\n|move|p1b: \u5c0f\u5934\u63a7\u5927\u5934|Psychic|p2a: Smeargle\n|-damage|p2a: Smeargle|0 fnt\n|faint|p2a: Smeargle\n|move|p1a: \u94f6\u91d1\u5996\u86c7|Draco Meteor|p2b: Calyrex|[miss]\n|-miss|p1a: \u94f6\u91d1\u5996\u86c7|p2b: Calyrex\n|move|p2b: Calyrex|Astral Barrage|p1b: \u5c0f\u5934\u63a7\u5927\u5934|[spread] p1a\n|-immune|p1b: \u5c0f\u5934\u63a7\u5927\u5934\n|-crit|p1a: \u94f6\u91d1\u5996\u86c7\n|-damage|p1a: \u94f6\u91d1\u5996\u86c7|0 fnt\n|faint|p1a: \u94f6\u91d1\u5996\u86c7\n|-ability|p2b: Calyrex|Grim Neigh|boost\n|-boost|p2b: Calyrex|spa|1\n|\n|-weather|none\n|-damage|p1b: \u5c0f\u5934\u63a7\u5927\u5934|72/100|[from] Salt Cure\n|upkeep\n|\n|t:|1771321675\n|switch|p2a: Flamigo|Flamigo, L50, F|100/100\n|switch|p1a: \u6210\u90fd\u8001\u76d6|Kyogre, L50, shiny, tera:Water|100/100\n|-weather|RainDance|[from] ability: Drizzle|[of] p1a: \u6210\u90fd\u8001\u76d6\n|-copyboost|p2a: Flamigo|p2b: Calyrex|[from] ability: Costar\n|turn|6\n|j| globalfish39\n|\n|t:|1771321694\n|move|p2b: Calyrex|Protect|p2b: Calyrex\n|-singleturn|p2b: Calyrex|Protect\n|move|p1b: \u5c0f\u5934\u63a7\u5927\u5934|Psychic|p2a: Flamigo\n|-supereffective|p2a: Flamigo\n|-damage|p2a: Flamigo|0 fnt\n|faint|p2a: Flamigo\n|move|p1a: \u6210\u90fd\u8001\u76d6|Ice Beam|p2b: Calyrex\n|-activate|p2b: Calyrex|move: Protect\n|\n|-weather|RainDance|[upkeep]\n|-damage|p1b: \u5c0f\u5934\u63a7\u5927\u5934|60/100|[from] Salt Cure\n|-fieldend|move: Electric Terrain\n|upkeep\n|turn|7\n|\n|t:|1771321703\n|move|p1b: \u5c0f\u5934\u63a7\u5927\u5934|Psychic|p2b: Calyrex\n|-damage|p2b: Calyrex|19/100\n|move|p1a: \u6210\u90fd\u8001\u76d6|Ice Beam|p2b: Calyrex\n|-supereffective|p2b: Calyrex\n|-damage|p2b: Calyrex|0 fnt\n|faint|p2b: Calyrex\n|\n|win|dasabe\u76d6\u6b27\u5361\u4fa0\n|raw|dasabe\u76d6\u6b27\u5361\u4fa0's rating: 1575 &rarr; <strong>1590</strong><br />(+15 for winning)\n|raw|dukeker2's rating: 1493 &rarr; <strong>1478</strong><br />(-15 for losing)\n|l| yubanmeiqin\n|l|\u203ddukeker2\n|player|p2|\n|l| QVQ\u6c34\u83b2Lana\n|l|\u2606dasabe\u76d6\u6b27\u5361\u4fa0\n|player|p1|\n","uploadtime":1771321880,"views":28,"formatid":"gen9vgc2026regi","rating":1478,"private":0,"password":null}