{"id":"gen9vgc2026regi-2568322632","format":"[Gen 9] VGC 2026 Reg I","players":["BreakTheShadowWall","pskire"],"log":"|j|\u2606BreakTheShadowWall\n|j|\u2606pskire\n|t:|1774566332\n|gametype|doubles\n|player|p1|BreakTheShadowWall|170|1424\n|player|p2|pskire|cynthia-masters4|1387\n|gen|9\n|tier|[Gen 9] VGC 2026 Reg I\n|rated|\n|rule|Species Clause: Limit one of each Pok\u00e9mon\n|rule|Item Clause: Limit 1 of each item\n|clearpoke\n|poke|p1|Miraidon, L50|\n|poke|p1|Iron Bundle, L50|\n|poke|p1|Lunala, L50|\n|poke|p1|Incineroar, L50, M|\n|poke|p1|Urshifu-*, L50, F|\n|poke|p1|Ursaluna, L50, F|\n|poke|p2|Calyrex-Shadow, L50|\n|poke|p2|Koraidon, L50|\n|poke|p2|Rillaboom, L50, M|\n|poke|p2|Incineroar, L50, F|\n|poke|p2|Volcarona, L50, M|\n|poke|p2|Regieleki, L50|\n|teampreview|4\npskire has agreed to open team sheets.\n|l|\u2606BreakTheShadowWall\n|player|p1|\n|j|\u2606BreakTheShadowWall\n|player|p1|BreakTheShadowWall|170|\n|\n|t:|1774566367\n|teamsize|p1|4\n|teamsize|p2|4\n|start\n|switch|p1a: Iron Bundle|Iron Bundle, L50|100/100\n|switch|p1b: Miraidon|Miraidon, L50|100/100\n|switch|p2a: Calyrex|Calyrex-Shadow, L50|100/100\n|switch|p2b: Regieleki|Regieleki, L50|100/100\n|-ability|p2a: Calyrex|As One\n|-ability|p2a: Calyrex|Unnerve\n|-fieldstart|move: Electric Terrain|[from] ability: Hadron Engine|[of] p1b: Miraidon\n|-activate|p1a: Iron Bundle|ability: Quark Drive\n|-start|p1a: Iron Bundle|quarkdrivespe\n|turn|1\n|\n|t:|1774566380\n|move|p2a: Calyrex|Protect|p2a: Calyrex\n|-singleturn|p2a: Calyrex|Protect\n|move|p1a: Iron Bundle|Icy Wind|p2b: Regieleki|[spread] p2b\n|-activate|p2a: Calyrex|move: Protect\n|-damage|p2b: Regieleki|63/100\n|-unboost|p2b: Regieleki|spe|1\n|move|p1b: Miraidon|Volt Switch|p2a: Calyrex\n|-activate|p2a: Calyrex|move: Protect\n|move|p2b: Regieleki|Electroweb|p1a: Iron Bundle|[spread] p1a,p1b\n|-supereffective|p1a: Iron Bundle\n|-resisted|p1b: Miraidon\n|-enditem|p1a: Iron Bundle|Focus Sash\n|-damage|p1a: Iron Bundle|1/100\n|-damage|p1b: Miraidon|94/100\n|-unboost|p1a: Iron Bundle|spe|1\n|-unboost|p1b: Miraidon|spe|1\n|\n|upkeep\n|turn|2\n|l|\u2606BreakTheShadowWall\n|player|p1|\n|j|\u2606BreakTheShadowWall\n|player|p1|BreakTheShadowWall|170|\n|\n|t:|1774566455\n|switch|p2b: Rillaboom|Rillaboom, L50, M|100/100\n|-fieldstart|move: Grassy Terrain|[from] ability: Grassy Surge|[of] p2b: Rillaboom\n|-end|p1a: Iron Bundle|Quark Drive\n|switch|p1b: Incineroar|Incineroar, L50, M|100/100\n|-ability|p1b: Incineroar|Intimidate|boost\n|-unboost|p2a: Calyrex|atk|1\n|-unboost|p2b: Rillaboom|atk|1\n|move|p1a: Iron Bundle|Protect|p1a: Iron Bundle\n|-singleturn|p1a: Iron Bundle|Protect\n|move|p2a: Calyrex|Astral Barrage|p1a: Iron Bundle|[spread] p1b\n|-activate|p1a: Iron Bundle|move: Protect\n|-resisted|p1b: Incineroar\n|-damage|p1b: Incineroar|79/100\n|-damage|p2a: Calyrex|91/100|[from] item: Life Orb\n|\n|-heal|p2a: Calyrex|97/100|[from] Grassy Terrain\n|-heal|p1a: Iron Bundle|7/100|[from] Grassy Terrain\n|-heal|p1b: Incineroar|85/100|[from] Grassy Terrain\n|upkeep\n|turn|3\n|\n|t:|1774566478\n|switch|p2b: Koraidon|Koraidon, L50|100/100\n|-weather|SunnyDay|[from] ability: Orichalcum Pulse|[of] p2b: Koraidon\n|-activate|p2b: Koraidon|Orichalcum Pulse|[source]\n|-terastallize|p2a: Calyrex|Dark\n|move|p2a: Calyrex|Astral Barrage|p1a: Iron Bundle|[spread] p1a,p1b\n|-resisted|p1b: Incineroar\n|-damage|p1a: Iron Bundle|0 fnt\n|-damage|p1b: Incineroar|64/100\n|faint|p1a: Iron Bundle\n|-end|p1a: Iron Bundle|Quark Drive|[silent]\n|-ability|p2a: Calyrex|Grim Neigh|boost\n|-boost|p2a: Calyrex|spa|1\n|-damage|p2a: Calyrex|87/100|[from] item: Life Orb\n|move|p1b: Incineroar|Knock Off|p2a: Calyrex\n|-resisted|p2a: Calyrex\n|-damage|p2a: Calyrex|69/100\n|-enditem|p2a: Calyrex|Life Orb|[from] move: Knock Off|[of] p1b: Incineroar\n|\n|-weather|SunnyDay|[upkeep]\n|-heal|p2a: Calyrex|75/100|[from] Grassy Terrain\n|-heal|p1b: Incineroar|70/100|[from] Grassy Terrain\n|upkeep\n|\n|t:|1774566497\n|switch|p1a: Miraidon|Miraidon, L50|94/100\n|-fieldstart|move: Electric Terrain|[from] ability: Hadron Engine|[of] p1a: Miraidon\n|turn|4\n|\n|t:|1774566507\n|switch|p2b: Rillaboom|Rillaboom, L50, M|100/100\n|-fieldstart|move: Grassy Terrain|[from] ability: Grassy Surge|[of] p2b: Rillaboom\n|-terastallize|p1a: Miraidon|Fairy\n|move|p2a: Calyrex|Protect|p2a: Calyrex\n|-singleturn|p2a: Calyrex|Protect\n|move|p1a: Miraidon|Dazzling Gleam|p2a: Calyrex|[spread] p2b\n|-activate|p2a: Calyrex|move: Protect\n|-damage|p2b: Rillaboom|75/100\n|move|p1b: Incineroar|U-turn|p2a: Calyrex\n|-activate|p2a: Calyrex|move: Protect\n|\n|-weather|SunnyDay|[upkeep]\n|-heal|p2a: Calyrex|81/100|[from] Grassy Terrain\n|-heal|p1a: Miraidon|99/100|[from] Grassy Terrain\n|-heal|p2b: Rillaboom|81/100|[from] Grassy Terrain\n|-heal|p1b: Incineroar|76/100|[from] Grassy Terrain\n|upkeep\n|turn|5\n|\n|t:|1774566537\n|move|p2b: Rillaboom|Fake Out|p1a: Miraidon\n|-damage|p1a: Miraidon|86/100\n|move|p2a: Calyrex|Astral Barrage|p1a: Miraidon|[spread] p1a,p1b\n|-resisted|p1b: Incineroar\n|-damage|p1a: Miraidon|16/100\n|-damage|p1b: Incineroar|49/100\n|cant|p1a: Miraidon|flinch\n|move|p1b: Incineroar|Flare Blitz|p2b: Rillaboom\n|-supereffective|p2b: Rillaboom\n|-damage|p2b: Rillaboom|0 fnt\n|faint|p2b: Rillaboom\n|-damage|p1b: Incineroar|23/100|[from] Recoil\n|\n|-weather|SunnyDay|[upkeep]\n|-heal|p2a: Calyrex|87/100|[from] Grassy Terrain\n|-heal|p1a: Miraidon|22/100|[from] Grassy Terrain\n|-heal|p1b: Incineroar|29/100|[from] Grassy Terrain\n|upkeep\n|\n|t:|1774566550\n|switch|p2b: Koraidon|Koraidon, L50|100/100\n|-activate|p2b: Koraidon|ability: Orichalcum Pulse\n|turn|6\n|-message|BreakTheShadowWall forfeited.\n|\n|win|pskire\n|raw|BreakTheShadowWall's rating: 1424 &rarr; <strong>1402</strong><br />(-22 for losing)\n|raw|pskire's rating: 1387 &rarr; <strong>1409</strong><br />(+22 for winning)\n","uploadtime":1774566554,"views":12,"formatid":"gen9vgc2026regi","rating":1402,"private":0,"password":null}