{"id":"gen9vgc2026regi-2538846668","format":"[Gen 9] VGC 2026 Reg I","players":["MeansJeans","blackred123"],"log":"|j|\u2606MeansJeans\n|j|\u2606blackred123\n|t:|1770984245\n|gametype|doubles\n|player|p1|MeansJeans|cilan|1244\n|player|p2|blackred123|iono-masters|1344\n|gen|9\n|tier|[Gen 9] VGC 2026 Reg I\n|rated|\n|rule|Species Clause: Limit one of each Pok\u00e9mon\n|rule|Item Clause: Limit 1 of each item\n|clearpoke\n|poke|p1|Terapagos, L50, M|\n|poke|p1|Calyrex-Shadow, L50|\n|poke|p1|Smeargle, L50, M|\n|poke|p1|Iron Hands, L50|\n|poke|p1|Chi-Yu, L50|\n|poke|p1|Tornadus, L50, M|\n|poke|p2|Calyrex-Shadow, L50|\n|poke|p2|Zamazenta-*, L50|\n|poke|p2|Roaring Moon, L50|\n|poke|p2|Maushold-Four, L50|\n|poke|p2|Weezing, L50, M|\n|poke|p2|Amoonguss, L50, M|\n|teampreview|4\n|inactive|Battle timer is ON: inactive players will automatically lose when time's up. (requested by MeansJeans)\n|inactive|blackred123 also wants the timer to be on.\n|\n|t:|1770984266\n|teamsize|p1|4\n|teamsize|p2|4\n|start\n|switch|p1a: Smeargle|Smeargle, L50, M|100/100\n|switch|p1b: Terapagos|Terapagos, L50, M|100/100\n|switch|p2a: Zamazenta|Zamazenta-Crowned, L50|100/100\n|switch|p2b: Roaring Moon|Roaring Moon, L50, shiny|100/100\n|-activate|p1b: Terapagos|ability: Tera Shift\n|detailschange|p1b: Terapagos|Terapagos-Terastal, L50, M\n|-heal|p1b: Terapagos|100/100|[silent]\n|-ability|p2a: Zamazenta|Dauntless Shield|boost\n|-boost|p2a: Zamazenta|def|1\n|-enditem|p2b: Roaring Moon|Booster Energy\n|-activate|p2b: Roaring Moon|ability: Protosynthesis|[fromitem]\n|-start|p2b: Roaring Moon|protosynthesisspe\n|turn|1\n|j| Yancy0721\u56fe\u56fe\u72ac\u4fa0\n|inactive|MeansJeans has 30 seconds left.\n|\n|t:|1770984302\n|move|p1a: Smeargle|Fake Out|p2a: Zamazenta\n|-resisted|p2a: Zamazenta\n|-damage|p2a: Zamazenta|99/100\n|move|p2b: Roaring Moon|Taunt|p1a: Smeargle\n|-start|p1a: Smeargle|move: Taunt\n|cant|p2a: Zamazenta|flinch\n|move|p1b: Terapagos|Meteor Beam||[still]\n|-prepare|p1b: Terapagos|Meteor Beam\n|-boost|p1b: Terapagos|spa|1\n|-enditem|p1b: Terapagos|Power Herb\n|-anim|p1b: Terapagos|Meteor Beam|p2b: Roaring Moon\n|-damage|p2b: Roaring Moon|39/100\n|\n|-ability|p1a: Smeargle|Moody|boost\n|-boost|p1a: Smeargle|atk|2\n|-unboost|p1a: Smeargle|spd|1\n|upkeep\n|turn|2\n|\n|t:|1770984326\n|switch|p1a: Tornadus|Tornadus, L50, M|100/100\n|move|p1b: Terapagos|Protect|p1b: Terapagos\n|-singleturn|p1b: Terapagos|Protect\n|move|p2b: Roaring Moon|Knock Off|p1b: Terapagos\n|-activate|p1b: Terapagos|move: Protect\n|move|p2a: Zamazenta|Body Press|p1b: Terapagos\n|-activate|p1b: Terapagos|move: Protect\n|\n|upkeep\n|turn|3\n|\n|t:|1770984346\n|-terastallize|p1b: Terapagos|Stellar\n|detailschange|p1b: Terapagos|Terapagos-Stellar, L50, M, tera:Stellar\n|-heal|p1b: Terapagos|100/100|[silent]\n|move|p1a: Tornadus|Tailwind|p1a: Tornadus\n|-sidestart|p1: MeansJeans|move: Tailwind\n|move|p2b: Roaring Moon|Tailwind|p2b: Roaring Moon\n|-sidestart|p2: blackred123|move: Tailwind\n|move|p2a: Zamazenta|Body Press|p1b: Terapagos\n|-supereffective|p1b: Terapagos\n|-damage|p1b: Terapagos|7/100\n|move|p1b: Terapagos|Earth Power|p2a: Zamazenta\n|-supereffective|p2a: Zamazenta\n|-damage|p2a: Zamazenta|9/100\n|\n|upkeep\n|turn|4\n|\n|t:|1770984365\n|move|p1b: Terapagos|Protect|p1b: Terapagos\n|-singleturn|p1b: Terapagos|Protect\n|move|p2a: Zamazenta|Wide Guard|p2a: Zamazenta\n|-singleturn|p2a: Zamazenta|Wide Guard\n|move|p2b: Roaring Moon|Knock Off|p1b: Terapagos\n|-activate|p1b: Terapagos|move: Protect\n|move|p1a: Tornadus|Bleakwind Storm|p2b: Roaring Moon|[spread] \n|-activate|p2a: Zamazenta|move: Wide Guard\n|-activate|p2b: Roaring Moon|move: Wide Guard\n|\n|upkeep\n|turn|5\n|\n|t:|1770984383\n|move|p2a: Zamazenta|Wide Guard|p2a: Zamazenta\n|-singleturn|p2a: Zamazenta|Wide Guard\n|move|p1a: Tornadus|Taunt|p2a: Zamazenta\n|-start|p2a: Zamazenta|move: Taunt\n|move|p2b: Roaring Moon|Knock Off|p1b: Terapagos\n|-damage|p1b: Terapagos|0 fnt\n|faint|p1b: Terapagos\n|detailschange|p1: Terapagos|Terapagos, L50, M|[silent]\n|\n|upkeep\n|\n|t:|1770984393\n|switch|p1b: Smeargle|Smeargle, L50, M|100/100\n|turn|6\n|\n|t:|1770984411\n|move|p1b: Smeargle|Fake Out|p2b: Roaring Moon\n|-damage|p2b: Roaring Moon|32/100\n|cant|p2b: Roaring Moon|flinch\n|move|p1a: Tornadus|Bleakwind Storm|p2b: Roaring Moon|[spread] p2b\n|-miss|p1a: Tornadus|p2a: Zamazenta\n|-damage|p2b: Roaring Moon|5/100\n|move|p2a: Zamazenta|Body Press|p1b: Smeargle\n|-supereffective|p1b: Smeargle\n|-enditem|p1b: Smeargle|Focus Sash\n|-damage|p1b: Smeargle|1/100\n|\n|-sideend|p1: MeansJeans|move: Tailwind\n|-sideend|p2: blackred123|move: Tailwind\n|-ability|p1b: Smeargle|Moody|boost\n|-boost|p1b: Smeargle|spa|2\n|-unboost|p1b: Smeargle|def|1\n|upkeep\n|turn|7\n|inactive|MeansJeans has 30 seconds left.\n|\n|t:|1770984444\n|move|p1b: Smeargle|Follow Me|p1b: Smeargle\n|-singleturn|p1b: Smeargle|move: Follow Me\n|move|p2b: Roaring Moon|Tailwind|p2b: Roaring Moon\n|-sidestart|p2: blackred123|move: Tailwind\n|move|p2a: Zamazenta|Heavy Slam|p1b: Smeargle\n|-damage|p1b: Smeargle|0 fnt\n|faint|p1b: Smeargle\n|move|p1a: Tornadus|Bleakwind Storm|p2b: Roaring Moon|[spread] p2a,p2b\n|-damage|p2a: Zamazenta|0 fnt\n|-damage|p2b: Roaring Moon|0 fnt\n|faint|p2a: Zamazenta\n|faint|p2b: Roaring Moon\n|-end|p2b: Roaring Moon|Protosynthesis|[silent]\n|\n|upkeep\n|\n|t:|1770984457\n|switch|p2b: Maushold|Maushold-Four, L50|100/100\n|switch|p2a: Calyrex|Calyrex-Shadow, L50|100/100\n|switch|p1b: Calyrex|Calyrex-Shadow, L50|100/100\n|-ability|p2a: Calyrex|As One\n|-ability|p2a: Calyrex|Unnerve\n|-ability|p1b: Calyrex|As One\n|-ability|p1b: Calyrex|Unnerve\n|turn|8\n|\n|t:|1770984474\n|-terastallize|p2a: Calyrex|Ghost\n|move|p2b: Maushold|Helping Hand|p2a: Calyrex\n|-singleturn|p2a: Calyrex|Helping Hand|[of] p2b: Maushold\n|move|p1b: Calyrex|Protect|p1b: Calyrex\n|-singleturn|p1b: Calyrex|Protect\n|move|p1a: Tornadus|Tailwind|p1a: Tornadus\n|-sidestart|p1: MeansJeans|move: Tailwind\n|move|p2a: Calyrex|Astral Barrage|p1a: Tornadus|[spread] p1a\n|-activate|p1b: Calyrex|move: Protect\n|-damage|p1a: Tornadus|0 fnt\n|faint|p1a: Tornadus\n|-ability|p2a: Calyrex|Grim Neigh|boost\n|-boost|p2a: Calyrex|spa|1\n|\n|upkeep\n|turn|9\n|\n|t:|1770984494\n|move|p2b: Maushold|Helping Hand|p2a: Calyrex\n|-singleturn|p2a: Calyrex|Helping Hand|[of] p2b: Maushold\n|move|p2a: Calyrex|Astral Barrage|p1b: Calyrex\n|-supereffective|p1b: Calyrex\n|-damage|p1b: Calyrex|0 fnt\n|faint|p1b: Calyrex\n|\n|win|blackred123\n|raw|MeansJeans's rating: 1244 &rarr; <strong>1226</strong><br />(-18 for losing)\n|raw|blackred123's rating: 1344 &rarr; <strong>1358</strong><br />(+14 for winning)\n|l|\u2606MeansJeans\n|player|p1|\n|l|\u2606blackred123\n|player|p2|\n|l| Yancy0721\u56fe\u56fe\u72ac\u4fa0\n","uploadtime":1770984700,"views":28,"formatid":"gen9vgc2026regi","rating":1226,"private":0,"password":null}