{"id":"gen9vgc2026regi-2521172384","format":"[Gen 9] VGC 2026 Reg I","players":["ArtianoV.","SnorlaxPikachu1"],"log":"|j|\u2606ArtianoV.\n|j|\u2606SnorlaxPikachu1\n|t:|1768742095\n|gametype|doubles\n|player|p1|ArtianoV.|dahlia|1383\n|player|p2|SnorlaxPikachu1|palmer|1420\n|gen|9\n|tier|[Gen 9] VGC 2026 Reg I\n|rated|\n|rule|Species Clause: Limit one of each Pok\u00e9mon\n|rule|Item Clause: Limit 1 of each item\n|clearpoke\n|poke|p1|Koraidon, L50|\n|poke|p1|Lunala, L50|\n|poke|p1|Ursaluna, L50, F|\n|poke|p1|Incineroar, L50, M|\n|poke|p1|Amoonguss, L50, M|\n|poke|p1|Flutter Mane, L50|\n|poke|p2|Terapagos, L50, M|\n|poke|p2|Calyrex-Shadow, L50|\n|poke|p2|Incineroar, L50, F|\n|poke|p2|Flutter Mane, L50|\n|poke|p2|Ogerpon-Cornerstone, L50, F|\n|poke|p2|Rillaboom, L50, F|\n|teampreview|4\n|inactive|Battle timer is ON: inactive players will automatically lose when time's up. (requested by ArtianoV.)\n|\n|t:|1768742108\n|teamsize|p1|4\n|teamsize|p2|4\n|start\n|switch|p1a: Koraidon|Koraidon, L50|100/100\n|switch|p1b: Flutter Mane|Flutter Mane, L50|100/100\n|switch|p2a: Flutter Mane|Flutter Mane, L50|100/100\n|switch|p2b: Ogerpon|Ogerpon-Cornerstone, L50, F|100/100\n|-weather|SunnyDay|[from] ability: Orichalcum Pulse|[of] p1a: Koraidon\n|-activate|p2a: Flutter Mane|ability: Protosynthesis\n|-start|p2a: Flutter Mane|protosynthesisspe\n|-activate|p1b: Flutter Mane|ability: Protosynthesis\n|-start|p1b: Flutter Mane|protosynthesisspe\n|-activate|p1a: Koraidon|Orichalcum Pulse|[source]\n|turn|1\n|\n|t:|1768742119\n|-terastallize|p1a: Koraidon|Fire\n|-terastallize|p2b: Ogerpon|Rock\n|detailschange|p2b: Ogerpon|Ogerpon-Cornerstone-Tera, L50, F, tera:Rock\n|-ability|p2b: Ogerpon|Embody Aspect (Cornerstone)|boost\n|-boost|p2b: Ogerpon|def|1\n|move|p1b: Flutter Mane|Icy Wind|p2a: Flutter Mane|[spread] p2a,p2b\n|-damage|p2a: Flutter Mane|87/100\n|-damage|p2b: Ogerpon|84/100\n|-unboost|p2a: Flutter Mane|spe|1\n|-unboost|p2b: Ogerpon|spe|1\n|move|p1a: Koraidon|Flame Charge|p2b: Ogerpon\n|-resisted|p2b: Ogerpon\n|-damage|p2b: Ogerpon|47/100\n|-boost|p1a: Koraidon|spe|1\n|-damage|p1a: Koraidon|91/100|[from] item: Life Orb\n|move|p2a: Flutter Mane|Thunder Wave|p1a: Koraidon\n|-status|p1a: Koraidon|par\n|move|p2b: Ogerpon|Ivy Cudgel|p1a: Koraidon|[anim] Ivy Cudgel Rock\n|-supereffective|p1a: Koraidon\n|-damage|p1a: Koraidon|0 fnt\n|faint|p1a: Koraidon\n|\n|-weather|SunnyDay|[upkeep]\n|upkeep\n|\n|t:|1768742132\n|switch|p1a: Lunala|Lunala, L50|100/100\n|turn|2\n|\n|t:|1768742148\n|-end|p1b: Flutter Mane|Protosynthesis|[silent]\n|switch|p1b: Ursaluna|Ursaluna, L50, F|100/100\n|move|p2b: Ogerpon|Spiky Shield|p2b: Ogerpon\n|-singleturn|p2b: Ogerpon|move: Protect\n|move|p2a: Flutter Mane|Taunt|p1a: Lunala\n|-start|p1a: Lunala|move: Taunt\n|cant|p1a: Lunala|move: Taunt|Trick Room\n|\n|-weather|SunnyDay|[upkeep]\n|-status|p1b: Ursaluna|brn|[from] item: Flame Orb\n|upkeep\n|turn|3\n|\n|t:|1768742172\n|switch|p1a: Flutter Mane|Flutter Mane, L50|100/100\n|-activate|p1a: Flutter Mane|ability: Protosynthesis\n|-start|p1a: Flutter Mane|protosynthesisspe\n|move|p1b: Ursaluna|Protect|p1b: Ursaluna\n|-singleturn|p1b: Ursaluna|Protect\n|move|p2a: Flutter Mane|Icy Wind|p1a: Flutter Mane|[spread] p1a\n|-activate|p1b: Ursaluna|move: Protect\n|-damage|p1a: Flutter Mane|88/100\n|-unboost|p1a: Flutter Mane|spe|1\n|move|p2b: Ogerpon|Knock Off|p1a: Flutter Mane\n|-damage|p1a: Flutter Mane|3/100\n|-enditem|p1a: Flutter Mane|Focus Sash|[from] move: Knock Off|[of] p2b: Ogerpon\n|\n|-weather|SunnyDay|[upkeep]\n|-damage|p1b: Ursaluna|95/100 brn|[from] brn\n|upkeep\n|turn|4\n|\n|t:|1768742194\n|move|p1a: Flutter Mane|Shadow Ball|p2a: Flutter Mane\n|-supereffective|p2a: Flutter Mane\n|-damage|p2a: Flutter Mane|3/100\n|move|p2a: Flutter Mane|Icy Wind|p1a: Flutter Mane|[spread] p1a,p1b\n|-crit|p1a: Flutter Mane\n|-supereffective|p1b: Ursaluna\n|-damage|p1a: Flutter Mane|0 fnt\n|-damage|p1b: Ursaluna|73/100 brn\n|-unboost|p1b: Ursaluna|spe|1\n|faint|p1a: Flutter Mane\n|-end|p1a: Flutter Mane|Protosynthesis|[silent]\n|move|p2b: Ogerpon|Ivy Cudgel|p1b: Ursaluna|[anim] Ivy Cudgel Rock\n|-resisted|p1b: Ursaluna\n|-damage|p1b: Ursaluna|45/100 brn\n|move|p1b: Ursaluna|Earthquake|p2a: Flutter Mane|[spread] p2a,p2b\n|-crit|p2a: Flutter Mane\n|-supereffective|p2b: Ogerpon\n|-damage|p2a: Flutter Mane|0 fnt\n|-damage|p2b: Ogerpon|0 fnt\n|faint|p2a: Flutter Mane\n|-end|p2a: Flutter Mane|Protosynthesis|[silent]\n|faint|p2b: Ogerpon\n|detailschange|p2: Ogerpon|Ogerpon-Cornerstone, L50, F|[silent]\n|\n|-weather|SunnyDay|[upkeep]\n|-damage|p1b: Ursaluna|39/100 brn|[from] brn\n|upkeep\n|\n|t:|1768742208\n|switch|p2a: Calyrex|Calyrex-Shadow, L50|100/100\n|switch|p1a: Lunala|Lunala, L50|100/100\n|switch|p2b: Terapagos|Terapagos, L50, M|100/100\n|-activate|p2b: Terapagos|ability: Tera Shift\n|detailschange|p2b: Terapagos|Terapagos-Terastal, L50, M\n|-heal|p2b: Terapagos|100/100|[silent]\n|-ability|p2a: Calyrex|As One\n|-ability|p2a: Calyrex|Unnerve\n|turn|5\n|\n|t:|1768742216\n|move|p1b: Ursaluna|Protect|p1b: Ursaluna\n|-singleturn|p1b: Ursaluna|Protect\n|move|p2a: Calyrex|Astral Barrage|p1a: Lunala|[spread] p1a\n|-activate|p1b: Ursaluna|move: Protect\n|-supereffective|p1a: Lunala\n|-damage|p1a: Lunala|22/100\n|move|p2b: Terapagos|Earth Power|p1a: Lunala\n|-damage|p1a: Lunala|4/100\n|move|p1a: Lunala|Trick Room|p1a: Lunala\n|-fieldstart|move: Trick Room|[of] p1a: Lunala\n|\n|-weather|none\n|-damage|p1b: Ursaluna|33/100 brn|[from] brn\n|upkeep\n|turn|6\n|inactive|ArtianoV. has 30 seconds left.\n|inactive|ArtianoV. has 20 seconds left.\n|inactive|ArtianoV. has 15 seconds left.\n|inactive|ArtianoV. has 10 seconds left.\n|inactive|ArtianoV. has 5 seconds left.\n|\n|t:|1768742271\n|move|p1b: Ursaluna|Facade|p2a: Calyrex\n|-immune|p2a: Calyrex\n|move|p1a: Lunala|Moonblast|p2b: Terapagos\n|-activate|p2b: Terapagos|ability: Tera Shell\n|-resisted|p2b: Terapagos\n|-damage|p2b: Terapagos|86/100\n|-unboost|p2b: Terapagos|spa|1\n|move|p2b: Terapagos|Tera Starstorm|p1b: Ursaluna\n|-damage|p1b: Ursaluna|3/100 brn\n|move|p2a: Calyrex|Pollen Puff|p1b: Ursaluna\n|-damage|p1b: Ursaluna|0 fnt\n|faint|p1b: Ursaluna\n|-ability|p2a: Calyrex|Grim Neigh|boost\n|-boost|p2a: Calyrex|spa|1\n|\n|-heal|p2b: Terapagos|92/100|[from] item: Leftovers\n|upkeep\n|turn|7\n|-message|ArtianoV. forfeited.\n|\n|win|SnorlaxPikachu1\n|raw|ArtianoV.'s rating: 1383 &rarr; <strong>1365</strong><br />(-18 for losing)\n|raw|SnorlaxPikachu1's rating: 1420 &rarr; <strong>1438</strong><br />(+18 for winning)\n|l|\u2606ArtianoV.\n|player|p1|\n|l|\u2606SnorlaxPikachu1\n|player|p2|\n","uploadtime":1768742447,"views":15,"formatid":"gen9vgc2026regi","rating":1365,"private":0,"password":null}